3064 4952
495 525 579 572 suuis
605 527 755 574 manuscr.
1124 508 1185 574 tea

81 663 237 732 timonem
252 677 350 757 poter
373 679 404 734 et
423 665 551 748 doctor,
575 676 608 734 et
628 667 691 757 ipsi
716 665 866 736 aChriso
894 666 1012 734 tradita
1026 675 1073 756 est
1082 667 1186 759 pleno

75 785 212 860 potestas
239 773 454 842 universalem
480 774 661 844 Ecclesiam
678 773 847 866 poscendi,
863 773 998 864 rependi
1020 787 1051 842 et
1069 775 1188 865 puber·

79 879 189 962 nardi,
225 891 329 973 potest
354 883 498 975 prolecto
529 883 655 972 legibus
684 893 716 950 et
745 883 915 973 praeceptis
944 883 1011 951 auis
1041 882 1188 953 subditos

78 988 190 1081 absque
208 1013 325 1061 eornm
348 993 451 1062 bbere
470 992 687 1084 acceptatione
702 991 817 1081 ligare.
834 990 927 1073 Quod
944 992 972 1059 si
987 1014 1053 1060 non
1068 1003 1186 1083 posset,

78 1096 191 1164 nedum
211 1098 313 1190 pleno
328 1109 410 1168 esset
426 1099 528 1192 ipsius
542 1109 700 1192 potestas,
717 1123 803 1168 vana
817 1121 951 1192 prorsus
967 1099 1050 1168 foret
1063 1109 1094 1168 et
1109 1100 1187 1170 illn-

78 1205 165 1272 soria.
181 1243 226 1258 -
239 1206 321 1276 ltem
343 1231 402 1276 ncc
421 1230 539 1276 verum
563 1217 646 1276 esset
661 1206 747 1276 istud
772 1207 900 1276 concilii
915 1206 1097 1276 Tridentini
1108 1207 1188 1276 etla-

79 1319 158 1397 tnm,
188 1313 341 1382 Romano
371 1312 523 1382 Pontifici
550 1323 735 1406 competere
760 1337 950 1406 supremam
974 1317 1008 1384 in
1035 1317 1189 1387 universa

77 1417 211 1489 Ecclesia
233 1429 435 1512 potestatem.
460 1421 556 1490 Unde
580 1423 663 1491 sicut
682 1422 836 1491 illusisset
852 1423 949 1493 Petro
962 1423 1111 1494 Christus
1125 1425 1188 1517 ipsi

78 1523 232 1597 dicendo:
257 1529 377 1620 poteris
398 1530 433 1596 in
458 1529 630 1599 universos
658 1529 746 1620 leges
772 1530 875 1618 ferre3
903 1531 960 1600 sed
983 1533 1111 1624 legibus
1124 1535 1188 1602 tuis

79 1655 134 1700 uon
163 1635 376 1727 subjicientur
403 1636 465 1704 nisi
494 1636 551 1728 qui
585 1637 764 1724 voluerint3
794 1639 839 1706 ita
881 1639 974 1708 uobis
1008 1641 1190 1710 illusissent

78 1742 204 1813 concilia
223 1744 364 1834 plenum
391 1744 483 1812 illam
512 1745 655 1814 Romani
683 1744 851 1814 Pontificio
880 1755 981 1816 totam
1010 1749 1186 1818 Ecclesiam

78 1849 202 1939 rependi
226 1863 258 1918 et
283 1851 488 1942 pubensaudi
507 1861 697 1944 potestatem
719 1853 914 1935 asserentia,
933 1854 959 1921 si
974 1855 1189 1924 intendissent

80 1967 196 2028 tantum
218 1959 377 2030 Romanae
404 1961 566 2030 cathedre
592 1962 733 2029 tribuere
758 1960 845 2051 leges
865 1963 1069 2054 proponendi
1084 1965 1188 2034 tacul-

79 2075 179 2136 tatem

114 2177 281 2262 Probatur
297 2182 330 2245 5·
346 2215 391 2232 -·
407 2181 463 2248 Ea
485 2179 558 2270 t'psa
583 2178 661 2270 lepis
684 2179 833 2247 essentia.
854 2217 899 2232 -
914 2181 984 2248 Lex
1007 2181 1097 2248 enim
1122 2203 1189 2249 non

78 2281 187 2354 dicitur
208 2285 274 2353 nisi
293 2294 452 2355 statutum
476 2286 608 2379 aliquod
634 2288 801 2376 obligans;
825 2311 884 2356 neo
907 2289 1081 2357 escendam
1107 2290 1189 2379 legis

78 2389 165 2460 babet
180 2401 342 2462 statutum
363 2402 418 2462 aut
432 2402 633 2486 preceptum
655 2394 898 2487 quodcumque,
914 2397 1032 2464 nisiex
1048 2419 1086 2465 eo
1100 2397 1187 2490 qnod

78 2497 303 2589 obligatorium
330 2501 384 2570 sit.
416 2501 480 2584 Qui
511 2511 639 2571 tautum
664 2524 845 2594 proponere
867 2513 971 2595 potest
990 2504 1115 2594 legem,
1132 2504 1187 2574 sed

78 2629 135 2674 non
159 2609 310 2678 conterre
332 2608 380 2678 illi
397 2610 564 2701 obligandi
584 2611 672 2699 vim,
697 2613 862 2701 legistator
883 2623 1022 2682 nonest.
1040 2617 1190 2706 Praecep-

79 2728 152 2800 tum,
177 2721 375 2788 aitsanctus
399 2718 606 2807 Augustinus
631 2716 664 2807 ll.
685 2718 742 2805 Ill,
760 2718 801 2786 de
814 2719 931 2788 Libero
951 2721 1049 2808 Aah„
1070 2745 1097 2790 c.
1118 2726 1186 2812 24),

78 2848 136 2894 noa
150 2841 195 2896 cst
210 2827 255 2896 ab
267 2826 323 2895 illo
337 2826 391 2894 cui
398 2825 612 2917 precipitur,
628 2823 735 2894 sedat
750 2825 808 2894 illo
824 2826 1053 2919 qoipreczptt.

116 2935 150 3004 Si
163 2936 198 3004 in
226 2933 426 3027 quibusdam
451 2933 658 3002 societatibus
673 2933 825 3003 civilibus
838 2935 989 3027 princeps
1002 2959 1067 3005 non
1085 2946 1189 3030 potest

78 3042 140 3112 sine
165 3065 328 3113 consensu
357 3041 496 3133 alicujus
521 3052 652 3109 senatus
677 3041 728 3110 vel
754 3043 851 3110 totius
872 3044 986 3135 populi
1001 3047 1191 3136 congregati

78 3151 280 3242 obligatorias
299 3151 384 3220 ferre
408 3151 513 3240 leges,
542 3150 617 3218 inde
632 3160 698 3240 est,
715 3153 872 3243 quianon
886 3153 921 3219 in
937 3153 1008 3244 ipso
1023 3155 1091 3223 solo
1107 3158 1188 3224 resi-

79 3259 125 3329 det
149 3274 292 3357 potestas
320 3263 519 3354 legislativa,
550 3263 605 3331 sed
637 3264 670 3330 in
697 3263 899 3350 collectione,
933 3264 966 3331 id
987 3274 1051 3350 est,
1069 3265 1188 3355 inipso

79 3371 169 3440 umal
192 3383 227 3442 et
242 3381 357 3442 senatu
376 3375 428 3443 vel
443 3383 508 3442 toto
523 3372 656 3465 populo.
673 3373 717 3440 At
738 3395 814 3441 vero
828 3373 959 3464 quando
973 3396 992 3439 a
1006 3373 1188 3462 legislativa

80 3489 226 3567 potestate
248 3483 327 3571 (sive
348 3481 405 3549 illa
431 3483 465 3548 in
490 3504 558 3550 uno
583 3479 760 3550 monarcha
776 3479 923 3567 resideat,
940 3481 1054 3548 sivein
1071 3481 1188 3550 collec-

80 3585 157 3656 tione
170 3589 292 3681 aliqus)
311 3590 375 3658 lata
388 3599 436 3656 est
451 3589 505 3657 lex
520 3597 550 3658 et
565 3589 702 3676 sancita,
723 3589 794 3680 jam
812 3610 876 3655 uon
892 3587 1011 3678 pendet
1021 3588 1062 3657 ab
1075 3611 1187 3681 accep-

79 3698 188 3766 tatione
202 3697 419 3789 cujusquam;
435 3697 580 3788 alioquin
595 3719 660 3766 non
675 3705 758 3764 esset
771 3696 836 3763 lex.
863 3695 951 3785 Ergo
967 3697 996 3764 si
1009 3697 1097 3787 Papa
1111 3720 1187 3766 vere

79 3803 185 3875 habeat
200 3815 392 3898 potestatem
408 3807 642 3897 legislativum,
659 3807 775 3875 habeat
788 3827 918 3874 necesse
933 3815 981 3873 eat
997 3815 1186 3897 potestatem

79 3913 250 4006 obligandi,
267 3918 388 4009 absque
404 3914 611 3986 subditorum
626 3915 854 4006 acceptatione.

117 4026 197 4108 Qua
221 4027 369 4119 probatio
395 4028 441 4095 sia
463 4026 611 4096 contrahi
632 4034 762 4118 potest:
787 4025 840 4094 lex
859 4027 994 4095 omnino
1010 4026 1188 4117 pendensa

80 4133 280 4226 subditorum
308 4135 526 4226 acceptatione
540 4145 576 4204 ut
591 4133 724 4223 obliget,
741 4142 790 4201 est
807 4134 861 4203 lex
877 4157 941 4202 non
956 4133 1078 4223 ligeum
1097 4137 1189 4228 atqui

82 4245 128 4314 lex
142 4273 207 4318 non
221 4251 327 4341 ligans
340 4273 407 4320 non
423 4261 471 4318 est
485 4251 556 4335 lex;
573 4259 604 4317 et
618 4257 781 4339 repugnet
796 4249 829 4314 in
842 4246 992 4314 terminis
1002 4246 1106 4336 legem
1122 4271 1187 4316 non
