3064 4952
515 533 598 580 innrs
620 534 770 581 canonici.
933 583 935 588 ,
1138 515 1198 581 tta

85 669 254 738 Pontificis
285 670 477 758 diversum,
517 671 760 742 consideranda
788 679 864 740 suut
897 673 984 763 leges
1013 675 1202 768 hujusmodi

84 777 305 868 synodorum,
336 801 400 849 non
423 788 585 872 quatenus
609 803 629 848 a
656 780 803 849 llomano
831 781 930 850 simul
958 781 1112 852 Pontifice
1144 783 1203 853 tir-

84 895 193 974 matae‚
222 886 278 956 sad
303 896 462 980 quatenus
482 912 501 956 a
524 888 591 958 sola
611 887 737 980 synodo
757 887 974 977 sancirentur,
994 891 1115 983 absque
1136 892 1202 960 ullo

83 994 219 1085 capitis,
237 995 353 1083 idest,
370 997 492 1066 summi
506 995 658 1065 Ecclesiae
674 997 810 1088 pastoris
832 997 1029 1068 interventu.
1055 999 1099 1068 Ut
1114 1001 1201 1070 enim

82 1101 257 1172 concilium
279 1105 428 1194 generale
457 1106 574 1173 marito
595 1103 708 1173 haberi
734 1105 836 1196 possit
862 1113 1017 1198 tanquam
1033 1106 1106 1176 fons
1118 1107 1203 1199 juris

81 1213 230 1280 canonici
260 1211 450 1299 distinctus,
479 1213 657 1304 requiritur
688 1221 725 1282 ut
751 1235 809 1305 per
837 1237 931 1282 suam
960 1214 1065 1284 solam
1083 1225 1115 1284 ct
1140 1217 1203 1286 sibi

80 1321 249 1412 propriam
278 1321 502 1393 auctoritatem
529 1320 602 1389 latis
628 1343 648 1387 a
675 1342 710 1389 se
734 1321 913 1391 canonibus
942 1323 1008 1392 vim
1036 1324 1204 1416 obligandi

82 1429 226 1499 tribuere
243 1431 365 1522 possit;
383 1431 460 1522 quia
472 1431 500 1498 si
516 1453 656 1499 oauones
669 1431 859 1501 consiliaros
875 1433 940 1500 vim
966 1455 1032 1502 non
1047 1433 1200 1521 habeant,

81 1538 142 1606 nisi
165 1546 327 1630 quatenus
348 1538 392 1606 ita
411 1537 552 1608 voluerit
578 1540 750 1609 Romanus
768 1540 947 1627 Pontifex,
977 1549 1065 1633 patet
1089 1565 1155 1612 non
1185 1567 1204 1612 a

81 1647 248 1716 voluntate
261 1646 395 1715 Petrum
411 1645 565 1740 synodice
575 1647 814 1734 adunatorum,
830 1649 885 1718 sed
901 1671 921 1716 a
938 1649 1103 1720 voluntate
1116 1651 1204 1719 Pon-

81 1757 184 1826 tificia
195 1765 298 1826 totum
314 1756 454 1849 pendere
467 1758 579 1848 legum
594 1757 824 1849 synodicarum
838 1759 951 1829 robur.
969 1759 1115 1842 Quaestio
1125 1783 1204 1850 ergo

80 1865 119 1933 ad
138 1866 204 1936 bos
224 1865 408 1935 reducenda
433 1875 480 1936 est
501 1865 684 1936 terminos:
703 1869 805 1958 possit
828 1889 929 1936 necne
944 1867 1090 1959 synodus
1113 1892 1204 1938 cecu-

81 1975 208 2043 menica
227 1975 315 2064 leges
337 1973 538 2044 universales
562 1996 637 2042 cum
663 1973 697 2045 vi
719 1973 886 2064 obligandi
913 1976 1051 2046 condere
1082 1978 1204 2070 ubsque

80 2081 222 2152 Romani
246 2081 411 2151 Pontificis
437 2081 650 2150 auctoritate?
675 2080 778 2150 Porro
806 2081 907 2174 hujus
935 2085 1126 2174 questionis
1141 2085 1203 2155 du-

80 2190 154 2280 plex
186 2211 290 2282 caque
318 2187 454 2258 celebris
480 2198 569 2258 extat
598 2187 717 2257 solutio
735 2216 742 2254 :
760 2188 862 2258 altera
891 2191 1011 2260 seilicet
1035 2191 1203 2281 gallicana

82 2299 252 2390 opinionis
273 2321 348 2390 quaa
369 2297 534 2384 affirmat,
561 2297 683 2389 reliqui
711 2297 827 2366 mundi
858 2298 1113 2368 catholicialtora
1128 2324 1202 2392 quae
1279 2323 1283 2329 ’

81 2417 188 2498 negat.
214 2407 342 2476 Falsam
355 2416 452 2499 atque
465 2404 703 2498 reprobandam
725 2429 794 2474 esse
810 2406 1002 2496 gallicanam
1028 2407 1068 2478 de
1093 2409 1154 2477 bac
1168 2433 1203 2478 re

80 2517 268 2606 opinionem
291 2539 351 2584 suo
374 2515 445 2584 loeo
473 2515 543 2583 fuse
564 2513 803 2582 ostendemus:
833 2537 892 2605 pro
915 2516 1069 2607 praesenti
1093 2524 1202 2587 autem

80 2647 199 2716 scopo,
229 2624 362 2692 minime
387 2645 515 2692 necesse
542 2621 746 2711 estingredi
771 2623 1025 2691 controversiam
1049 2622 1138 2693 illam
1161 2626 1201 2694 de

80 2733 208 2801 concilii
223 2733 413 2800 oecumenici
440 2731 573 2799 relative
592 2728 634 2798 ad
650 2729 835 2798 Romanum
851 2729 1041 2800 Pontificem
1067 2733 1201 2804 inferio-

80 2845 171 2910 ritate
185 2848 243 2910 aut
258 2841 503 2933 superioritate;
520 2839 576 2908 sed
592 2837 689 2907 ctiam
705 2839 825 2908 intacto
840 2849 872 2908 et
888 2841 1025 2908 transire
1041 2863 1101 2932 pro
1114 2866 1200 2913 nunc

79 2950 237 3042 permisso
252 2949 411 3040 gallicano
425 2955 615 3040 systemate,
632 2946 840 3016 ostendemus
852 2949 986 3017 omnino
1002 2950 1200 3020 concludan-

79 3061 169 3149 dum,
179 3087 200 3130 a
213 3063 339 3154 synodo
350 3062 549 3132 aecumenica
558 3062 638 3130 oriri
656 3080 861 3150 nequaquam
872 3081 967 3151 posse
976 3059 1098 3152 absque
1111 3061 1200 3130 Pon-

79 3169 185 3240 tificiae
200 3171 400 3240 auctoritatis
415 3169 533 3262 placito
558 3193 651 3238 veras
665 3178 697 3238 et
711 3167 891 3256 obligantes
910 3166 1008 3256 leges.
1027 3168 1110 3237 Nam
1122 3171 1196 3259 gal-

77 3281 172 3348 licani
196 3281 231 3349 id
253 3287 378 3348 tantum
399 3279 577 3363 sustinent,
603 3275 823 3369 opinationem
850 3295 943 3342 suam
959 3297 1025 3342 non
1042 3273 1140 3344 luisse
1156 3277 1196 3344 ab

78 3389 221 3458 Feclesia
233 3388 433 3474 damnatam,
450 3385 507 3454 sed
522 3409 615 3477 posse
629 3386 714 3454 licite
731 3383 895 3450 sustineri.
914 3381 1079 3450 Caeterum
1091 3383 1198 3452 liben-

78 3505 124 3565 ter
148 3497 291 3564 fatentur
314 3495 495 3564 doctrinam
523 3494 705 3584 oppositam
732 3513 801 3559 esse
828 3489 949 3579 pariter
973 3489 1094 3559 licitam
1108 3493 1193 3562 etde

79 3604 160 3674 lacto
180 3605 222 3672 ab
247 3602 429 3672 innumeris
456 3600 575 3670 scholia
588 3609 619 3668 et
641 3599 829 3669 doctoribus
845 3595 992 3682 defeudi;
1010 3597 1091 3666 inid
1105 3600 1194 3669 scili·

79 3725 123 3782 cet
152 3712 327 3783 intendunt
355 3713 443 3781 vires
455 3762 464 3799 ,
497 3719 533 3779 ut
562 3709 700 3801 probent
730 3729 801 3776 eam
831 3727 896 3773 uon
926 3726 996 3772 esse
1015 3708 1195 3777 necessario

78 3819 337 3914 amplexandam,
355 3831 388 3888 et
409 3841 478 3888 rem
498 3827 598 3886 totam
624 3816 737 3884 liberta
757 3813 942 3883 scholarum
961 3817 1191 3884 conboversiac

78 3929 181 3998 adbuc
208 3929 249 3998 ab
276 3928 419 3998 Ecclesia
446 3926 603 4019 permitti.
637 3924 740 3992 Porro
753 3921 756 3932 '
769 3922 879 4012 etiarn
896 3943 937 3989 ex
957 3920 1018 3990 hoc
1033 3921 1193 4012 gallicano

79 4047 245 4127 systemate
266 4037 350 4104 sica
371 4036 476 4127 seipso
496 4032 671 4111 declarato,
688 4031 836 4120 rigorose
861 4028 1021 4119 sequitur,
1044 4050 1191 4099 oecume-

81 4147 182 4214 nicam
217 4145 379 4237 synodum
419 4144 554 4212 minime
583 4164 675 4232 posse
706 4140 827 4232 absque
859 4137 998 4206 Romani
1026 4137 1193 4208 Pontificis

81 4257 262 4322 auctoritate
287 4255 374 4342 legas
401 4251 484 4319 ullas
502 4252 684 4338 obligantes
705 4250 840 4315 sancire.
860 4246 1090 4336 Supponatbus
1104 4251 1190 4319 enirn
