3048 4954
546 525 629 572 tunrs
652 525 802 572 canonici.
1048 493 1051 511 ¹
1170 505 1228 570 ltt

114 665 204 734 enim
221 665 329 734 verbis
349 663 414 733 duo
428 665 601 734 ediderunt
621 665 768 757 Apostoli
784 671 947 755 praccepta
966 661 1050 754 juris
1064 663 1233 732 ecclesias-

115 773 194 860 tici,
216 797 274 843 sau
299 773 382 843 duos
404 795 563 842 canones:
585 781 769 842 statuerunt
784 794 901 862 nempe
916 773 1022 862 primo
1037 769 1233 863 prohibitio-

115 905 193 950 nem
221 883 262 950 ab
282 905 340 952 esu
365 883 536 973 sanguinis
560 890 592 951 et
616 881 782 968 sulimati5
798 879 939 950 secundo
961 880 1143 950 facultatem
1169 902 1235 948 non

116 991 270 1060 servandi
286 991 389 1060 ullum
404 991 493 1061 aliud
516 991 742 1061 caeremoniale
757 998 955 1084 preceptum
976 990 1057 1082 legis
1074 991 1233 1060 mosaice.

164 1098 325 1167 Praeterea
348 1099 451 1191 capite
477 1103 518 1167 20
545 1101 687 1170 Actuum
719 1099 950 1192 Apostolorum
980 1119 1131 1189 expresse
1158 1098 1236 1166 dicit

115 1213 248 1274 sanctus
262 1205 385 1274 Paulus
399 1259 408 1293 ‚
435 1207 644 1298 Episcoposa
665 1205 792 1298 Spiritu
815 1213 925 1274 sancto
944 1205 1066 1297 positos
1079 1205 1179 1274 fuisse
1193 1206 1235 1274 ad

116 1313 294 1404 regendam
318 1315 493 1384 Ecclesiam
523 1316 594 1384 Dei.
619 1317 758 1407 Insuper
780 1315 814 1382 in
837 1315 971 1406 epistola
998 1315 1105 1405 prima
1118 1313 1159 1382 ad
1173 1314 1234 1382 Ti-

118 1420 308 1511 motheum,
325 1424 427 1514 capite
445 1428 484 1512 5,
499 1423 622 1514 legitur
642 1422 730 1491 istud
752 1430 952 1516 preceptum
979 1445 1035 1490 scu
1049 1429 1205 1490 statutum
1225 1449 1233 1490 ε

118 1528 278 1598 Adversas
291 1530 518 1622 presbyteram
526 1531 765 1599 accusationem
778 1530 847 1599 noli
854 1530 993 1621 recipcre
1003 1529 1067 1598 rani
1078 1530 1137 1598 snb
1152 1528 1236 1598 dito-

120 1637 179 1705 dns
193 1650 255 1706 aut
269 1637 372 1706 tribas
388 1638 531 1708 testibrn.
555 1638 596 1706 Et
610 1639 645 1706 in
659 1635 772 1707 eudem
789 1638 938 1730 epistola,
962 1638 1064 1729 capite
1081 1642 1113 1725 3,
1131 1637 1235 1706 babe-

119 1752 175 1812 tur
200 1745 288 1813 aliud
308 1753 465 1815 statutum
492 1769 558 1838 quo
589 1745 783 1838 prohibetur
810 1745 975 1814 ordinatio
1003 1747 1232 1835 bigamorum:

123 1857 260 1945 Oportet
285 1855 471 1947 episcopum
495 1879 559 1925 csse
587 1856 685 1936 unius
705 1857 818 1925 acoris
843 1857 963 1926 viram.
983 1856 1034 1924 Ex
1048 1855 1099 1924 bis
1121 1865 1152 1924 ct
1166 1857 1237 1925 aliis

120 1985 223 2030 sacra
248 1961 427 2053 Scriptura
439 1965 592 2033 'textibus
606 1973 744 2052 constat,
761 1988 830 2032 asse
845 1965 879 2032 in
894 1965 1037 2032 Ecclesia
1050 1974 1239 2056 potestatem

122 2071 271 2140 fidelium
296 2082 415 2144 coetum
440 2074 568 2163 legibus
589 2097 626 2142 ac
644 2074 815 2166 preceptis
840 2073 974 2164 regendi
995 2082 1091 2167 atque
1114 2075 1238 2164 guber-

122 2178 237 2247 nandi.

167 2293 200 2355 2·
223 2289 384 2358 Probatur
409 2291 506 2358 etiam
530 2291 649 2360 invicte
674 2291 821 2359 unanimi
845 2290 1020 2360 traditione
1038 2300 1070 2360 et
1084 2302 1240 2384 perpetua

120 2397 274 2466 Ecclesiae
305 2398 411 2490 praxi.
443 2398 503 2466 llla
527 2408 636 2467 autem
661 2397 832 2468 traditione
860 2407 892 2466 et
918 2399 1012 2489 praxi
1037 2399 1117 2468 adeo
1144 2400 1240 2492 plena

121 2516 202 2576 sunt
227 2515 437 2577 monumenta
458 2507 690 2596 ecclesiastica,
714 2518 750 2576 ut
771 2507 886 2576 inutile
906 2530 1039 2599 prorsus
1057 2510 1146 2577 sitin
1161 2510 1239 2578 cita-

122 2614 228 2682 tiones
254 2637 440 2684 excurrere.
465 2615 666 2707 Aperiantur
692 2617 895 2686 collectiones
920 2616 1150 2706 conciliorum,
1180 2641 1239 2687 vo-

121 2721 251 2792 lumina
272 2721 407 2791 Patruus
423 2729 455 2790 et
479 2722 625 2793 historica
640 2723 882 2811 ecclesiasticae,
910 2731 942 2792 et
963 2723 1084 2816 ubique
1099 2727 1240 2818 reperie-

121 2837 177 2896 tur
209 2838 361 2922 tanquam
392 2828 512 2920 dogma
538 2830 579 2899 ab
607 2831 759 2901 omnibus
786 2831 950 2901 catholicis
979 2831 1183 2920 admissum,
1209 2843 1241 2904 ct

122 2946 279 3030 tanquam
305 2938 427 3008 lactum
452 2939 643 3009 historicum
671 2947 826 3032 perpetuo
853 2940 993 3028 durans,
1023 2941 1078 3009 illa
1101 2950 1241 3034 potestas

123 3046 278 3116 Ecclesia
312 3047 513 3140 presidens,
549 3056 580 3116 et
613 3047 724 3118 fideles
751 3049 879 3140 legibus
907 3071 1024 3140 regens
1052 3058 1083 3118 et
1119 3051 1242 3140 guber-

125 3177 221 3224 nans.

172 3266 205 3330 3·
228 3261 389 3332 Probatur
411 3265 573 3356 expressis
592 3263 848 3333 definitionibus.
876 3251 963 3333 Satis
983 3266 1025 3333 sit
1051 3287 1169 3358 paucas
1190 3268 1243 3337 hic

125 3373 327 3462 indigitasse.
353 3372 536 3442 Concilium
559 3373 783 3442 Florentinum
809 3371 920 3441 definit
936 3371 976 3440 de
1000 3373 1101 3465 Papa,
1125 3375 1189 3466 ipsi
1209 3378 1244 3444 in

127 3480 222 3548 beato
238 3483 336 3548 Petro
342 3481 512 3571 pascendi,
530 3481 663 3571 rependi
677 3493 708 3548 ct
723 3480 928 3571 padernandi
941 3480 1158 3550 universalem
1178 3486 1243 3552 Ec-

127 3590 260 3659 clesiam
276 3592 453 3660 a'Dontino
464 3594 583 3660 Nostro
592 3595 666 3660 lesa
683 3592 813 3660 Christo
821 3592 959 3683 planam
965 3604 1163 3683 potestatem
1173 3607 1243 3661 tra·

126 3699 236 3768 ditum
249 3721 323 3767 csse.
339 3699 520 3769 Concilium
536 3700 778 3786 Trideutiuum,
797 3723 874 3768 sess.
894 3702 947 3786 ll,
963 3723 1033 3791 cap.
1060 3705 1097 3768 7:
1127 3703 1243 3771 Merito

129 3806 301 3898 Pontifices
314 3807 467 3889 macinii,
482 3830 545 3898 pro
556 3829 710 3899 suprema
719 3818 882 3898 potestate
889 3807 952 3876 siti
962 3808 997 3875 in
1012 3807 1156 3876 Ecclesia
1168 3810 1243 3876 nni-

128 3939 223 3984 uersa
245 3916 382 3998 tradita,
399 3939 515 3986 causas
530 3917 659 4008 aliquas
681 3916 859 3986 criminum
873 3917 1039 4008 proniores
1054 3941 1111 3986 sao
1120 3931 1245 4010 potac-

129 4036 208 4092 rnnt
231 4023 397 4116 peculiari
411 4023 542 4116 judicio
566 4047 739 4093 reservare.
768 4026 849 4093 Item
871 4025 1053 4094 Concilium
1078 4023 1245 4094 Tridenti-

133 4154 227 4218 num,
243 4153 322 4200 sess.
340 4138 374 4217 7,
387 4155 460 4202 can.
475 4137 492 4198 7
505 4162 511 4202 :
524 4132 565 4202 Si
578 4133 650 4224 qais
664 4132 785 4202 dicarat
800 4133 982 4226 baptizatos
995 4133 1111 4201 liberos
1126 4156 1189 4202 esse
1203 4135 1245 4204 ab

133 4241 284 4312 omnibns
298 4255 417 4312 sancta
424 4242 574 4312 Ecclesia
582 4245 763 4336 praeceptis,
782 4265 855 4334 qua
864 4244 917 4312 vel
925 4244 1045 4334 scripta
1060 4245 1113 4311 vel
1121 4244 1246 4319 tradita
