3022 4950
523 512 606 562 runis
628 513 780 562 canonici.
1169 493 1207 560 li

140 651 258 724 nodio
282 655 574 742 secerneremur,
597 653 630 724 id
651 663 699 724 est
710 655 801 746 jussa
823 661 855 722 et
869 651 1087 724 ordinationes
1113 675 1218 724 seua-1

99 773 215 834 torum.

23 863 24 868 ¹
139 873 252 944 Secuta
268 873 373 944 edicto
388 883 575 966 protorum
594 871 653 966 qui
673 869 896 964 juridicendo
923 880 1098 963 preerunt,
1125 873 1213 964 quod

99 991 128 1051 et
136 984 188 1076 Jus
200 983 416 1052 honorarium
433 993 585 1052 vocatum
602 989 662 1052 est.

23 1093 24 1120 ³
139 1091 315 1184 Postquam
341 1091 524 1185 respublica
546 1112 723 1160 romonum
741 1078 974 1182 in'imperium
998 1094 1124 1158 mutotc
1149 1097 1210 1178 est,

23 1259 24 1268 ,
98 1209 352 1292 supervenerunt
364 1200 433 1292 juri
447 1197 693 1268 constinctr'oncs
709 1221 765 1267 seu
778 1197 905 1290 placita
920 1196 1120 1288 principum.

23 1317 24 1356 ³
138 1309 304 1402 Principes
329 1317 441 1378 autem
465 1307 707 1400 jurisconsultis
728 1305 896 1376 licentium
921 1305 1140 1399 respondendi
1155 1331 1213 1378 so-

98 1417 286 1488 lemniorem
313 1427 553 1506 concesserunt,
570 1426 602 1488 et
617 1418 695 1488 hinc
709 1439 861 1510 resporua
871 1415 1087 1510 pmdcrrtum,
1102 1441 1122 1487 a
1135 1419 1210 1512 qrri-

98 1527 153 1595 bns
163 1527 267 1618 judici
278 1527 428 1598 recedere
444 1549 511 1596 non
524 1527 654 1598 licebat.

136 1634 326 1706 llemoratis
337 1635 469 1727 juribus
481 1657 558 1704 cum
579 1657 729 1705 successu
744 1636 901 1728 temporis
916 1635 980 1705 alia
999 1642 1032 1704 ct
1046 1635 1109 1704 elia
1123 1658 1213 1705 sem-

99 1765 151 1835 per
168 1743 369 1832 accederent,
397 1741 432 1812 in
450 1743 653 1812 immensum
681 1743 826 1812 excrevit
850 1765 965 1812 eorum
988 1743 1110 1823 moles;
1132 1743 1212 1814 adeo

99 1861 130 1920 ut
144 1852 209 1921 duo
224 1875 307 1945 pene
324 1851 428 1921 millio
440 1851 603 1922 librorum
617 1850 802 1944 implerent.

137 1959 373 2030 Reductionem
395 1960 465 2051 jam
493 1958 668 2028 meditatus
689 1969 758 2027 erat
776 1957 884 2029 lulius
904 1958 1030 2048 Cessar3
1052 1959 1108 2029 sed
1130 1961 1212 2030 fecto

98 2077 141 2136 est
155 2078 282 2139 tantum
300 2069 361 2140 enh
381 2067 528 2138 Adriano
544 2067 752 2161 imperatore,
774 2068 830 2160 qui
852 2065 955 2137 edicto
975 2076 1157 2160 praetorum
1176 2071 1211 2138 in

100 2199 197 2246 nuum
222 2177 378 2246 volumen
399 2183 552 2265 congestu
572 2174 714 2244 edictum
736 2187 934 2267 perpetuum
948 2175 1088 2245 vocavit.
1113 2175 1212 2247 Edic-

98 2293 164 2354 tum
192 2287 253 2356 hcc
282 2285 528 2356 commentariis
556 2284 764 2354 illustrarunt
797 2284 1002 2377 Papiriauus,
1037 2285 1207 2377 Ulpianus,

98 2393 227 2484 Paulus,
256 2396 368 2482 Gaius,
399 2393 548 2464 Scaevols
575 2402 607 2462 et
625 2393 681 2462 ulii
705 2393 974 2486 jurisprudentiae
997 2394 1133 2465 historie
1155 2418 1208 2466 ce·

98 2501 208 2572 lehrcs.

137 2611 360 2702 Promulgatae
390 2621 501 2704 postea
529 2611 571 2680 ab
607 2611 759 2704 Augusto
787 2619 818 2680 et
844 2612 1081 2684 successorihus
1110 2615 1211 2686 varie

100 2721 349 2810 comtitntiones,
367 2744 441 2813 quae
457 2744 477 2790 a
491 2720 654 2812 Gregorio
667 2729 700 2790 et
714 2720 920 2814 Hermogene
939 2721 1094 2812 collectae,
1118 2721 1211 2794 codi-

100 2851 143 2899 ces
159 2832 379 2924 &spondanus
393 2841 425 2900 et
437 2832 722 2923 Hormoqonionus
737 2831 832 2902 dictae
846 2841 935 2902 sunt.

139 2940 235 3008 Anno
258 2939 380 3009 Christi
407 2943 467 3008 ddl
495 2939 674 3032 imperator
698 2939 900 3010 Theodosius
921 2941 1032 3011 minor
1051 2943 1211 3011 constitu·
1265 2991 1267 2997 .

102 3047 197 3116 tiones
209 3048 411 3141 principum,
435 3047 599 3140 precipue
613 3047 880 3135 christianorum,
897 3071 964 3118 uno
982 3048 1150 3118 volumine
1165 3059 1212 3120 est

101 3155 299 3248 complexus,
314 3155 371 3247 qui
386 3153 487 3224 codes
504 3153 742 3226 Theodosiacus
756 3164 901 3226 vocatur.

139 3261 286 3332 Tandem
301 3262 480 3355 imperator
493 3261 711 3352 lastinianus,
735 3285 821 3334 enno
846 3263 968 3333 Christi
988 3263 1115 3335 circiter
1131 3270 1207 3356 5³3,

98 3363 147 3456 jus
160 3371 366 3458 universum,
383 3393 425 3439 ex
440 3377 530 3440 tento
545 3371 708 3441 librorum
730 3393 870 3441 numero
892 3372 927 3440 in
948 3379 1074 3442 certum
1100 3373 1210 3467 quod-

101 3477 173 3546 dam
189 3501 307 3571 corpns
321 3480 420 3549 variis
433 3479 526 3549 libris
537 3480 727 3550 distinctum
748 3481 894 3572 redegit;
921 3490 952 3550 ct
971 3480 1043 3552 haec
1061 3492 1108 3552 est
1129 3485 1211 3554 cele-

100 3583 164 3652 hris
178 3586 233 3654 illa
248 3586 391 3657 collectio
405 3611 481 3680 quae
507 3587 685 3658 hodiedum
707 3589 769 3657 sub
790 3589 924 3658 nomine
949 3591 1103 3682 Corporis
1117 3592 1211 3683 juris

101 3694 199 3764 coitis
222 3697 357 3765 romoni
376 3719 446 3789 prae
468 3697 623 3766 ornnium
645 3697 913 3790 jurisperitorum
936 3699 1089 3768 manibus
1109 3709 1208 3769 extet.

102 3801 331 3895 Compiletorcs
352 3804 444 3873 luere
467 3803 704 3892 Trebonianos,
728 3804 971 3893 Constantinus,
997 3805 1210 3898 Theophilus,

102 3907 291 3998 Dorotheus,
314 3921 346 3980 ct
360 3911 416 3980 alii
432 3911 654 4004 praeclariores
665 3912 902 4004 jurisconsulti,
918 3935 1062 4005 quorum
1077 3916 1212 3984 nomino

102 4017 295 4106 referuntur,
313 4019 383 4111 lege
410 4021 515 4089 Tanto
542 4021 613 4112 Ἀθ
640 4023 720 4106 Qus
745 4021 870 4104 omnio,
898 4021 936 4092 C.
961 4021 1001 4091 do
1022 4024 1211 4116 octerijure

105 4129 201 4196 emet.

144 4236 271 4307 llortuo
294 4237 491 4326 lustiniono,
520 4259 586 4307 non
608 4259 727 4332 perum
749 4237 927 4307 imminuta
945 4247 993 4307 est
1016 4240 1212 4312 collectionis
