3068 4948
246 461 307 526 300
600 483 773 529 reserares
797 483 835 528 oe
859 483 1012 530 versurus

243 621 335 709 dam,
360 623 544 694 Romanum
565 621 767 710 Pontificem,
785 630 818 691 et
832 643 897 689 uou
913 622 1102 713 Episcopus,
1117 621 1282 709 adierunt,
1303 621 1368 692 nisi

243 731 320 823 quia
345 732 478 800 minime
500 731 692 802 dubitabant
713 739 856 800 sanctam
880 728 998 800 Ssdem
1025 752 1119 822 posse
1141 729 1181 800 de
1200 731 1370 800 beneficiis

244 841 438 934 disponere?

288 948 447 1039 Objicitur
468 971 534 1018 non
557 971 687 1040 paucos,
711 948 837 1038 Anglos
862 948 1059 1039 praesertim,
1083 947 1160 1016 buie
1187 947 1370 1039 pontificiae

244 1055 442 1126 auctoritatis
462 1055 616 1125 exercitio
637 1055 808 1124 obstitisse.
828 1093 871 1108 -
885 1057 930 1124 At
943 1053 1104 1147 numquid
1120 1077 1208 1148 saepe
1223 1065 1255 1124 et
1270 1055 1371 1148 Epis-

244 1187 399 1256 coporum
420 1173 451 1234 et
475 1172 593 1232 sanetae
613 1161 706 1232 Sedis
727 1164 905 1234 certissimo
924 1164 993 1255 juri
1016 1187 1082 1232 nou
1103 1164 1292 1234 resistitur?
1313 1168 1371 1234 An

242 1272 319 1341 inde
330 1274 385 1364 jus
403 1272 485 1342 illud
502 1271 629 1342 nullum
643 1295 712 1341 esse
725 1272 876 1341 concludi
895 1295 1028 1366 aequum
1044 1276 1118 1341 est‘t
1132 1273 1285 1342 Geuuirm
1298 1273 1371 1344 bis-

243 1381 335 1451 toriae
361 1389 571 1452 monumenta
593 1381 650 1474 qui
675 1381 880 1472 perpenderit
902 1380 1038 1468 videbit,
1055 1403 1121 1450 non
1137 1382 1241 1473 ipsam
1257 1392 1371 1474 potes-

245 1499 342 1560 tatem
368 1489 524 1558 beneficia
546 1485 733 1557 conferendi
760 1485 801 1556 ad
825 1488 1044 1558 resistendum
1076 1512 1282 1583 provocasse,
1311 1495 1369 1562 sed

243 1598 365 1668 abusus
380 1600 551 1692 quosdam,
568 1601 637 1693 qui,
653 1600 695 1668 ob
711 1599 930 1668 humanarum
946 1621 1056 1670 rerum
1079 1599 1302 1690 fragilitatem,
1320 1605 1369 1670 ir-

244 1716 413 1797 repserant
429 1709 462 1776 in
478 1707 690 1777 concedendis
704 1705 886 1797 presertim
899 1707 1120 1798 expectativis.
1143 1735 1160 1772 a
1183 1707 1369 1776 Pontifieiis

249 1842 265 1880 a
289 1815 375 1884 bisce
395 1815 680 1900 reservationibus,
698 1814 1103 1906 iuquitRiganti(1ureg.
1121 1817 1149 1902 1,
1168 1816 1224 1906 §a
1242 1837 1276 1882 n.
1296 1817 1366 1904 12).

249 1951 266 1988 a
290 1924 449 1993 obsecutae
476 1933 553 1993 sunt
580 1923 727 1992 nationes
754 1944 880 2009 omnes,
908 1923 1070 2015 quandiu,
1099 1931 1227 1994 servata
1253 1925 1371 2014 regula

249 2059 266 2096 a
289 2031 367 2100 boui
381 2042 412 2100 et
425 2033 524 2124 equi,
541 2039 597 2101 aut
614 2031 813 2123 pauperibus
829 2039 885 2100 aut
900 2030 1064 2123 indigenis
1079 2030 1235 2100 beneficia
1250 2031 1369 2102 distri-

250 2173 266 2210 a
288 2145 483 2214 buebuutur.
509 2143 572 2214 Sed
594 2143 739 2211 restitere
763 2142 878 2232 Angli,
895 2141 975 2210 dum
990 2163 1104 2212 earum
1121 2143 1368 2233 provinciarum
1399 2213 1401 2218 ,

249 2281 267 2319 a
289 2277 366 2344 opes
390 2252 510 2323 deterri
535 2251 688 2321 videbant
707 2251 742 2318 iu
767 2249 914 2336 ltaliam;
943 2257 974 2318 et
990 2273 1105 2320 rursus
1127 2251 1280 2320 obstitere
1295 2259 1368 2319 tum

249 2389 265 2429 c
289 2363 390 2452 Angli
408 2372 476 2431 tum
492 2359 640 2452 Hispani,
658 2382 734 2428 eum
748 2383 767 2427 a
781 2357 993 2428 Pontificibus
1011 2357 1181 2428 Avenione
1195 2359 1368 2429 residenti-

247 2497 264 2534 a
287 2469 361 2556 bus,
383 2469 571 2538 bominibus
590 2467 691 2537 Gallis
714 2490 773 2536 sua
796 2464 974 2535 sacerdotia
997 2467 1140 2537 conferri
1160 2468 1320 2538 viderent.
1348 2498 1364 2535 »

245 2577 488 2668 Exspectativas
501 2576 632 2645 sustulit
646 2574 821 2644 concilium
834 2574 1073 2644 Tridentinum.

290 2684 392 2753 Porro
411 2693 542 2753 centum
564 2684 649 2753 terre
673 2683 768 2750 aunis
793 2691 866 2750 ante
882 2681 971 2750 illam
993 2682 1157 2775 synodum
1172 2683 1252 2752 Pius
1267 2685 1309 2771 11,
1327 2686 1368 2753 de

247 2791 365 2858 iisdem
388 2815 464 2860 cum
486 2792 620 2884 reliquis
634 2790 790 2860 abusibus
805 2789 967 2876 tollendis,
986 2791 1020 2859 in
1034 2791 1228 2860 consistorio
1244 2792 1367 2862 delibe-

246 2905 385 2966 raverat.
422 2896 566 2989 (Cardia.
599 2897 778 2991 Pupiensis,
815 2897 908 2988 epist.
943 2901 996 2986 92,
1027 2907 1058 2966 et
1086 2897 1291 2990 Raynaldus,
1325 2900 1366 2970 ad

245 3028 321 3073 auu.
348 3007 456 3096 1464.)
488 3005 541 3074 Ad
573 3006 770 3097 objectiones
802 3003 991 3096 hujusmodi
1014 3013 1134 3097 praesto
1161 3029 1289 3098 semper
1319 3017 1367 3077 est

246 3113 440 3206 praeclarum
468 3114 521 3183 Pii
549 3115 595 3184 Vl
625 3115 748 3184 dietum
782 3143 789 3183 ι
821 3119 1019 3184 Potestatem
1052 3115 1268 3206 desmdimus,
1301 3141 1365 3185 non

246 3224 395 3293 abusum.
420 3223 534 3310 Porro,
563 3225 598 3292 in
621 3225 801 3317 quaestioue
817 3223 856 3292 de
873 3231 1026 3315 potestate
1047 3223 1130 3314 ipsa,
1148 3225 1365 3294 certissimum

245 3334 449 3404 mendacium
472 3343 531 3420 est,
555 3335 675 3403 saeculo
697 3334 890 3404 duodecimo
906 3334 1125 3403 introductam
1142 3333 1365 3404 fraudulenter

245 3443 345 3511 fuisse
360 3440 541 3512 doctrinam
550 3441 590 3510 de
599 3442 674 3532 jure
688 3442 852 3533 pontificio
867 3443 900 3510 iu
916 3439 1120 3512 conferendis
1136 3442 1301 3511 beneficiis
1313 3466 1364 3510 ec·
1396 3478 1402 3491 ·

246 3549 440 3634 clesiasticb,
457 3571 515 3617 nec
526 3549 581 3641 jus
594 3549 674 3619 illud
690 3557 784 3618 autea
799 3549 964 3619 Romanos
980 3549 1153 3618 Pontifices
1169 3551 1362 3620 exercuisse.

290 3655 356 3726 Sed
379 3657 507 3724 etiamsi
534 3679 649 3726 verum
673 3665 756 3726 esset
781 3665 855 3724 ante
875 3656 1046 3725 duodecim
1061 3657 1219 3726 saeculum
1240 3657 1365 3728 Roma·

246 3789 305 3835 nos
328 3763 501 3833 Pontifices
520 3774 709 3858 potestatem
731 3766 814 3834 bauo
837 3789 903 3835 non
923 3766 1120 3855 exercuisse,
1145 3790 1209 3836 non
1225 3768 1303 3837 inde
1316 3793 1365 3838 se·

245 3882 399 3967 queretur
426 3873 516 3941 illam
534 3897 602 3942 esse
621 3875 667 3942 eis
689 3873 925 3963 denegandum.
952 3875 1164 3966 Quocumque
1180 3876 1268 3944 enim
1285 3885 1364 3946 tem-

246 4003 323 4072 pore
354 3979 478 4048 dictum
507 3978 562 4070 jus
592 4000 742 4048 exercere
776 3992 996 4072 opportunum
1033 3981 1203 4070 duxerint,
1236 3982 1366 4052 invictis

246 4085 446 4176 argumentis
471 4084 526 4177 jus
551 4083 634 4153 illud
658 4094 745 4154 certo
769 4085 814 4154 cis
840 4086 1034 4156 vindicatur.
1066 4086 1147 4170 Quae
1173 4098 1365 4180 arguments

249 4218 336 4266 nune
351 4191 543 4286 exponenda
560 4193 706 4264 veniunt.
