3068 4948
570 513 653 601 rpms
675 515 825 562 canumet.
1196 493 1258 560 285

138 675 261 746 nempe
278 651 390 722 multae
410 653 644 723 beneficiorum
666 654 852 723 collationes
877 654 1097 723 decernuntur
1114 653 1262 724 Romano

140 763 292 832 Pontifici
312 770 499 850 reservata,
515 773 626 832 sancta
640 761 740 833 Sedes
756 773 947 856 potestatem
963 787 1058 834 suam
1074 765 1257 834 excesserit.

142 875 179 938 ³⁰
198 873 252 939 An
274 871 396 961 regutae
420 871 619 940 cancellariae
645 873 714 942 vim
743 872 823 964 legis
848 873 1040 942 universalis
1066 873 1261 942 habeantet

142 980 288 1049 fontibus
305 979 389 1070 juria
409 979 555 1048 canonici
579 981 644 1048 sint
664 979 934 1049 annumeranda.
956 986 988 1048 t·
1011 982 1064 1048 An
1078 981 1260 1049 etiamnum

142 1087 257 1176 vigere
276 1087 446 1156 censenda
472 1088 548 1176 sint,
565 1097 596 1157 et
616 1087 694 1180 quid
713 1088 818 1179 quoad
841 1088 979 1157 Galliam
1002 1085 1262 1158 concludendum

142 1194 305 1266 videatur.

605 1321 749 1393 CAPUT
773 1323 799 1390 i.

240 1509 310 1562 oute
334 1509 400 1556 stur
423 1509 550 1556 REGULAE
571 1508 786 1556 canentum
810 1509 848 1554 ΕΤ
870 1507 992 1564 QUANDO
1016 1507 1162 1554 ΙΝΝῙΕὝΕ.

191 1701 325 1792 Reguiae
362 1700 562 1770 cancellarie
599 1699 752 1768 dicuntur
786 1700 940 1792 quasdem
981 1700 1109 1770 decretu
1147 1700 1268 1792 quibus

143 1810 271 1878 summi
294 1808 467 1878 Pontifices
489 1808 559 1898 regi
578 1808 751 1876 voluerunt
770 1808 996 1878 cancellariam
1020 1829 1212 1894 romanam,
1237 1820 1268 1876 et

144 1918 266 2010 quibus
281 1919 416 2010 insuper
430 1940 495 1988 uon
512 1939 615 2008 pauca
630 1917 693 1984 alia
713 1939 773 2007 pro
794 1925 861 1986 toto
876 1917 955 1986 orbe
970 1917 1129 1988 catholico
1149 1937 1269 1986 sanxe-

145 2035 236 2096 runt.

197 2143 340 2211 «Hodie
373 2143 573 2214 cancellarie
611 2142 734 2232 regula
772 2150 989 2210 numerantur
1019 2147 1077 2228 723
1110 2145 1143 2211 in
1172 2167 1266 2236 quas,

151 2277 169 2316 a
192 2261 312 2342 prater
327 2259 474 2335 ceteros,
488 2249 742 2320 commentarios
765 2249 894 2340 scripsit
913 2250 1067 2318 emnium
1083 2251 1268 2320 uberrimos

152 2367 288 2450 eatque
322 2358 604 2444 accuratissimos,
637 2368 667 2424 et
703 2365 844 2446 quatuor
882 2357 980 2424 tomis
1016 2357 1268 2448 comprehensus

152 2493 169 2530 a
191 2467 332 2536 ioannes
347 2465 493 2556 Baptista
517 2465 721 2554 Rigantius»
742 2465 882 2552 (Devoti,
903 2465 1134 2554 Prolepamena
1155 2465 1190 2533 in
1207 2469 1269 2558 jus

148 2577 354 2654 canonicam,
374 2594 445 2662 cap.
463 2571 555 2662 20‚§
579 2575 622 2658 7).

197 2718 213 2756 a
237 2691 307 2762 Sub
327 2689 487 2764 Pentiflce
508 2689 633 2758 Joanne
652 2687 759 2772 xxu,
776 2689 846 2778 qui,
865 2689 1033 2756 Aveniane
1055 2688 1212 2776 residens,
1228 2692 1268 2760 ab
1362 2677 1367 2685 ’

154 2825 169 2862 a
193 2801 373 2868 ann01316
388 2819 490 2887 usque
503 2797 543 2864 cd
556 2817 681 2866 annum
697 2798 781 2863 taes
794 2795 1020 2886 pontificatum
1036 2795 1155 2881 tenuit,
1167 2797 1269 2890 scrip-

154 2931 170 2972 «
194 2916 243 2976 tas
266 2906 414 2998 primum
439 2905 540 2974 fuisse
561 2904 774 2994 vulgatasque
798 2902 999 2972 cancellarie
1026 2904 1169 2993 regulas,
1193 2907 1270 2974 satis

154 3041 171 3080 a
194 3021 329 3082 constat.
348 3011 507 3094 Quamvis
526 3013 614 3080 enim
632 3009 672 3078 da
686 3010 877 3078 cancellaria
890 3010 1077 3102 apostolica,
1097 3033 1215 3104 nempe
1231 3013 1271 3080 de

155 3151 172 3186 c
195 3123 278 3208 loen,
310 3123 345 3188 in
374 3143 441 3211 que
470 3120 588 3188 litteras
622 3119 738 3207 gratiae
767 3126 800 3185 et
832 3117 968 3209 justitie
1001 3117 1269 3210 expediebantur,

155 3257 171 3296 a
196 3229 408 3300 meminerint
434 3229 559 3296 summi
587 3226 760 3296 Pontifices
787 3226 907 3295 Lucius
936 3227 979 3294 ΙΙΙ
1007 3235 1040 3294 et
1051 3227 1273 3297 ’Innocentius

155 3367 172 3404 a
196 3338 310 3406 itidem
331 3337 377 3404 111
399 3336 443 3422 (in
467 3357 537 3426 cap.
563 3333 614 3404 Ad
636 3334 705 3403 hec
730 3344 761 3401 et
781 3355 849 3425 seq.
868 3331 907 3401 de
930 3335 1123 3424 iteres-span
1147 3345 1178 3402 et
1199 3357 1269 3426 cap.

156 3475 172 3510 a
198 3450 362 3524 Porrecta,
389 3441 428 3512 de
452 3443 702 3534 confirmatione
730 3441 829 3521 utili,·
858 3450 890 3507 et
911 3462 983 3532 cap.
1008 3444 1042 3523 4,
1063 3439 1104 3508 de
1128 3442 1274 3510 omine

156 3583 172 3620 a
193 3555 301 3645 lamp
318 3561 350 3620 et
362 3552 516 3643 quemvis
529 3551 592 3620 sub
607 3548 886 3622 vice-cancellaria
900 3547 1057 3614 officiales
1070 3549 1273 3616 cancellarie

158 3689 173 3726 a
197 3664 296 3729 etiam
310 3659 472 3745 adessent,
487 3658 672 3749 praesertim
688 3658 862 3746 scriptores
873 3654 924 3741 (de
936 3653 1056 3744 quibus
1073 3653 1159 3722 idem
1175 3655 1274 3725 lunu—

158 3795 173 3833 α
196 3769 334 3851 centius,
350 3767 383 3834 iu
399 3789 425 3834 c.
449 3767 532 3834 Cum
547 3765 693 3844 dilectus,
708 3764 747 3831 de
761 3761 883 3831 clericis
897 3783 961 3828 non
977 3757 1100 3851 resia),
1118 3785 1155 3830 ec
1175 3763 1273 3832 etiam

158 3903 174 3941 a
197 3876 436 3946 abbreviatores
450 3884 482 3942 et
496 3874 674 3963 registrum
686 3901 739 3952 ...ς
755 3882 898 3942 attamen
915 3892 981 3938 non
995 3869 1119 3958 regulis
1132 3871 1272 3962 seriptis,

159 4017 172 4042 ν
199 3984 254 4052 sed
275 3983 344 4052 solo
363 3982 448 4072 stylo
464 3981 509 4071 (1)
525 3989 557 4048 et
572 3982 658 4047 vivae
675 3981 763 4048 vocis
783 3979 914 4047 oraculo
935 3977 1194 4068 expediebantur
1214 4001 1275 4048 ne-

190 4175 223 4236 (t)
239 4172 324 4237 stylus
337 4169 420 4222 Curiae
433 4185 479 4220 seu
493 4169 629 4221 tribunatia
641 4167 736 4218 dicitur
754 4167 846 4218 raudus
865 4165 1026 4232 procedendi
1039 4165 1083 4231 qui
1097 4167 1123 4216 iu
1140 4173 1277 4221 consuetu.

162 4253 244 4308 dinem
261 4251 370 4305 transiit.
