3022 4950
562 511 643 560 simtu
664 509 815 558 cultorum.

574 843 718 916 CAPUT
745 844 804 914 Vl.

475 1055 513 1104 DE
540 1055 615 1103 sunu
642 1055 735 1104 clvmr
762 1053 866 1102 norro.

172 1273 388 1346 Addisccndae
416 1298 579 1347 canonum
605 1275 749 1344 scientiar
773 1275 862 1344 danti
892 1296 1039 1368 operam,
1068 1296 1134 1344 non
1158 1273 1248 1342 utilis

129 1391 272 1469 tantum,
301 1381 357 1451 scd
378 1391 409 1454 et
429 1383 607 1454 necessaria
634 1392 682 1452 est
709 1380 859 1476 aliqualis
879 1379 1010 1474 dejure
1036 1380 1124 1450 civili
1145 1380 1245 1449 notio.

128 1489 245 1559 Plures
265 1491 355 1559 enim
380 1492 468 1582 leges
487 1491 600 1560 civiles
612 1491 746 1560 luerunt
762 1490 803 1558 ab
820 1489 960 1558 Ecclesia
975 1488 1186 1574 canonizatus,
1215 1485 1246 1556 id

127 1605 187 1685 est,
210 1605 368 1692 tanquam
391 1600 478 1692 leges
500 1600 664 1670 canonicas
687 1595 815 1692 abipsa
831 1606 967 1691 receptu
990 1605 1022 1666 ct
1045 1596 1247 1666 universitati

129 1705 282 1776 fidelium
299 1705 474 1802 impositae.
505 1707 654 1778 Occurrit
681 1714 840 1799 prrstereu
862 1705 1016 1798 frequens
1035 1703 1124 1797 apud
1145 1727 1248 1774 cano-

127 1814 283 1884 nistusad
299 1839 417 1910 corpus
434 1817 520 1909 juris
545 1815 651 1886 civilis
674 1837 839 1903 recursus,
855 1823 892 1884 ut
917 1813 1122 1907 disciplinam
1146 1813 1246 1883 eccle-

127 1923 291 1994 siasticam
317 1925 494 2012 illustrent,
517 1935 550 1996 et
574 1925 756 1996 doctrinam
784 1945 879 1994 suam
906 1925 945 1994 de
967 1923 1119 2017 pluribus
1134 1923 1248 2014 magni

128 2034 452 2108 momentimateriis
466 2035 613 2106 fulciant.
637 2035 783 2108 Utuntur
801 2043 832 2104 et
857 2034 1004 2104 haeretici
1026 2035 1249 2104 monumentis

19 2217 20 2226 χ
124 2143 210 2234 juris
224 2141 344 2230 civilis,
369 2152 406 2212 nt
417 2166 519 2237 prava
538 2164 597 2215 sua
612 2145 731 2239 placita
745 2153 859 2216 contra
873 2167 987 2214 veram
1001 2143 1122 2216 Christi
1137 2143 1248 2214 Eccle-

19 2271 20 2274 ’
127 2253 209 2322 siam
241 2262 395 2345 urgeant3
436 2279 580 2348 quornm
609 2257 817 2328 confutandis
843 2255 1009 2326 erroribus
1037 2255 1145 2347 impar
1172 2255 1245 2342 erit,

19 2365 20 2430 3
126 2361 329 2454 quicumque
342 2363 525 2432 summaria
542 2365 657 2436 saltem
673 2366 714 2436 de
729 2366 805 2458 jure
820 2363 908 2436 civili
931 2362 1062 2432 notione
1075 2363 1168 2433 viam
1184 2361 1246 2431 sibi

127 2491 194 2538 non
204 2467 394 2561 patefecerit
406 2469 446 2539 ad
462 2469 641 2563 detegenda
655 2473 690 2542 in
709 2473 853 2544 lontibus
867 2473 949 2565 ipsis
962 2470 1247 2542 fraudulentarum

127 2577 377 2647 conclusionum
401 2587 597 2654 commenta.
616 2580 773 2650 Caecutiat
787 2589 945 2674 practerea
959 2601 1087 2650 necesse
1100 2588 1148 2649 est
1163 2580 1248 2649 circa

127 2685 309 2779 disciplina
324 2687 545 2758 ecclesiasticas
567 2691 746 2782 genuinam
767 2690 939 2761 historiam
958 2697 988 2759 at
1002 2688 1159 2776 indolem,
1175 2689 1246 2782 qui,

128 2802 246 2862 mntnc
260 2817 327 2864 sese
343 2818 401 2888 per
417 2797 522 2867 multa
532 2799 652 2868 srecula
666 2806 929 2890 compenetrante
938 2796 1144 2890 legislatione
1158 2796 1248 2866 civili

125 2909 158 2969 et
171 2901 402 2992 ecclesiastica,
419 2906 591 2976 nesciverit
608 2905 648 2976 de
663 2915 800 3000 utruque
815 2906 961 2998 prudens
973 2904 1136 2997 judicium
1154 2905 1248 2972 insti-

126 3019 230 3096 tuere,
248 3018 281 3079 et
296 3011 427 3105 utrique
442 3015 575 3111 propria
590 3014 771 3084 vindicare.

173 3144 190 3182 a
206 3117 293 3186 Hinc
306 3141 408 3211 penca
424 3119 476 3190 hic
490 3120 615 3215 dejure
631 3122 694 3192 isto
709 3121 836 3192 tradere
862 3145 927 3190 non
948 3122 1006 3190 abs
1019 3144 1055 3191 re
1076 3121 1144 3189 lore
1158 3120 1247 3188 exis-

129 3250 145 3288 a
169 3225 382 3306 timavimus;
403 3250 493 3314 nam,
509 3227 654 3320 ignorari
669 3229 725 3300 illa
736 3229 931 3298 acanonista
942 3227 1149 3320 (aitPichler,
1166 3228 1247 3296 Pro-

129 3359 145 3396 α
167 3331 250 3422 leg„
266 3355 299 3402 n.
321 3333 386 3424 ³0),
403 3335 456 3404 cui
472 3337 588 3428 ingens
602 3337 840 3407 commercium
855 3359 931 3406 cum
945 3335 1019 3428 jure
1035 3333 1125 3404 civili
1141 3334 1246 3403 intor-

23 3471 24 3474 ¹
130 3468 147 3506 a
169 3443 267 3530 cedit,
284 3451 390 3536 turpe,
408 3446 475 3513 imo
491 3445 630 3516 noxium
647 3444 743 3514 foret.
764 3471 780 3510 »

661 3747 730 3840 pr.

531 3937 599 3989 luris
616 3937 697 3990 civilia
711 3935 837 3989 delinitio.

174 4151 192 4190 a
215 4124 275 4194 lus
290 4123 385 4194 civile
400 4123 446 4194 sic
462 4133 566 4217 potest
586 4125 718 4196 deliniri
737 4136 808 4196 :cst
826 4127 880 4218 jus
905 4125 1084 4218 positivum
1103 4125 1245 4194 anctori-

131 4259 146 4296 α
170 4240 235 4300 tate
251 4232 413 4325 principis
428 4233 480 4306 vel
496 4233 707 4324 magistratus
729 4233 897 4306 saeculuris
912 4233 1081 4306 conditum
1103 4231 1144 4302 ad
1163 4231 1246 4325 poli·
