<?xml version="1.0" encoding="UTF-8"?>
<!DOCTYPE html PUBLIC "-//W3C//DTD XHTML 1.0 Transitional//EN"
    "http://www.w3.org/TR/xhtml1/DTD/xhtml1-transitional.dtd">
<html xmlns="http://www.w3.org/1999/xhtml" xml:lang="en" lang="en">
 <head>
  <title>
</title>
<meta http-equiv="Content-Type" content="text/html;charset=utf-8" />
  <meta name='ocr-system' content='tesseract 3.04.00' />
  <meta name='ocr-capabilities' content='ocr_page ocr_carea ocr_par ocr_line ocrx_word'/>
</head>
<body>
  <div class='ocr_page' id='page_1' title='image "./tractatusdeprin00bouigoog_0251.png"; bbox 0 0 3064 4952; ppageno 0'>
   <div class='ocr_carea' id='block_1_1' title="bbox 206 405 971 489">
    <p class='ocr_par' dir='ltr' id='par_1_1' title="bbox 206 405 971 489">
     <span class='ocr_line' id='line_1_1' title="bbox 206 405 971 489; baseline 0.021 -16"><span class='ocrx_word' id='word_1_1' title='bbox 206 405 269 474; x_wconf 76' lang='grc'><strong>236</strong></span> <span class='ocrx_word' id='word_1_2' title='bbox 560 438 736 489; x_wconf 66' lang='grc' dir='ltr'>τκιοτιτυε</span> <span class='ocrx_word' id='word_1_3' title='bbox 757 441 796 488; x_wconf 81' lang='lat' dir='ltr'><strong>os</strong></span> <span class='ocrx_word' id='word_1_4' title='bbox 818 440 971 488; x_wconf 79' lang='lat' dir='ltr'><strong>rumonus</strong></span> 
     </span>
    </p>
   </div>
   <div class='ocr_carea' id='block_1_2' title="bbox 206 571 1336 3070">
    <p class='ocr_par' dir='ltr' id='par_1_2' title="bbox 206 571 1325 774">
     <span class='ocr_line' id='line_1_2' title="bbox 206 571 1325 678; baseline 0.013 -40"><span class='ocrx_word' id='word_1_5' title='bbox 206 571 248 639; x_wconf 89' lang='lat' dir='ltr'><strong>sit</strong></span> <span class='ocrx_word' id='word_1_6' title='bbox 275 571 361 642; x_wconf 88' lang='lat' dir='ltr'><strong>intra</strong></span> <span class='ocrx_word' id='word_1_7' title='bbox 386 581 511 648; x_wconf 71' lang='lat' dir='ltr'><strong>ceruam</strong></span> <span class='ocrx_word' id='word_1_8' title='bbox 538 580 703 672; x_wconf 78' lang='lat' dir='ltr'><strong>quoddam</strong></span> <span class='ocrx_word' id='word_1_9' title='bbox 731 589 873 676; x_wconf 86' lang='lat' dir='ltr'><strong>tempus,</strong></span> <span class='ocrx_word' id='word_1_10' title='bbox 902 604 962 676; x_wconf 87' lang='lat' dir='ltr'><strong>pro</strong></span> <span class='ocrx_word' id='word_1_11' title='bbox 990 581 1146 652; x_wconf 79' lang='lat' dir='ltr'><strong>distentia</strong></span> <span class='ocrx_word' id='word_1_12' title='bbox 1164 583 1325 678; x_wconf 83' lang='lat' dir='ltr'><strong>cujusque</strong></span> 
     </span>
     <span class='ocr_line' id='line_1_3' title="bbox 207 683 474 774; baseline 0.034 -25"><span class='ocrx_word' id='word_1_13' title='bbox 207 683 474 774; x_wconf 77' lang='lat' dir='ltr'><strong>computandum.</strong></span> 
     </span>
    </p>

    <p class='ocr_par' dir='ltr' id='par_1_3' title="bbox 207 790 1330 1975">
     <span class='ocr_line' id='line_1_4' title="bbox 250 790 1324 893; baseline 0.01 -33"><span class='ocrx_word' id='word_1_14' title='bbox 250 790 324 860; x_wconf 87' lang='lat' dir='ltr'><strong>Jam</strong></span> <span class='ocrx_word' id='word_1_15' title='bbox 353 816 432 865; x_wconf 86' lang='lat' dir='ltr'><strong>vero</strong></span> <span class='ocrx_word' id='word_1_16' title='bbox 452 797 527 868; x_wconf 89' lang='lat' dir='ltr'><strong>talis</strong></span> <span class='ocrx_word' id='word_1_17' title='bbox 548 808 597 868; x_wconf 89' lang='lat' dir='ltr'><strong>est</strong></span> <span class='ocrx_word' id='word_1_18' title='bbox 610 801 830 893; x_wconf 85' lang='lat' dir='ltr'><strong>promulgatio</strong></span> <span class='ocrx_word' id='word_1_19' title='bbox 843 803 957 872; x_wconf 73' lang='lat' dir='ltr'><strong>Roma</strong></span> <span class='ocrx_word' id='word_1_20' title='bbox 977 810 1104 872; x_wconf 81' lang='lat' dir='ltr'><strong>tantum</strong></span> <span class='ocrx_word' id='word_1_21' title='bbox 1116 801 1214 893; x_wconf 82' lang='lat' dir='ltr'><strong>iacta,</strong></span> <span class='ocrx_word' id='word_1_22' title='bbox 1231 810 1269 871; x_wconf 89' lang='lat' dir='ltr'><strong>ut</strong></span> <span class='ocrx_word' id='word_1_23' title='bbox 1282 801 1324 872; x_wconf 89' lang='lat' dir='ltr'><strong>de</strong></span> 
     </span>
     <span class='ocr_line' id='line_1_5' title="bbox 207 899 1324 1004; baseline 0.014 -40"><span class='ocrx_word' id='word_1_24' title='bbox 207 899 279 990; x_wconf 87' lang='lat' dir='ltr'><strong>ipsa</strong></span> <span class='ocrx_word' id='word_1_25' title='bbox 299 901 441 992; x_wconf 88' lang='lat' dir='ltr'><strong>cognitio</strong></span> <span class='ocrx_word' id='word_1_26' title='bbox 462 905 505 975; x_wconf 86' lang='lat' dir='ltr'><strong>ad</strong></span> <span class='ocrx_word' id='word_1_27' title='bbox 525 931 638 978; x_wconf 89' lang='lat' dir='ltr'><strong>omnes</strong></span> <span class='ocrx_word' id='word_1_28' title='bbox 651 909 767 980; x_wconf 86' lang='lat' dir='ltr'><strong>mundi</strong></span> <span class='ocrx_word' id='word_1_29' title='bbox 784 911 942 980; x_wconf 83' lang='lat' dir='ltr'><strong>Ecclesias</strong></span> <span class='ocrx_word' id='word_1_30' title='bbox 956 918 1154 1004; x_wconf 78' lang='lat' dir='ltr'><strong>perventura</strong></span> <span class='ocrx_word' id='word_1_31' title='bbox 1168 911 1220 979; x_wconf 89' lang='lat' dir='ltr'><strong>sit.</strong></span> <span class='ocrx_word' id='word_1_32' title='bbox 1237 910 1324 980; x_wconf 89' lang='lat' dir='ltr'><strong>Nam</strong></span> 
     </span>
     <span class='ocr_line' id='line_1_6' title="bbox 209 1005 1325 1088; baseline 0.014 -17"><span class='ocrx_word' id='word_1_33' title='bbox 209 1005 343 1077; x_wconf 91' lang='lat' dir='ltr'><strong>omnino</strong></span> <span class='ocrx_word' id='word_1_34' title='bbox 363 1009 457 1080; x_wconf 83' lang='lat' dir='ltr'><strong>facile</strong></span> <span class='ocrx_word' id='word_1_35' title='bbox 471 1021 521 1082; x_wconf 85' lang='lat' dir='ltr'><strong>est</strong></span> <span class='ocrx_word' id='word_1_36' title='bbox 540 1015 689 1088; x_wconf 87' lang='lat' dir='ltr'><strong>Romano</strong></span> <span class='ocrx_word' id='word_1_37' title='bbox 711 1017 861 1087; x_wconf 88' lang='lat' dir='ltr'><strong>Pontifici</strong></span> <span class='ocrx_word' id='word_1_38' title='bbox 881 1020 1137 1088; x_wconf 78' lang='lat' dir='ltr'><strong>instrumentum</strong></span> <span class='ocrx_word' id='word_1_39' title='bbox 1156 1018 1325 1087; x_wconf 84' lang='lat' dir='ltr'><strong>authenti-</strong></span> 
     </span>
     <span class='ocr_line' id='line_1_7' title="bbox 210 1116 1326 1218; baseline 0.013 -37"><span class='ocrx_word' id='word_1_40' title='bbox 210 1135 286 1184; x_wconf 88' lang='lat' dir='ltr'><strong>cum</strong></span> <span class='ocrx_word' id='word_1_41' title='bbox 306 1116 346 1186; x_wconf 90' lang='lat' dir='ltr'><strong>de</strong></span> <span class='ocrx_word' id='word_1_42' title='bbox 367 1119 439 1212; x_wconf 90' lang='lat' dir='ltr'><strong>lege</strong></span> <span class='ocrx_word' id='word_1_43' title='bbox 454 1145 514 1192; x_wconf 85' lang='lat' dir='ltr'><strong>suu</strong></span> <span class='ocrx_word' id='word_1_44' title='bbox 528 1124 644 1194; x_wconf 84' lang='lat' dir='ltr'><strong>Romae</strong></span> <span class='ocrx_word' id='word_1_45' title='bbox 660 1127 867 1218; x_wconf 87' lang='lat' dir='ltr'><strong>promulgata</strong></span> <span class='ocrx_word' id='word_1_46' title='bbox 880 1128 1007 1197; x_wconf 89' lang='lat' dir='ltr'><strong>mittere</strong></span> <span class='ocrx_word' id='word_1_47' title='bbox 1028 1127 1182 1198; x_wconf 90' lang='lat' dir='ltr'><strong>omnihus</strong></span> <span class='ocrx_word' id='word_1_48' title='bbox 1193 1126 1326 1197; x_wconf 87' lang='lat' dir='ltr'><strong>Nuntiis</strong></span> 
     </span>
     <span class='ocr_line' id='line_1_8' title="bbox 210 1226 1326 1328; baseline 0.013 -39"><span class='ocrx_word' id='word_1_49' title='bbox 210 1226 404 1317; x_wconf 85' lang='lat' dir='ltr'><strong>apostolicis,</strong></span> <span class='ocrx_word' id='word_1_50' title='bbox 433 1231 693 1327; x_wconf 85' lang='lat' dir='ltr'><strong>Archispisoopis</strong></span> <span class='ocrx_word' id='word_1_51' title='bbox 707 1244 740 1305; x_wconf 90' lang='lat' dir='ltr'><strong>et</strong></span> <span class='ocrx_word' id='word_1_52' title='bbox 756 1236 924 1328; x_wconf 88' lang='lat' dir='ltr'><strong>Episcopis</strong></span> <span class='ocrx_word' id='word_1_53' title='bbox 935 1262 945 1324; x_wconf 93' lang='lat'>;</span> <span class='ocrx_word' id='word_1_54' title='bbox 958 1243 990 1304; x_wconf 83' lang='lat' dir='ltr'><strong>et</strong></span> <span class='ocrx_word' id='word_1_55' title='bbox 1003 1235 1055 1305; x_wconf 88' lang='lat' dir='ltr'><strong>his</strong></span> <span class='ocrx_word' id='word_1_56' title='bbox 1072 1235 1216 1308; x_wconf 86' lang='lat' dir='ltr'><strong>vicissim</strong></span> <span class='ocrx_word' id='word_1_57' title='bbox 1231 1235 1326 1304; x_wconf 82' lang='lat' dir='ltr'><strong>facile</strong></span> 
     </span>
     <span class='ocr_line' id='line_1_9' title="bbox 211 1339 1327 1416; baseline 0.012 -17"><span class='ocrx_word' id='word_1_58' title='bbox 211 1341 260 1402; x_wconf 84' lang='lat' dir='ltr'><strong>est</strong></span> <span class='ocrx_word' id='word_1_59' title='bbox 279 1339 496 1410; x_wconf 78' lang='lat' dir='ltr'><strong>authenticam</strong></span> <span class='ocrx_word' id='word_1_60' title='bbox 523 1342 606 1412; x_wconf 85' lang='lat' dir='ltr'><strong>hunc</strong></span> <span class='ocrx_word' id='word_1_61' title='bbox 630 1345 778 1414; x_wconf 79' lang='lat' dir='ltr'><strong>notitiam</strong></span> <span class='ocrx_word' id='word_1_62' title='bbox 804 1344 1024 1416; x_wconf 76' lang='lat' dir='ltr'><strong>transmittere</strong></span> <span class='ocrx_word' id='word_1_63' title='bbox 1048 1345 1173 1414; x_wconf 88' lang='lat' dir='ltr'><strong>clericis</strong></span> <span class='ocrx_word' id='word_1_64' title='bbox 1191 1354 1224 1413; x_wconf 91' lang='lat' dir='ltr'><strong>et</strong></span> <span class='ocrx_word' id='word_1_65' title='bbox 1243 1343 1327 1412; x_wconf 83' lang='lat' dir='ltr'><strong>fide·</strong></span> 
     </span>
     <span class='ocr_line' id='line_1_10' title="bbox 212 1445 1327 1547; baseline 0.008 -33"><span class='ocrx_word' id='word_1_66' title='bbox 212 1445 311 1536; x_wconf 89' lang='lat' dir='ltr'><strong>libus,</strong></span> <span class='ocrx_word' id='word_1_67' title='bbox 328 1472 395 1518; x_wconf 90' lang='lat' dir='ltr'><strong>uon</strong></span> <span class='ocrx_word' id='word_1_68' title='bbox 417 1451 656 1543; x_wconf 86' lang='lat' dir='ltr'><strong>promulgando</strong></span> <span class='ocrx_word' id='word_1_69' title='bbox 670 1454 775 1544; x_wconf 85' lang='lat' dir='ltr'><strong>legem</strong></span> <span class='ocrx_word' id='word_1_70' title='bbox 791 1452 1005 1546; x_wconf 88' lang='lat' dir='ltr'><strong>pontificiam,</strong></span> <span class='ocrx_word' id='word_1_71' title='bbox 1022 1452 1078 1524; x_wconf 88' lang='lat' dir='ltr'><strong>sed</strong></span> <span class='ocrx_word' id='word_1_72' title='bbox 1090 1453 1158 1546; x_wconf 86' lang='lat' dir='ltr'><strong>jam</strong></span> <span class='ocrx_word' id='word_1_73' title='bbox 1173 1453 1327 1547; x_wconf 84' lang='lat' dir='ltr'><strong>promul-</strong></span> 
     </span>
     <span class='ocr_line' id='line_1_11' title="bbox 212 1559 1329 1654; baseline 0.005 -30"><span class='ocrx_word' id='word_1_74' title='bbox 212 1563 320 1645; x_wconf 80' lang='lat' dir='ltr'><strong>gatam</strong></span> <span class='ocrx_word' id='word_1_75' title='bbox 342 1566 375 1626; x_wconf 90' lang='lat' dir='ltr'><strong>et</strong></span> <span class='ocrx_word' id='word_1_76' title='bbox 396 1559 593 1648; x_wconf 86' lang='lat' dir='ltr'><strong>obligantem</strong></span> <span class='ocrx_word' id='word_1_77' title='bbox 606 1562 768 1654; x_wconf 14' lang='lat' dir='ltr'><strong>&#39;omuibus</strong></span> <span class='ocrx_word' id='word_1_78' title='bbox 788 1562 985 1632; x_wconf 88' lang='lat' dir='ltr'><strong>intimando.</strong></span> <span class='ocrx_word' id='word_1_79' title='bbox 1015 1562 1081 1632; x_wconf 85' lang='lat' dir='ltr'><strong>Nec</strong></span> <span class='ocrx_word' id='word_1_80' title='bbox 1100 1559 1264 1630; x_wconf 88' lang='lat' dir='ltr'><strong>difficilius</strong></span> <span class='ocrx_word' id='word_1_81' title='bbox 1277 1569 1329 1630; x_wconf 87' lang='lat' dir='ltr'><strong>est</strong></span> 
     </span>
     <span class='ocr_line' id='line_1_12' title="bbox 211 1662 1330 1765; baseline 0.006 -34"><span class='ocrx_word' id='word_1_82' title='bbox 211 1662 378 1756; x_wconf 87' lang='lat' dir='ltr'><strong>Episcopis</strong></span> <span class='ocrx_word' id='word_1_83' title='bbox 404 1665 511 1757; x_wconf 89' lang='lat' dir='ltr'><strong>legem</strong></span> <span class='ocrx_word' id='word_1_84' title='bbox 536 1670 775 1761; x_wconf 83' lang='lat' dir='ltr'><strong>promulgatam</strong></span> <span class='ocrx_word' id='word_1_85' title='bbox 804 1680 836 1739; x_wconf 88' lang='lat' dir='ltr'><strong>et</strong></span> <span class='ocrx_word' id='word_1_86' title='bbox 859 1673 929 1765; x_wconf 84' lang='lat' dir='ltr'><strong>jam</strong></span> <span class='ocrx_word' id='word_1_87' title='bbox 951 1671 1149 1761; x_wconf 84' lang='lat' dir='ltr'><strong>obligantem</strong></span> <span class='ocrx_word' id='word_1_88' title='bbox 1176 1670 1243 1761; x_wconf 87' lang='lat' dir='ltr'><strong>(snt</strong></span> <span class='ocrx_word' id='word_1_89' title='bbox 1255 1679 1330 1764; x_wconf 89' lang='lat' dir='ltr'><strong>post</strong></span> 
     </span>
     <span class='ocr_line' id='line_1_13' title="bbox 212 1773 1328 1872; baseline 0.009 -34"><span class='ocrx_word' id='word_1_90' title='bbox 212 1777 371 1863; x_wconf 85' lang='lat' dir='ltr'><strong>tempusa</strong></span> <span class='ocrx_word' id='word_1_91' title='bbox 385 1773 534 1846; x_wconf 88' lang='lat' dir='ltr'><strong>Romano</strong></span> <span class='ocrx_word' id='word_1_92' title='bbox 549 1776 704 1848; x_wconf 85' lang='lat' dir='ltr'><strong>Pontifice</strong></span> <span class='ocrx_word' id='word_1_93' title='bbox 728 1787 887 1850; x_wconf 88' lang='lat' dir='ltr'><strong>statutum</strong></span> <span class='ocrx_word' id='word_1_94' title='bbox 900 1779 1129 1872; x_wconf 83' lang='lat' dir='ltr'><strong>obligaturum)</strong></span> <span class='ocrx_word' id='word_1_95' title='bbox 1147 1778 1328 1867; x_wconf 85' lang='lat' dir='ltr'><strong>notificare,</strong></span> 
     </span>
     <span class='ocr_line' id='line_1_14' title="bbox 214 1884 550 1975; baseline 0.024 -29"><span class='ocrx_word' id='word_1_96' title='bbox 214 1900 314 1968; x_wconf 89' lang='lat' dir='ltr'><strong>quam</strong></span> <span class='ocrx_word' id='word_1_97' title='bbox 330 1884 550 1975; x_wconf 86' lang='lat' dir='ltr'><strong>promulgare.</strong></span> 
     </span>
    </p>

    <p class='ocr_par' dir='ltr' id='par_1_4' title="bbox 216 1989 1336 3070">
     <span class='ocr_line' id='line_1_15' title="bbox 259 1989 1330 2068; baseline 0.007 -11"><span class='ocrx_word' id='word_1_98' title='bbox 259 1989 337 2058; x_wconf 75' lang='lat' dir='ltr'><strong>Hes</strong></span> <span class='ocrx_word' id='word_1_99' title='bbox 360 1999 470 2062; x_wconf 86' lang='lat' dir='ltr'><strong>antem</strong></span> <span class='ocrx_word' id='word_1_100' title='bbox 492 1994 628 2065; x_wconf 70' lang='lat' dir='ltr'><strong>[militas</strong></span> <span class='ocrx_word' id='word_1_101' title='bbox 655 1997 806 2068; x_wconf 88' lang='lat' dir='ltr'><strong>mittendi</strong></span> <span class='ocrx_word' id='word_1_102' title='bbox 829 1999 1083 2068; x_wconf 83' lang='lat' dir='ltr'><strong>instrumentum</strong></span> <span class='ocrx_word' id='word_1_103' title='bbox 1104 1997 1330 2068; x_wconf 85' lang='lat' dir='ltr'><strong>authenticum</strong></span> 
     </span>
     <span class='ocr_line' id='line_1_16' title="bbox 216 2099 1331 2199; baseline 0.004 -30"><span class='ocrx_word' id='word_1_104' title='bbox 216 2099 256 2169; x_wconf 86' lang='lat' dir='ltr'><strong>de</strong></span> <span class='ocrx_word' id='word_1_105' title='bbox 284 2099 355 2191; x_wconf 87' lang='lat' dir='ltr'><strong>lege</strong></span> <span class='ocrx_word' id='word_1_106' title='bbox 378 2102 491 2173; x_wconf 78' lang='lat' dir='ltr'><strong>Roma</strong></span> <span class='ocrx_word' id='word_1_107' title='bbox 514 2105 731 2198; x_wconf 80' lang='lat' dir='ltr'><strong>promulgata,</strong></span> <span class='ocrx_word' id='word_1_108' title='bbox 756 2129 823 2177; x_wconf 91' lang='lat' dir='ltr'><strong>non</strong></span> <span class='ocrx_word' id='word_1_109' title='bbox 837 2114 925 2176; x_wconf 88' lang='lat' dir='ltr'><strong>tants</strong></span> <span class='ocrx_word' id='word_1_110' title='bbox 940 2108 1018 2176; x_wconf 91' lang='lat' dir='ltr'><strong>olim</strong></span> <span class='ocrx_word' id='word_1_111' title='bbox 1034 2115 1115 2176; x_wconf 85' lang='lat' dir='ltr'><strong>erat.</strong></span> <span class='ocrx_word' id='word_1_112' title='bbox 1133 2105 1331 2199; x_wconf 85' lang='lat' dir='ltr'><strong>Priusquam</strong></span> 
     </span>
     <span class='ocr_line' id='line_1_17' title="bbox 217 2209 1332 2310; baseline 0.005 -34"><span class='ocrx_word' id='word_1_113' title='bbox 217 2209 304 2278; x_wconf 84' lang='lat' dir='ltr'><strong>euim</strong></span> <span class='ocrx_word' id='word_1_114' title='bbox 327 2211 452 2281; x_wconf 82' lang='lat' dir='ltr'><strong>inventi</strong></span> <span class='ocrx_word' id='word_1_115' title='bbox 475 2212 597 2283; x_wconf 81' lang='lat' dir='ltr'><strong>luerint</strong></span> <span class='ocrx_word' id='word_1_116' title='bbox 611 2216 693 2307; x_wconf 85' lang='lat' dir='ltr'><strong>typi,</strong></span> <span class='ocrx_word' id='word_1_117' title='bbox 710 2225 742 2284; x_wconf 87' lang='lat' dir='ltr'><strong>et</strong></span> <span class='ocrx_word' id='word_1_118' title='bbox 766 2239 846 2286; x_wconf 88' lang='lat' dir='ltr'><strong>usus</strong></span> <span class='ocrx_word' id='word_1_119' title='bbox 859 2215 1037 2286; x_wconf 87' lang='lat' dir='ltr'><strong>invaluerit</strong></span> <span class='ocrx_word' id='word_1_120' title='bbox 1050 2215 1190 2310; x_wconf 74' lang='lat' dir='ltr'><strong>publium</strong></span> <span class='ocrx_word' id='word_1_121' title='bbox 1206 2215 1332 2307; x_wconf 83' lang='lat' dir='ltr'><strong>episto-</strong></span> 
     </span>
     <span class='ocr_line' id='line_1_18' title="bbox 216 2319 1334 2419; baseline 0.004 -32"><span class='ocrx_word' id='word_1_122' title='bbox 216 2319 323 2388; x_wconf 91' lang='lat' dir='ltr'><strong>larum</strong></span> <span class='ocrx_word' id='word_1_123' title='bbox 337 2321 594 2393; x_wconf 83' lang='lat' dir='ltr'><strong>transmissionis</strong></span> <span class='ocrx_word' id='word_1_124' title='bbox 612 2324 745 2418; x_wconf 86' lang='lat' dir='ltr'><strong>(l&#39;usage</strong></span> <span class='ocrx_word' id='word_1_125' title='bbox 765 2325 821 2396; x_wconf 88' lang='lat' dir='ltr'><strong>des</strong></span> <span class='ocrx_word' id='word_1_126' title='bbox 844 2328 976 2419; x_wconf 88' lang='lat' dir='ltr'><strong>postes),</strong></span> <span class='ocrx_word' id='word_1_127' title='bbox 993 2325 1167 2417; x_wconf 78' lang='lat' dir='ltr'><strong>cogebatur</strong></span> <span class='ocrx_word' id='word_1_128' title='bbox 1183 2324 1334 2395; x_wconf 84' lang='lat' dir='ltr'><strong>Romana</strong></span> 
     </span>
     <span class='ocr_line' id='line_1_19' title="bbox 216 2426 1334 2527; baseline 0.002 -31"><span class='ocrx_word' id='word_1_129' title='bbox 216 2426 316 2497; x_wconf 86' lang='lat' dir='ltr'><strong>Sedes</strong></span> <span class='ocrx_word' id='word_1_130' title='bbox 330 2427 456 2521; x_wconf 88' lang='lat' dir='ltr'><strong>aliquos</strong></span> <span class='ocrx_word' id='word_1_131' title='bbox 470 2432 686 2524; x_wconf 84' lang='lat' dir='ltr'><strong>presbyteros,</strong></span> <span class='ocrx_word' id='word_1_132' title='bbox 703 2441 739 2502; x_wconf 93' lang='lat' dir='ltr'><strong>ut</strong></span> <span class='ocrx_word' id='word_1_133' title='bbox 754 2435 829 2503; x_wconf 85' lang='lat' dir='ltr'><strong>fecit</strong></span> <span class='ocrx_word' id='word_1_134' title='bbox 844 2433 982 2503; x_wconf 90' lang='lat' dir='ltr'><strong>Siricins</strong></span> <span class='ocrx_word' id='word_1_135' title='bbox 991 2434 1080 2527; x_wconf 88' lang='lat' dir='ltr'><strong>Papa</strong></span> <span class='ocrx_word' id='word_1_136' title='bbox 1090 2456 1176 2502; x_wconf 88' lang='lat' dir='ltr'><strong>enno</strong></span> <span class='ocrx_word' id='word_1_137' title='bbox 1190 2435 1267 2519; x_wconf 82' lang='grc'><strong>389,</strong></span> <span class='ocrx_word' id='word_1_138' title='bbox 1279 2428 1334 2500; x_wconf 85' lang='lat' dir='ltr'><strong>vel</strong></span> 
     </span>
     <span class='ocr_line' id='line_1_20' title="bbox 216 2536 1331 2635; baseline 0.005 -31"><span class='ocrx_word' id='word_1_139' title='bbox 216 2536 314 2605; x_wconf 90' lang='lat' dir='ltr'><strong>etiam</strong></span> <span class='ocrx_word' id='word_1_140' title='bbox 343 2538 469 2630; x_wconf 89' lang='lat' dir='ltr'><strong>aliquos</strong></span> <span class='ocrx_word' id='word_1_141' title='bbox 495 2539 671 2635; x_wconf 80' lang='lat' dir='ltr'><strong>Episcopus</strong></span> <span class='ocrx_word' id='word_1_142' title='bbox 696 2552 754 2613; x_wconf 92' lang='lat' dir='ltr'><strong>ant</strong></span> <span class='ocrx_word' id='word_1_143' title='bbox 779 2543 921 2631; x_wconf 86' lang='lat' dir='ltr'><strong>abbates,</strong></span> <span class='ocrx_word' id='word_1_144' title='bbox 953 2551 991 2613; x_wconf 89' lang='lat' dir='ltr'><strong>ut</strong></span> <span class='ocrx_word' id='word_1_145' title='bbox 1018 2543 1094 2612; x_wconf 82' lang='lat' dir='ltr'><strong>fecit</strong></span> <span class='ocrx_word' id='word_1_146' title='bbox 1119 2541 1274 2632; x_wconf 82' lang='lat' dir='ltr'><strong>Pelagius</strong></span> <span class='ocrx_word' id='word_1_147' title='bbox 1288 2541 1331 2626; x_wconf 91' lang='lat'><strong>11,</strong></span> 
     </span>
     <span class='ocr_line' id='line_1_21' title="bbox 218 2645 1334 2746; baseline 0.004 -34"><span class='ocrx_word' id='word_1_148' title='bbox 218 2667 306 2715; x_wconf 88' lang='lat' dir='ltr'><strong>anno</strong></span> <span class='ocrx_word' id='word_1_149' title='bbox 327 2648 404 2736; x_wconf 74' lang='lat'><strong>269,</strong></span> <span class='ocrx_word' id='word_1_150' title='bbox 421 2648 527 2718; x_wconf 86' lang='lat' dir='ltr'><strong>Roma</strong></span> <span class='ocrx_word' id='word_1_151' title='bbox 549 2652 706 2742; x_wconf 83' lang='lat' dir='ltr'><strong>emittere,</strong></span> <span class='ocrx_word' id='word_1_152' title='bbox 722 2652 781 2746; x_wconf 90' lang='lat' dir='ltr'><strong>qui</strong></span> <span class='ocrx_word' id='word_1_153' title='bbox 796 2653 1013 2722; x_wconf 82' lang='lat' dir='ltr'><strong>instrumente</strong></span> <span class='ocrx_word' id='word_1_154' title='bbox 1027 2651 1099 2720; x_wconf 82' lang='lat' dir='ltr'><strong>haeo</strong></span> <span class='ocrx_word' id='word_1_155' title='bbox 1114 2657 1184 2720; x_wconf 90' lang='lat' dir='ltr'><strong>tuto</strong></span> <span class='ocrx_word' id='word_1_156' title='bbox 1199 2645 1241 2718; x_wconf 84' lang='lat' dir='ltr'><strong>ad</strong></span> <span class='ocrx_word' id='word_1_157' title='bbox 1256 2669 1334 2739; x_wconf 88' lang='lat' dir='ltr'><strong>pro·</strong></span> 
     </span>
     <span class='ocr_line' id='line_1_22' title="bbox 217 2753 1336 2853; baseline 0 -31"><span class='ocrx_word' id='word_1_158' title='bbox 217 2753 342 2823; x_wconf 83' lang='lat' dir='ltr'><strong>vincies</strong></span> <span class='ocrx_word' id='word_1_159' title='bbox 376 2754 555 2847; x_wconf 83' lang='lat' dir='ltr'><strong>deterrent3</strong></span> <span class='ocrx_word' id='word_1_160' title='bbox 581 2770 614 2829; x_wconf 88' lang='lat' dir='ltr'><strong>et</strong></span> <span class='ocrx_word' id='word_1_161' title='bbox 646 2762 748 2830; x_wconf 84' lang='lat' dir='ltr'><strong>multa</strong></span> <span class='ocrx_word' id='word_1_162' title='bbox 765 2761 967 2853; x_wconf 79' lang='lat' dir='ltr'><strong>exemplaris</strong></span> <span class='ocrx_word' id='word_1_163' title='bbox 994 2782 1096 2829; x_wconf 89' lang='lat' dir='ltr'><strong>mann</strong></span> <span class='ocrx_word' id='word_1_164' title='bbox 1123 2753 1336 2826; x_wconf 83' lang='lat' dir='ltr'><strong>describenda</strong></span> 
     </span>
     <span class='ocr_line' id='line_1_23' title="bbox 219 2863 1336 2961; baseline -0.001 -29"><span class='ocrx_word' id='word_1_165' title='bbox 219 2871 322 2932; x_wconf 87' lang='lat' dir='ltr'><strong>erant.</strong></span> <span class='ocrx_word' id='word_1_166' title='bbox 339 2863 435 2934; x_wconf 89' lang='lat' dir='ltr'><strong>Nunc</strong></span> <span class='ocrx_word' id='word_1_167' title='bbox 453 2873 562 2936; x_wconf 88' lang='lat' dir='ltr'><strong>autem</strong></span> <span class='ocrx_word' id='word_1_168' title='bbox 577 2867 659 2936; x_wconf 91' lang='lat' dir='ltr'><strong>nihil</strong></span> <span class='ocrx_word' id='word_1_169' title='bbox 676 2868 804 2939; x_wconf 82' lang='lat' dir='ltr'><strong>facilius</strong></span> <span class='ocrx_word' id='word_1_170' title='bbox 819 2879 867 2937; x_wconf 90' lang='lat' dir='ltr'><strong>est</strong></span> <span class='ocrx_word' id='word_1_171' title='bbox 881 2890 981 2961; x_wconf 88' lang='lat' dir='ltr'><strong>quam</strong></span> <span class='ocrx_word' id='word_1_172' title='bbox 994 2867 1234 2960; x_wconf 84' lang='lat' dir='ltr'><strong>pontificiarum</strong></span> <span class='ocrx_word' id='word_1_173' title='bbox 1247 2864 1336 2957; x_wconf 89' lang='lat' dir='ltr'><strong>epis—</strong></span> 
     </span>
     <span class='ocr_line' id='line_1_24' title="bbox 220 2973 1336 3070; baseline -0.004 -27"><span class='ocrx_word' id='word_1_174' title='bbox 220 2974 362 3044; x_wconf 87' lang='lat' dir='ltr'><strong>tolarum</strong></span> <span class='ocrx_word' id='word_1_175' title='bbox 386 2976 618 3046; x_wconf 80' lang='lat' dir='ltr'><strong>transmissio:</strong></span> <span class='ocrx_word' id='word_1_176' title='bbox 645 2977 734 3070; x_wconf 85' lang='lat' dir='ltr'><strong>typis</strong></span> <span class='ocrx_word' id='word_1_177' title='bbox 759 2976 903 3046; x_wconf 87' lang='lat' dir='ltr'><strong>eduntur</strong></span> <span class='ocrx_word' id='word_1_178' title='bbox 917 2985 949 3045; x_wconf 87' lang='lat' dir='ltr'><strong>et</strong></span> <span class='ocrx_word' id='word_1_179' title='bbox 973 2999 1030 3069; x_wconf 89' lang='lat' dir='ltr'><strong>per</strong></span> <span class='ocrx_word' id='word_1_180' title='bbox 1052 2974 1199 3070; x_wconf 86' lang='lat' dir='ltr'><strong>publicos</strong></span> <span class='ocrx_word' id='word_1_181' title='bbox 1218 2973 1336 3041; x_wconf 85' lang='lat' dir='ltr'><strong>latores</strong></span> 
     </span>
    </p>
   </div>
   <div class='ocr_carea' id='block_1_3' title="bbox 220 3081 1513 3177">
    <p class='ocr_par' dir='ltr' id='par_1_5' title="bbox 220 3081 1513 3177">
     <span class='ocr_line' id='line_1_25' title="bbox 220 3081 1513 3177; baseline -0.009 -23"><span class='ocrx_word' id='word_1_182' title='bbox 220 3105 425 3176; x_wconf 87' lang='lat' dir='ltr'><strong>quocumque</strong></span> <span class='ocrx_word' id='word_1_183' title='bbox 448 3093 611 3155; x_wconf 86' lang='lat' dir='ltr'><strong>terrarum</strong></span> <span class='ocrx_word' id='word_1_184' title='bbox 629 3092 699 3154; x_wconf 89' lang='lat' dir='ltr'><strong>tuto</strong></span> <span class='ocrx_word' id='word_1_185' title='bbox 726 3085 932 3177; x_wconf 87' lang='lat' dir='ltr'><strong>perveniunt.</strong></span> <span class='ocrx_word' id='word_1_186' title='bbox 956 3083 1079 3153; x_wconf 86' lang='lat' dir='ltr'><strong>Diariis</strong></span> <span class='ocrx_word' id='word_1_187' title='bbox 1098 3081 1337 3173; x_wconf 85' lang='lat' dir='ltr'><strong>insuperinse·</strong></span> <span class='ocrx_word' id='word_1_188' title='bbox 1402 3141 1404 3144; x_wconf 91' lang='lat'>.</span> <span class='ocrx_word' id='word_1_189' title='bbox 1512 3087 1513 3112; x_wconf 79' lang='lat'><em>³</em></span> 
     </span>
    </p>
   </div>
   <div class='ocr_carea' id='block_1_4' title="bbox 220 3188 1394 4268">
    <p class='ocr_par' dir='ltr' id='par_1_6' title="bbox 220 3188 1394 4268">
     <span class='ocr_line' id='line_1_26' title="bbox 220 3188 1337 3286; baseline -0.005 -25"><span class='ocrx_word' id='word_1_190' title='bbox 220 3200 351 3281; x_wconf 85' lang='lat' dir='ltr'><strong>rantur,</strong></span> <span class='ocrx_word' id='word_1_191' title='bbox 375 3202 408 3262; x_wconf 92' lang='lat' dir='ltr'><strong>et</strong></span> <span class='ocrx_word' id='word_1_192' title='bbox 432 3193 686 3283; x_wconf 86' lang='lat' dir='ltr'><strong>collectionibus,</strong></span> <span class='ocrx_word' id='word_1_193' title='bbox 717 3194 863 3264; x_wconf 86' lang='lat' dir='ltr'><strong>Bollerio</strong></span> <span class='ocrx_word' id='word_1_194' title='bbox 893 3216 1010 3286; x_wconf 83' lang='lat' dir='ltr'><strong>nempe</strong></span> <span class='ocrx_word' id='word_1_195' title='bbox 1037 3191 1186 3284; x_wconf 81' lang='lat' dir='ltr'><strong>aliisque,</strong></span> <span class='ocrx_word' id='word_1_196' title='bbox 1215 3188 1337 3280; x_wconf 83' lang='lat' dir='ltr'><strong>ubique</strong></span> 
     </span>
     <span class='ocr_line' id='line_1_27' title="bbox 221 3295 1335 3397; baseline -0.007 -27"><span class='ocrx_word' id='word_1_197' title='bbox 221 3300 417 3372; x_wconf 88' lang='lat' dir='ltr'><strong>sufficienter</strong></span> <span class='ocrx_word' id='word_1_198' title='bbox 436 3302 532 3372; x_wconf 68' lang='lat' dir='ltr'><strong>notu.</strong></span> <span class='ocrx_word' id='word_1_199' title='bbox 557 3303 604 3372; x_wconf 88' lang='lat' dir='ltr'><strong>Ea</strong></span> <span class='ocrx_word' id='word_1_200' title='bbox 621 3303 755 3397; x_wconf 87' lang='lat' dir='ltr'><strong>insuper</strong></span> <span class='ocrx_word' id='word_1_201' title='bbox 782 3310 829 3372; x_wconf 87' lang='lat' dir='ltr'><strong>est</strong></span> <span class='ocrx_word' id='word_1_202' title='bbox 848 3303 933 3394; x_wconf 88' lang='lat' dir='ltr'><strong>legis</strong></span> <span class='ocrx_word' id='word_1_203' title='bbox 952 3300 1147 3370; x_wconf 85' lang='lat' dir='ltr'><strong>universalis</strong></span> <span class='ocrx_word' id='word_1_204' title='bbox 1161 3295 1335 3391; x_wconf 76' lang='lat' dir='ltr'><strong>pontificias</strong></span> 
     </span>
     <span class='ocr_line' id='line_1_28' title="bbox 221 3402 1338 3504; baseline -0.005 -27"><span class='ocrx_word' id='word_1_205' title='bbox 221 3417 339 3478; x_wconf 83' lang='lat' dir='ltr'><strong>natura</strong></span> <span class='ocrx_word' id='word_1_206' title='bbox 364 3419 396 3480; x_wconf 86' lang='lat' dir='ltr'><strong>et</strong></span> <span class='ocrx_word' id='word_1_207' title='bbox 424 3410 580 3502; x_wconf 82' lang='lat' dir='ltr'><strong>gravitas,</strong></span> <span class='ocrx_word' id='word_1_208' title='bbox 609 3418 646 3480; x_wconf 92' lang='lat' dir='ltr'><strong>ut</strong></span> <span class='ocrx_word' id='word_1_209' title='bbox 672 3433 786 3480; x_wconf 89' lang='lat' dir='ltr'><strong>rumor</strong></span> <span class='ocrx_word' id='word_1_210' title='bbox 813 3410 853 3480; x_wconf 94' lang='lat' dir='ltr'><strong>de</strong></span> <span class='ocrx_word' id='word_1_211' title='bbox 881 3410 1007 3504; x_wconf 85' lang='lat' dir='ltr'><strong>prolata</strong></span> <span class='ocrx_word' id='word_1_212' title='bbox 1025 3406 1250 3502; x_wconf 79' lang='lat' dir='ltr'><strong>hujuscemodi</strong></span> <span class='ocrx_word' id='word_1_213' title='bbox 1266 3402 1338 3494; x_wconf 89' lang='lat' dir='ltr'><strong>lege</strong></span> 
     </span>
     <span class='ocr_line' id='line_1_29' title="bbox 222 3517 1337 3611; baseline -0.004 -20"><span class='ocrx_word' id='word_1_214' title='bbox 222 3543 335 3591; x_wconf 88' lang='lat' dir='ltr'><strong>omnes</strong></span> <span class='ocrx_word' id='word_1_215' title='bbox 355 3521 463 3591; x_wconf 78' lang='lat' dir='ltr'><strong>statim</strong></span> <span class='ocrx_word' id='word_1_216' title='bbox 479 3521 590 3590; x_wconf 88' lang='lat' dir='ltr'><strong>fideles</strong></span> <span class='ocrx_word' id='word_1_217' title='bbox 604 3529 742 3591; x_wconf 88' lang='lat' dir='ltr'><strong>attentos</strong></span> <span class='ocrx_word' id='word_1_218' title='bbox 755 3521 862 3610; x_wconf 84' lang='lat' dir='ltr'><strong>faciet,</strong></span> <span class='ocrx_word' id='word_1_219' title='bbox 884 3521 929 3589; x_wconf 91' lang='lat' dir='ltr'><strong>ita</strong></span> <span class='ocrx_word' id='word_1_220' title='bbox 944 3526 981 3589; x_wconf 91' lang='lat' dir='ltr'><strong>ut</strong></span> <span class='ocrx_word' id='word_1_221' title='bbox 994 3519 1162 3611; x_wconf 89' lang='lat' dir='ltr'><strong>inquirant</strong></span> <span class='ocrx_word' id='word_1_222' title='bbox 1179 3517 1313 3587; x_wconf 89' lang='lat' dir='ltr'><strong>sollicite</strong></span> <span class='ocrx_word' id='word_1_223' title='bbox 1327 3541 1337 3602; x_wconf 90' lang='lat'>;</span> 
     </span>
     <span class='ocr_line' id='line_1_30' title="bbox 222 3625 1338 3723; baseline -0.007 -23"><span class='ocrx_word' id='word_1_224' title='bbox 222 3629 309 3701; x_wconf 89' lang='lat' dir='ltr'><strong>unde</strong></span> <span class='ocrx_word' id='word_1_225' title='bbox 330 3629 491 3700; x_wconf 84' lang='lat' dir='ltr'><strong>sufficeret</strong></span> <span class='ocrx_word' id='word_1_226' title='bbox 510 3631 606 3700; x_wconf 85' lang='lat' dir='ltr'><strong>etiam</strong></span> <span class='ocrx_word' id='word_1_227' title='bbox 634 3629 760 3723; x_wconf 86' lang='lat' dir='ltr'><strong>aliquos</strong></span> <span class='ocrx_word' id='word_1_228' title='bbox 779 3637 909 3698; x_wconf 86' lang='lat' dir='ltr'><strong>tantum</strong></span> <span class='ocrx_word' id='word_1_229' title='bbox 933 3629 968 3696; x_wconf 90' lang='lat' dir='ltr'><strong>in</strong></span> <span class='ocrx_word' id='word_1_230' title='bbox 991 3627 1101 3719; x_wconf 83' lang='lat' dir='ltr'><strong>aliqua</strong></span> <span class='ocrx_word' id='word_1_231' title='bbox 1123 3625 1256 3716; x_wconf 88' lang='lat' dir='ltr'><strong>regione</strong></span> <span class='ocrx_word' id='word_1_232' title='bbox 1287 3625 1338 3692; x_wconf 92' lang='lat' dir='ltr'><strong>in·</strong></span> 
     </span>
     <span class='ocr_line' id='line_1_31' title="bbox 222 3733 1394 3828; baseline -0.005 -20"><span class='ocrx_word' id='word_1_233' title='bbox 222 3747 442 3809; x_wconf 86' lang='lat' dir='ltr'><strong>strumentum</strong></span> <span class='ocrx_word' id='word_1_234' title='bbox 464 3739 688 3809; x_wconf 87' lang='lat' dir='ltr'><strong>authenticum</strong></span> <span class='ocrx_word' id='word_1_235' title='bbox 701 3738 835 3828; x_wconf 85' lang='lat' dir='ltr'><strong>vidisse,</strong></span> <span class='ocrx_word' id='word_1_236' title='bbox 850 3747 887 3807; x_wconf 87' lang='lat' dir='ltr'><strong>ut</strong></span> <span class='ocrx_word' id='word_1_237' title='bbox 901 3737 996 3806; x_wconf 85' lang='lat' dir='ltr'><strong>brevi</strong></span> <span class='ocrx_word' id='word_1_238' title='bbox 1008 3743 1155 3827; x_wconf 87' lang='lat' dir='ltr'><strong>tempore</strong></span> <span class='ocrx_word' id='word_1_239' title='bbox 1170 3733 1210 3802; x_wconf 88' lang='lat' dir='ltr'><strong>ad</strong></span> <span class='ocrx_word' id='word_1_240' title='bbox 1227 3755 1341 3803; x_wconf 90' lang='lat' dir='ltr'><strong>omnes</strong></span> <span class='ocrx_word' id='word_1_241' title='bbox 1391 3815 1394 3820; x_wconf 23' lang='grc' dir='ltr'>Ι</span> 
     </span>
     <span class='ocr_line' id='line_1_32' title="bbox 224 3843 1339 3939; baseline -0.005 -23"><span class='ocrx_word' id='word_1_242' title='bbox 224 3847 390 3917; x_wconf 82' lang='lat' dir='ltr'><strong>moraliter</strong></span> <span class='ocrx_word' id='word_1_243' title='bbox 411 3857 497 3918; x_wconf 82' lang='lat' dir='ltr'><strong>carta</strong></span> <span class='ocrx_word' id='word_1_244' title='bbox 521 3847 664 3939; x_wconf 82' lang='lat' dir='ltr'><strong>cognitio</strong></span> <span class='ocrx_word' id='word_1_245' title='bbox 685 3846 862 3917; x_wconf 85' lang='lat' dir='ltr'><strong>deveniret.</strong></span> <span class='ocrx_word' id='word_1_246' title='bbox 884 3844 979 3928; x_wconf 87' lang='lat' dir='ltr'><strong>Quod</strong></span> <span class='ocrx_word' id='word_1_247' title='bbox 1002 3845 1046 3913; x_wconf 82' lang='lat' dir='ltr'><strong>ite</strong></span> <span class='ocrx_word' id='word_1_248' title='bbox 1060 3866 1176 3915; x_wconf 87' lang='lat' dir='ltr'><strong>verum</strong></span> <span class='ocrx_word' id='word_1_249' title='bbox 1190 3843 1339 3931; x_wconf 78' lang='lat' dir='ltr'><strong>estetsi,</strong></span> 
     </span>
     <span class='ocr_line' id='line_1_33' title="bbox 226 3954 1341 4052; baseline -0.007 -24"><span class='ocrx_word' id='word_1_250' title='bbox 226 3958 313 4028; x_wconf 84' lang='lat' dir='ltr'><strong>edita</strong></span> <span class='ocrx_word' id='word_1_251' title='bbox 324 3958 396 4050; x_wconf 89' lang='lat' dir='ltr'><strong>lege</strong></span> <span class='ocrx_word' id='word_1_252' title='bbox 415 3958 525 4052; x_wconf 84' lang='lat' dir='ltr'><strong>alique</strong></span> <span class='ocrx_word' id='word_1_253' title='bbox 537 3957 715 4052; x_wconf 87' lang='lat' dir='ltr'><strong>pontificia,</strong></span> <span class='ocrx_word' id='word_1_254' title='bbox 733 3958 912 4051; x_wconf 83' lang='lat' dir='ltr'><strong>Episcopus</strong></span> <span class='ocrx_word' id='word_1_255' title='bbox 926 3956 1045 4049; x_wconf 88' lang='lat' dir='ltr'><strong>aliquis</strong></span> <span class='ocrx_word' id='word_1_256' title='bbox 1055 3954 1158 4024; x_wconf 84' lang='lat' dir='ltr'><strong>celare</strong></span> <span class='ocrx_word' id='word_1_257' title='bbox 1173 3961 1205 4021; x_wconf 83' lang='lat' dir='ltr'><strong>ot</strong></span> <span class='ocrx_word' id='word_1_258' title='bbox 1220 3961 1341 4022; x_wconf 84' lang='lat' dir='ltr'><strong>certam</strong></span> 
     </span>
     <span class='ocr_line' id='line_1_34' title="bbox 226 4060 1343 4160; baseline -0.009 -22"><span class='ocrx_word' id='word_1_259' title='bbox 226 4068 374 4138; x_wconf 76' lang='lat' dir='ltr'><strong>nuntiam</strong></span> <span class='ocrx_word' id='word_1_260' title='bbox 388 4069 422 4138; x_wconf 92' lang='lat' dir='ltr'><strong>in</strong></span> <span class='ocrx_word' id='word_1_261' title='bbox 438 4092 498 4138; x_wconf 86' lang='lat' dir='ltr'><strong>sua</strong></span> <span class='ocrx_word' id='word_1_262' title='bbox 519 4065 947 4160; x_wconf 31' lang='lat' dir='ltr'><strong>dioeoesijmpedire‘vellet,</strong></span> <span class='ocrx_word' id='word_1_263' title='bbox 964 4063 1098 4134; x_wconf 90' lang='lat' dir='ltr'><strong>minime</strong></span> <span class='ocrx_word' id='word_1_264' title='bbox 1113 4061 1147 4131; x_wconf 86' lang='lat' dir='ltr'><strong>id</strong></span> <span class='ocrx_word' id='word_1_265' title='bbox 1161 4067 1269 4154; x_wconf 83' lang='lat' dir='ltr'><strong>posset</strong></span> <span class='ocrx_word' id='word_1_266' title='bbox 1282 4060 1343 4131; x_wconf 91' lang='lat' dir='ltr'><strong>ob-</strong></span> 
     </span>
     <span class='ocr_line' id='line_1_35' title="bbox 226 4165 1343 4268; baseline -0.008 -23"><span class='ocrx_word' id='word_1_267' title='bbox 226 4177 329 4246; x_wconf 81' lang='lat' dir='ltr'><strong>tinere</strong></span> <span class='ocrx_word' id='word_1_268' title='bbox 337 4204 346 4266; x_wconf 91' lang='lat'>;</span> <span class='ocrx_word' id='word_1_269' title='bbox 361 4177 428 4247; x_wconf 93' lang='lat' dir='ltr'><strong>imo</strong></span> <span class='ocrx_word' id='word_1_270' title='bbox 442 4176 537 4246; x_wconf 86' lang='lat' dir='ltr'><strong>citius</strong></span> <span class='ocrx_word' id='word_1_271' title='bbox 550 4177 585 4245; x_wconf 90' lang='lat' dir='ltr'><strong>in</strong></span> <span class='ocrx_word' id='word_1_272' title='bbox 600 4173 730 4246; x_wconf 80' lang='lat' dir='ltr'><strong>dioecesi</strong></span> <span class='ocrx_word' id='word_1_273' title='bbox 744 4174 814 4265; x_wconf 86' lang='lat' dir='ltr'><strong>illo,</strong></span> <span class='ocrx_word' id='word_1_274' title='bbox 827 4181 859 4243; x_wconf 88' lang='lat' dir='ltr'><strong>et</strong></span> <span class='ocrx_word' id='word_1_275' title='bbox 873 4194 930 4268; x_wconf 85' lang='lat' dir='ltr'><strong>per</strong></span> <span class='ocrx_word' id='word_1_276' title='bbox 951 4170 1067 4261; x_wconf 84' lang='lat' dir='ltr'><strong>diaria,</strong></span> <span class='ocrx_word' id='word_1_277' title='bbox 1082 4169 1209 4262; x_wconf 85' lang='lat' dir='ltr'><strong>aliaque</strong></span> <span class='ocrx_word' id='word_1_278' title='bbox 1224 4165 1343 4262; x_wconf 84' lang='lat' dir='ltr'><strong>scripta</strong></span> 
     </span>
    </p>
   </div>
   <div class='ocr_carea' id='block_1_5' title="bbox 0 0 1563 4952">
    <p class='ocr_par' dir='ltr' id='par_1_7' title="bbox 0 0 1563 4952">
     <span class='ocr_line' id='line_1_36' title="bbox 0 0 1563 4952; baseline 0 0"><span class='ocrx_word' id='word_1_279' title='bbox 0 0 1563 4952; x_wconf 95' lang='lat' dir='ltr'><strong> </strong></span> 
     </span>
    </p>
   </div>
  </div>
 </body>
</html>
