3050 4946
564 480 646 528 runis
668 481 819 528 mnonrer.
1184 461 1244 526 427

128 616 291 706 pondetur
313 621 502 689 translatum
527 621 660 712 quidem
682 631 825 690 veterem
853 622 996 690 codicem
1011 622 1200 691 Graecorum
1217 633 1248 690 et

128 724 258 792 Latinis
280 726 379 796 suase
401 728 587 818 cognitum
611 731 667 798 sed
690 740 827 820 negetur
850 753 926 798 eum
946 733 1170 800 auctoritatem
1186 753 1247 821 pu-

129 831 214 900 blice
234 836 353 925 recepti
375 835 494 906 codicis
517 837 681 907 habuisse.
703 838 829 906 Patebit
845 861 885 906 ex
900 837 1047 908 dicendis
1061 839 1160 925 infra,
1179 839 1246 928 §l,

130 939 833 1016 ubidePriscaetlsidorianeversionibns.
1002 966 1005 976 ·

653 1235 736 1324 §n

130 1413 197 1464 Num
210 1427 241 1465 ea
250 1428 308 1480 qum
319 1416 454 1468 dicebatur
467 1417 629 1470 Niennornm
647 1433 775 1471 canonum
791 1421 911 1472 collectio
926 1421 1158 1487 comprehenderit
1170 1419 1247 1472 ctiam

279 1499 327 1550 sub
344 1499 433 1554 eadem
449 1501 658 1554 denominatione
675 1517 789 1555 canones
806 1503 912 1556 concilii
927 1503 1095 1557 sardicensis.

181 1733 197 1772 a
222 1707 428 1780 Sardicenses
452 1735 591 1781 canones
605 1714 662 1806 qui
677 1715 712 1781 in
726 1715 918 1784 Latinorum
931 1735 1028 1784 usum
1042 1713 1141 1782 latine
1156 1711 1250 1798 editi‚'

136 1841 154 1880 u
177 1819 331 1888 aLatine
356 1843 393 1888 sc
416 1823 599 1912 praesertim
621 1823 769 1892 Romana
792 1823 933 1892 Ecclesia
957 1823 1076 1914 recepti
1100 1822 1246 1907 inerunt,

135 1951 152 1990 u
175 1925 383 1997 Nicaeuorum
405 1931 536 1999 nomine
560 1932 638 2000 olim
661 1932 759 2002 fuisse
780 1933 1030 2023 comprehensos
1054 1931 1156 2000 multu
1179 1937 1247 1998 tes-

135 2059 152 2098 u
178 2033 312 2102 timonis
326 2037 536 2106 convincunt.
562 2038 766 2127 u(Bollerini
782 2040 911 2125 fratres,
932 2041 1003 2108 loco
1024 2040 1131 2118 citato,
1155 2039 1176 2128 ξ
1200 2039 1246 2126 3.)

132 2142 263 2232 Septem
283 2144 424 2212 citantur
446 2146 634 2236 hujusmodi
653 2147 866 2216 testimonias
881 2147 1063 2216 Bellerinis.
1083 2147 1248 2238 liquibus

133 2251 205 2318 haec
235 2251 301 2320 duo
331 2261 458 2322 tentum
487 2255 737 2347 depromimus:
758 2262 790 2324 1⁰
817 2259 855 2324 ln
885 2255 1131 2326 commonitorio
1161 2252 1249 2346 qnod

131 2362 248 2450 legetis
266 2362 334 2432 suis
354 2365 395 2433 ed
419 2365 565 2434 Africam
586 2366 747 2459 deputatis
772 2365 904 2435 tradidit
923 2367 1072 2435 Zozimus
1087 2366 1187 2454 Papa,
1204 2365 1250 2430 sic

131 2469 326 2557 legebatur:
361 2472 462 2541 Verba
492 2497 656 2542 canonum
679 2476 714 2542 in
737 2476 921 2566 pleniorem
946 2474 1142 2564 firmitatem
1173 2471 1249 2538 duic

133 2579 384 2647 commonitorio
408 2581 613 2650 inseruimus.
634 2586 685 2651 Ita
704 2584 790 2650 enim
805 2583 960 2651 ductant
972 2585 1094 2672 fratres
1109 2581 1144 2648 in
1162 2582 1249 2647 Con-

133 2684 209 2752 cilio
225 2686 370 2769 neena,
386 2711 460 2756 cum
474 2689 513 2757 dc
528 2691 767 2782 Episcopomm
781 2690 999 2780 appellatione
1013 2688 1218 2758 decernerent
1237 2713 1248 2752 .·

130 2794 260 2883 placuit
279 2807 444 2864 autemut
463 2799 491 2866 si
513 2799 704 2891 Episcopus,
730 2807 819 2867 etc...
839 2803 887 2866 De
904 2798 1122 2889 appellatione
1136 2807 1250 2864 autem

133 2902 338 2989 clericorum,
365 2905 402 2972 id
419 2918 476 2986 cst,
504 2908 641 2974 minoris
662 2908 735 2987 loci,
763 2919 808 2975 cst
831 2907 932 2997 nisius
950 2906 1068 2996 synodi
1080 2917 1169 2973 certa
1183 2926 1249 2972 res-

130 3009 266 3099 poncia·
280 3010 319 3077 de
337 3033 403 3101 prta
430 3035 475 3093 re,
504 3013 585 3103 quid
602 3015 711 3082 acturi
734 3015 805 3082 sitis
820 3013 1016 3082 credidimus
1028 3012 1247 3092 inserendum,

134 3117 225 3207 quod
245 3119 357 3186 taliter
376 3119 501 3188 dictam
524 3135 570 3188 est
594 3147 604 3187 :
633 3121 726 3190 Osins
750 3123 931 3212 Episcopcn
950 3121 1036 3190 dizit
1054 3149 1064 3186 :
1081 3121 1170 3212 qnod
1199 3143 1251 3188 me

135 3226 244 3294 adduc
258 3240 376 3309 movet,
395 3237 455 3297 stc.
475 3230 577 3298 Porro
590 3251 694 3299 canon
709 3230 839 3298 Placuit
854 3242 966 3297 autem
981 3231 1056 3297 utsi
1066 3231 1137 3321 qais
1148 3229 1250 3319 Epis-
1274 3248 1278 3253 ·

134 3357 234 3423 copus
257 3357 322 3402 non
347 3343 396 3404 est
421 3335 564 3406 Nicaenae
585 3337 714 3427 synodi,
739 3337 795 3406 sed
816 3346 864 3406 est
878 3360 983 3406 canon
1000 3341 1017 3403 7
1036 3337 1249 3406 Sardicensie.

134 3443 216 3510 Item
238 3465 342 3511 conon
369 3444 462 3512 Osius
477 3445 658 3535 Episcopus
680 3445 777 3526 dicit,
805 3447 939 3514 minime
954 3457 999 3513 est
1013 3445 1177 3531 Nicaenus‚
1194 3445 1251 3513 sed

137 3551 338 3622 Sardicensis
367 3556 418 3619 17.
452 3552 540 3642 Ergo
568 3553 718 3621 zozimus
745 3553 834 3642 Papa
862 3553 924 3620 sub
947 3551 1058 3622 ecdem
1084 3553 1251 3620 communi

135 3661 397 3730 denominatione
411 3683 573 3729 mnonum
587 3661 796 3730 Nicmnorum
807 3660 1101 3751 comprehendebat
1121 3669 1152 3728 et
1172 3661 1252 3730 Sar-

136 3769 281 3836 diceuses
295 3791 445 3838 canones.
463 3773 496 3836 2⁰
515 3795 532 3834 <a
551 3769 757 3836 Innocentius
770 3769 785 3834 l
799 3767 834 3834 iu
849 3769 984 3859 epistole
1000 3773 1017 3835 3
1033 3767 1073 3836 ed
1090 3768 1252 3858 synodum

140 3901 157 3942 e
182 3875 382 3960 Toletanam,
409 3884 443 3942 n⁰
469 3881 500 3961 9,
526 3876 655 3964 repulus
677 3876 828 3946 Nicaeae
852 3875 1164 3944 inordinationibus
1179 3898 1252 3946 ser-

132 3986 157 4048 ‘u
182 3984 305 4052 vendas
333 4005 517 4069 recensens,
547 4006 585 4050 ea
611 3984 738 4052 decreta
768 3985 939 4068 subnectit,
971 4008 1045 4076 quae
1076 3987 1253 4075 partimin

142 4119 159 4156 a
182 4091 335 4176 Nicaenis,
352 4091 519 4182 partimin
539 4091 786 4187 sardicensibus
801 4091 980 4161 canonibus
994 4094 1213 4184 reperiuntur.
1231 4121 1248 4159 n

84 4201 90 4208 '
142 4200 321 4290 (Ballerini‚
336 4199 406 4270 loco
422 4201 532 4290 citato,
548 4211 582 4268 n⁰
602 4201 666 4290 12.)
