3072 4948
533 529 617 578 Jttnts
639 531 791 580 CANONlCi.

613 855 722 946 siv.
794 765 797 772 Ι

359 1040 395 1090 De
412 1041 527 1105 legitima
546 1041 743 1093 consuetudinis
759 1043 963 1110 proscriptione.

141 1269 418 1338 Praestandum.
430 1271 1032 1367 -Ouandoagiturdepraesoriptione
1047 1287 1222 1348 eonsuetu-

94 1373 196 1457 dinis,
227 1399 292 1446 vox
320 1377 375 1446 illa
397 1381 604 1473 prescriptio
627 1405 693 1451 non
714 1392 892 1474 usurpatur
907 1383 940 1450 in
953 1384 1061 1474 rigore
1076 1385 1217 1455 termini.

94 1482 309 1577 Praescriptio
336 1489 424 1556 enim
450 1491 582 1581 proprie
610 1489 728 1558 dieitur
752 1491 849 1581 longa
873 1494 1032 1584 possessio
1058 1495 1222 1588 qusquis

92 1593 237 1682 acquirit
260 1594 315 1684 jus
340 1596 375 1663 in
402 1619 472 1665 rem
493 1621 568 1688 qum
594 1598 635 1666 ad
662 1597 765 1668 alium
789 1600 982 1690 pertinebat.
1011 1602 1220 1670 Consuetudo

92 1708 206 1767 autem
226 1724 291 1771 nou
311 1703 446 1794 praeoise
469 1705 539 1796 ipsa
559 1706 756 1797 praesoribit‚
781 1706 837 1775 sed
854 1708 962 1799 potius
977 1730 1035 1799 par
1050 1709 1167 1800 ipsam,
1186 1709 1219 1777 id

92 1815 155 1893 est,
182 1831 240 1900 per
264 1811 533 1881 cousuetudinem
554 1812 753 1904 possidendi,
777 1815 1010 1905 praesoribitur.
1031 1815 1095 1884 Sed
1113 1825 1220 1884 tamen

92 1915 374 2005 quamadmodum
414 1918 511 2008 longa
546 1920 704 2011 possessio
740 1919 880 2012 alicujus
915 1922 996 1990 tollit
1029 1922 1219 1991 dominium

91 2021 240 2110 alterius,
269 2026 314 2092 ita
334 2026 434 2116 longa
459 2027 659 2096 consuetudo
682 2027 767 2096 tollit
792 2028 898 2118 legem
923 2029 1130 2110 commuwm
1158 2031 1220 2098 sibi

91 2131 304 2220 contrariam,
333 2134 554 2226 autaliquem
574 2158 693 2204 novam
719 2135 949 2224 obligationem
975 2144 1094 2228 praeter
1114 2137 1219 2226 legem

91 2238 231 2309 inducit.
267 2241 371 2310 Porro
397 2242 442 2310 ob
465 2243 560 2309 istam
591 2240 840 2310 similitudinem
876 2242 1017 2310 invaluit
1043 2265 1122 2311 usus
1154 2267 1220 2334 quo

90 2349 191 2416 etiam
205 2351 456 2419 consuetudines
471 2373 512 2418 ex
529 2349 741 2418 diuturnitate
757 2349 961 2442 praesmpta‘
977 2351 1087 2418 vocari
1103 2349 1217 2419 solent.

89 2455 189 2524 Unde
218 2478 275 2547 per
302 2457 570 2527 consuetudinem
599 2457 743 2546 legitime
772 2458 999 2549 praescriptam
1026 2456 1220 2547 intelligitur

89 2564 295 2634 consuetudo
321 2588 396 2656 quae
423 2576 472 2633 sat
500 2565 657 2633 diuturno
681 2574 826 2656 tempore
852 2564 995 2646 duravit,
1023 2573 1061 2633 ut
1087 2574 1221 2656 propter

88 2672 188 2740 istam
215 2673 464 2742 diuturnitatem
487 2673 718 2763 obligationem
746 2673 928 2755 induxisse,
957 2673 1007 2741 vel
1031 2672 1136 2762 legem
1156 2673 1220 2740 sibi

89 2782 289 2849 contrariam
305 2782 478 2872 abrogasse
492 2781 651 2850 censenda
664 2782 716 2849 sit.

137 2887 307 2981 Duplieem
326 2889 378 2958 hio
398 2891 614 2982 quaestiouem
636 2889 835 2959 uaomndanr
856 2890 1014 2960 habemus
1032 2918 1038 2958 :
1059 2894 1090 2958 1⁰
1105 2891 1216 2973 Quan-

90 2997 214 3067 donam
229 2997 279 3064 vis
294 2998 376 3087 legis
390 2997 617 3066 consuetudini
636 2999 844 3088 superveniat
861 3020 918 3090 per
936 2999 1022 3066 viam
1044 3001 1217 3091 praesarip-

89 3106 201 3174 tionis.
247 3109 280 3174 2⁰
314 3104 480 3188 Quantum
516 3105 702 3198 requiratur
736 3107 893 3198 temporis
927 3107 967 3175 ad
1003 3107 1214 3178 sufficientem

89 3213 385 3306 prescriptionem.

552 3427 709 3484 nuucruu
728 3429 746 3482 1.
809 3411 810 3414 ‘

140 3599 310 3658 Quandonam
328 3598 490 3650 consuetudo
506 3597 558 3646 vim
576 3596 640 3661 togis
656 3611 703 3661 per
720 3597 788 3648 riam
812 3596 1014 3661 praescriptionis
1031 3597 1155 3660 acquirat.

138 3813 170 3876 1⁰
183 3807 393 3878 Consuetudo
415 3805 589 3874 intrinsece
614 3803 699 3872 mdo
720 3825 776 3871 seu
790 3802 1026 3872 irrationabilis
1042 3825 1212 3895 nunquam

88 3940 131 3984 ex
151 3915 397 4008 praescriptione
417 3915 486 3982 vim
508 3913 591 4002 legis
615 3911 748 3979 obtinet.
766 3949 810 3962 -
826 3910 883 3978 Est
898 3909 1064 3979 unanimis
1080 3917 1112 3978 et
1125 3921 1212 3979 certa

89 4023 259 4092 doctorum
279 4021 450 4109 sententia,
470 4042 569 4112 qnam
591 4040 691 4109 supra
711 4018 935 4108 exposuimus.
958 4017 1025 4086 Neo
1046 4039 1105 4108 per
1123 4040 1211 4109 pras-

89 4130 312 4224 scriptiouem,
341 4151 398 4197 neo
430 4128 498 4197 ullo
523 4127 587 4196 alio
601 4125 715 4212 ,modo
741 4128 808 4194 vim
832 4126 916 4216 legis
939 4126 1086 4194 obtinere
1106 4135 1210 4218 potest

90 4237 292 4310 cousuetudo
303 4233 534 4305 irrationabilis
550 4234 619 4304 sivo
632 4241 764 4325 prater,
780 4233 848 4302 sive
862 4241 975 4303 eontra
984 4233 1050 4324 jus.

1013 4347 1052 4406 ‘25
