3064 4952
576 517 658 566 tnrrs
681 521 831 568 cruomcr.
1195 503 1257 569 175

143 653 320 743 adulteros,
349 678 412 726 uon
435 659 569 726 omnino
590 659 787 729 concordant
809 658 940 729 eruditi.
960 659 1110 753 Plerique
1132 669 1256 732 textum

144 763 333 854 intelligunt
347 764 388 833 de
406 765 583 858 Zephirino
597 768 686 859 Pspc
701 776 778 836 tunc
798 767 972 837 Ecclesiam
987 778 1117 859 regente
1135 797 1142 837 :
1156 770 1257 863 aliqui

144 881 304 962 putarunt
325 873 561 943 Tertullianum
589 874 679 967 loqui
705 873 745 942 dc
773 875 932 967 Episcopo
957 874 1205 967 Carthaginensi
1229 888 1261 946 ct

144 976 187 1046 dc
210 979 338 1050 decreto
363 981 405 1050 ub
425 982 495 1074 ipso
510 981 606 1070 iacto,
628 1004 725 1075 quem
742 982 963 1052 Tertullianus
980 1006 1039 1076 per
1053 986 1191 1055 ironiam
1202 1009 1259 1056 vc·
1277 996 1280 1004 ’

144 1095 233 1156 csrct
250 1089 440 1158 Pontificem
467 1090 662 1180 maximum,
686 1100 724 1176 et,
738 1093 791 1161 cui
813 1091 1024 1183 exprobraret
1038 1093 1126 1186 quod
1150 1092 1261 1164 decre·

144 1197 247 1265 visset
267 1196 308 1266 dc
330 1220 378 1286 rs,
403 1221 478 1290 quae
501 1221 568 1268 non
588 1199 629 1267 cb
654 1197 718 1268 ulio
732 1221 831 1292 quem
846 1221 1026 1270 successore
1041 1200 1129 1270 Petri
1144 1203 1179 1270 in
1193 1203 1259 1274 llo-

144 1325 244 1372 mens
258 1305 342 1374 Sede
357 1303 536 1374 decidenda
551 1307 669 1375 lueret.

189 1411 227 1483 Si
250 1413 339 1506 prior
360 1435 476 1484 seusus
496 1413 648 1505 eligatur,
664 1436 744 1506 ergo
758 1413 953 1507 zephirinus
968 1417 1057 1509 Pspn
1075 1425 1259 1509 percmpto-

142 1519 403 1591 rium.edictum
424 1523 510 1591 circs
533 1522 739 1615 disciplinam
763 1523 902 1610 fecerat,
926 1523 960 1592 id
985 1532 1044 1609 est,
1072 1532 1259 1616 potestatem

142 1629 363 1720 legislativum
384 1632 419 1700 in
439 1631 587 1700 ecclesius
610 1641 811 1700 exercuerat.
839 1629 876 1698 Si
893 1631 1062 1723 posterior,
1080 1655 1158 1722 ergo
1180 1633 1261 1702 Ter-

143 1737 303 1808 tullianus
330 1739 515 1812 viudicubnt
548 1741 715 1834 proprium
750 1740 906 1810 Romanis
939 1742 1148 1811 Pontificibus
1177 1742 1260 1812 hanc

142 1845 234 1937 leges
253 1847 377 1916 ferendi
403 1849 436 1917 in
457 1848 626 1918 universes
649 1848 797 1918 ccclesias
821 1856 1022 1940 potestatem.
1039 1849 1139 1919 Nobis
1152 1857 1259 1918 tomen

141 1956 237 2047 prior
252 1979 365 2026 seusus
378 1980 418 2026 ex
433 1965 586 2026 contextu
601 1957 732 2028 videtur
744 1958 1000 2050 anteponendus.
1024 1957 1119 2046 (Vide
1134 1959 1171 2026 Ρ.
1188 1959 1261 2028 Zsc·

142 2061 246 2152 ceris,
261 2064 519 2152 Antilebrouius‚
535 2087 610 2156 pers
625 2065 667 2153 Π,
684 2065 707 2132 l.
728 2065 781 2151 ll,
797 2087 827 2132 c.
847 2067 891 2153 l.)

191 2174 282 2240 Amic
296 2177 373 2242 251.
391 2211 436 2226 -
448 2172 659 2244 Mentor-abile
672 2195 862 2266 responsum
878 2173 967 2241 Cleri
979 2174 1132 2258 Romani,
1144 2175 1260 2267 ponti-

139 2281 223 2370 ficio
247 2280 330 2350 Sede
354 2294 500 2363 vocante,
528 2282 744 2350 adsumtum
773 2281 989 2374 Cypriorum.
1007 2319 1051 2334 -
1072 2283 1110 2351 ln
1135 2282 1258 2372 Africa,

140 2388 292 2480 qnidam,
319 2397 457 2480 urgente
482 2390 715 2481 persecutione,
741 2389 775 2457 in
809 2388 1024 2458 idololatriam
1049 2390 1130 2481 lupsi
1155 2403 1259 2460 crant.

141 2496 346 2566 Norstisnus
383 2499 521 2588 uegebet
557 2497 792 2566 absolutionem
830 2495 1019 2586 hujusmodi
1055 2496 1154 2588 lapsis
1193 2521 1261 2569 esse

141 2603 396 2674 concedendum.
429 2606 526 2696 Lupsi
554 2615 676 2692 eutem,
709 2604 792 2673 lacte
821 2604 990 2692 seditione,
1020 2605 1172 2674 volebant
1200 2609 1262 2676 sibi

143 2737 259 2806 pacem
281 2715 365 2804 dari,
387 2716 483 2784 ctiam
506 2737 573 2784 non
596 2714 725 2807 expleta
744 2714 890 2804 legitime
916 2713 1115 2806 poenitentis.
1134 2713 1180 2784 De
1195 2717 1261 2785 dis-

142 2832 295 2902 sensione
320 2832 382 2900 ists
405 2831 533 2923 scripsit
558 2837 687 2898 sanctus
713 2825 898 2918 Cyprianus
926 2824 965 2893 sd
998 2825 1203 2917 presbyteros
1231 2835 1261 2896 el

143 2939 299 3009 diaconos
324 2940 415 3008 urbis
440 2937 567 3023 Rome,
592 2958 658 3028 quo
681 2943 839 3024 tempore,
867 2955 926 3025 pcr
943 2932 1068 3001 obitum
1084 2934 1185 3003 sancti
1200 2933 1259 3004 Fa·

143 3048 238 3117 biani
250 3048 361 3140 Papae,
378 3046 512 3117 vacabat
526 3043 694 3136 pontilicis
708 3041 819 3111 Sedes.
833 3041 872 3108 ln
883 3062 1038 3133 responso
1054 3050 1162 3110 sutem
1175 3043 1263 3112 Cleri

142 3157 290 3226 Romani
314 3165 424 3226 extent
437 3156 508 3224 hsec
523 3153 617 3224 valde
634 3150 775 3221 notantis
795 3149 919 3218 verba:
944 3152 1155 3242 Quamquam
1173 3153 1263 3220 cobis

143 3265 333 3356 differendae
351 3266 452 3356 hujus
474 3264 523 3332 rci
543 3261 710 3331 necessitas
725 3257 838 3348 major
852 3257 1029 3339 incumbat,
1046 3258 1173 3349 quibus,
1185 3271 1263 3352 post

144 3397 311 3446 excessum
337 3373 545 3443 nobilissime
573 3370 739 3440 memorie
769 3367 834 3434 oiri
860 3366 998 3434 Fabiani
1004 3420 1013 3448 ,
1043 3366 1190 3435 nondum
1218 3381 1263 3436 est

146 3485 329 3577 Episcopus
336 3495 475 3576 propter
489 3501 601 3548 rerum
615 3490 645 3546 et
660 3490 846 3568 temporum
866 3473 1093 3565 difficultatem
1108 3475 1264 3543 coustitu-

145 3607 213 3676 tus,
235 3617 286 3672 our
307 3615 404 3661 curus
419 3613 487 3659 rsrs
513 3609 711 3670 uournsrnn,
728 3596 759 3651 et
779 3605 891 3650 eorum
907 3583 966 3673 qui
979 3583 1065 3674 lapsi
1075 3593 1153 3650 sunt
1158 3585 1263 3673 possit

144 3723 211 3770 cun
234 3721 443 3768 cncronrrsrs
466 3709 497 3764 ct
516 3694 647 3764 cmssilio
670 3691 787 3760 iniere
809 3689 982 3757 rationem.
1009 3688 1171 3777 (Collectio
1185 3712 1262 3758 con-

144 3808 312 3893 ciliorum,
326 3805 447 3892 Mensi,
466 3812 488 3871 t.
505 3805 533 3889 1,
551 3827 583 3894 p.
605 3801 693 3890 802.)
711 3799 798 3888 Ergo
813 3795 854 3864 cd
867 3797 1051 3864 Romanurn
1067 3795 1261 3887 Episcopum

144 3915 239 3986 Petri
262 3935 477 3984 successorem
500 3909 662 4002 spectabat
679 3905 792 3975 omnic
816 3905 880 3972 ista
905 3902 1082 3984 moderari,
1100 3901 1263 3975 ethorum

145 4024 298 4094 omnium
324 4024 358 4090 in
380 4020 520 4090 ccelesiis
540 4016 693 4087 sfricsnis
714 4037 788 4083 cum
814 4013 1011 4081 auctoritate
1028 4008 1145 4080 habere
1159 4013 1263 4083 ratio·

145 4155 237 4202 men.
257 4131 344 4220 Ergo
368 4139 445 4198 tunc
472 4127 625 4218 temporis
647 4133 684 4192 ut
703 4130 827 4191 certum
843 4121 1021 4188 hebebatur
1034 4143 1162 4189 summo
1177 4122 1264 4191 Pon-

147 4241 230 4312 tifici
251 4250 431 4333 competere
445 4237 663 4326 legislativem
684 4234 717 4300 in
732 4232 886 4302 universa
906 4229 1047 4298 Ecclesia
1063 4239 1249 4321 potestatem
