<?xml version="1.0" encoding="UTF-8"?>
<!DOCTYPE html PUBLIC "-//W3C//DTD XHTML 1.0 Transitional//EN"
    "http://www.w3.org/TR/xhtml1/DTD/xhtml1-transitional.dtd">
<html xmlns="http://www.w3.org/1999/xhtml" xml:lang="en" lang="en">
 <head>
  <title>
</title>
<meta http-equiv="Content-Type" content="text/html;charset=utf-8" />
  <meta name='ocr-system' content='tesseract 3.04.00' />
  <meta name='ocr-capabilities' content='ocr_page ocr_carea ocr_par ocr_line ocrx_word'/>
</head>
<body>
  <div class='ocr_page' id='page_1' title='image "./tractatusdeprin00bouigoog_0355.png"; bbox 0 0 3072 4948; ppageno 0'>
   <div class='ocr_carea' id='block_1_1' title="bbox 372 537 1131 606">
    <p class='ocr_par' dir='ltr' id='par_1_1' title="bbox 372 537 1131 606">
     <span class='ocr_line' id='line_1_1' title="bbox 372 537 1131 606; baseline -0.003 0"><span class='ocrx_word' id='word_1_1' title='bbox 372 537 434 606; x_wconf 80' lang='lat' dir='ltr'>ato</span> <span class='ocrx_word' id='word_1_2' title='bbox 723 557 896 605; x_wconf 78' lang='lat' dir='ltr'>macrmrs</span> <span class='ocrx_word' id='word_1_3' title='bbox 920 559 957 604; x_wconf 83' lang='lat' dir='ltr'>nr.</span> <span class='ocrx_word' id='word_1_4' title='bbox 980 558 1131 606; x_wconf 76' lang='lat' dir='ltr'>ramosus</span> 
     </span>
    </p>
   </div>
   <div class='ocr_carea' id='block_1_2' title="bbox 365 691 1478 2079">
    <p class='ocr_par' dir='ltr' id='par_1_2' title="bbox 365 691 1478 2079">
     <span class='ocr_line' id='line_1_2' title="bbox 370 691 1471 794; baseline -0.01 -24"><span class='ocrx_word' id='word_1_5' title='bbox 370 702 519 794; x_wconf 88' lang='lat' dir='ltr'>primunt</span> <span class='ocrx_word' id='word_1_6' title='bbox 533 721 665 770; x_wconf 86' lang='lat' dir='ltr'>sensum</span> <span class='ocrx_word' id='word_1_7' title='bbox 679 700 773 789; x_wconf 89' lang='lat' dir='ltr'>legis,</span> <span class='ocrx_word' id='word_1_8' title='bbox 794 723 891 791; x_wconf 90' lang='lat' dir='ltr'>porro</span> <span class='ocrx_word' id='word_1_9' title='bbox 906 721 1020 768; x_wconf 87' lang='lat' dir='ltr'>sensus</span> <span class='ocrx_word' id='word_1_10' title='bbox 1034 700 1129 790; x_wconf 86' lang='lat' dir='ltr'>legis,</span> <span class='ocrx_word' id='word_1_11' title='bbox 1149 697 1279 768; x_wconf 88' lang='lat' dir='ltr'>nomina</span> <span class='ocrx_word' id='word_1_12' title='bbox 1291 691 1471 786; x_wconf 82' lang='lat' dir='ltr'>legislatoris</span> 
     </span>
     <span class='ocr_line' id='line_1_3' title="bbox 371 801 1471 900; baseline -0.007 -22"><span class='ocrx_word' id='word_1_13' title='bbox 371 819 402 878; x_wconf 88' lang='lat' dir='ltr'>et</span> <span class='ocrx_word' id='word_1_14' title='bbox 424 831 464 878; x_wconf 81' lang='lat' dir='ltr'>ex</span> <span class='ocrx_word' id='word_1_15' title='bbox 487 809 589 900; x_wconf 88' lang='lat' dir='ltr'>ipsius</span> <span class='ocrx_word' id='word_1_16' title='bbox 608 807 797 876; x_wconf 88' lang='lat' dir='ltr'>anctoritate</span> <span class='ocrx_word' id='word_1_17' title='bbox 815 805 1062 893; x_wconf 86' lang='lat' dir='ltr'>determinatus,</span> <span class='ocrx_word' id='word_1_18' title='bbox 1078 814 1126 875; x_wconf 90' lang='lat' dir='ltr'>est</span> <span class='ocrx_word' id='word_1_19' title='bbox 1143 815 1210 874; x_wconf 88' lang='lat' dir='ltr'>tota</span> <span class='ocrx_word' id='word_1_20' title='bbox 1224 804 1274 874; x_wconf 88' lang='lat' dir='ltr'>vis</span> <span class='ocrx_word' id='word_1_21' title='bbox 1290 804 1374 894; x_wconf 87' lang='lat' dir='ltr'>legis</span> <span class='ocrx_word' id='word_1_22' title='bbox 1386 811 1417 872; x_wconf 88' lang='lat' dir='ltr'>et</span> <span class='ocrx_word' id='word_1_23' title='bbox 1428 801 1471 893; x_wconf 91' lang='lat' dir='ltr'>ip-</span> 
     </span>
     <span class='ocr_line' id='line_1_4' title="bbox 369 913 1472 1007; baseline -0.007 -22"><span class='ocrx_word' id='word_1_24' title='bbox 369 924 472 985; x_wconf 87' lang='lat' dir='ltr'>samet</span> <span class='ocrx_word' id='word_1_25' title='bbox 494 915 559 984; x_wconf 86' lang='lat' dir='ltr'>lex.</span> <span class='ocrx_word' id='word_1_26' title='bbox 586 919 618 983; x_wconf 74' lang='lat' dir='ltr'>l&#39;</span> <span class='ocrx_word' id='word_1_27' title='bbox 631 915 791 1007; x_wconf 85' lang='lat' dir='ltr'>Expressa</span> <span class='ocrx_word' id='word_1_28' title='bbox 815 914 894 983; x_wconf 88' lang='lat' dir='ltr'>dicit</span> <span class='ocrx_word' id='word_1_29' title='bbox 913 913 1074 983; x_wconf 85' lang='lat' dir='ltr'>SixtnsV</span> <span class='ocrx_word' id='word_1_30' title='bbox 1094 915 1127 981; x_wconf 90' lang='lat' dir='ltr'>io</span> <span class='ocrx_word' id='word_1_31' title='bbox 1146 913 1238 981; x_wconf 87' lang='lat' dir='ltr'>bulla</span> <span class='ocrx_word' id='word_1_32' title='bbox 1261 916 1433 990; x_wconf 83' lang='lat' dir='ltr'>lmmenso,</span> <span class='ocrx_word' id='word_1_33' title='bbox 1447 931 1472 976; x_wconf 88' lang='lat' dir='ltr'>se</span> 
     </span>
     <span class='ocr_line' id='line_1_5' title="bbox 370 1019 1474 1113; baseline -0.004 -22"><span class='ocrx_word' id='word_1_34' title='bbox 370 1022 513 1092; x_wconf 86' lang='lat' dir='ltr'>tribuere</span> <span class='ocrx_word' id='word_1_35' title='bbox 542 1022 796 1113; x_wconf 84' lang='lat' dir='ltr'>Congregationi</span> <span class='ocrx_word' id='word_1_36' title='bbox 822 1021 1055 1090; x_wconf 82' lang='lat' dir='ltr'>anctoritatem</span> <span class='ocrx_word' id='word_1_37' title='bbox 1082 1019 1300 1113; x_wconf 83' lang='lat' dir='ltr'>promovendi</span> <span class='ocrx_word' id='word_1_38' title='bbox 1324 1021 1474 1111; x_wconf 76' lang='lat' dir='ltr'>reformo·</span> 
     </span>
     <span class='ocr_line' id='line_1_6' title="bbox 372 1127 1474 1222; baseline -0.006 -23"><span class='ocrx_word' id='word_1_39' title='bbox 372 1131 494 1200; x_wconf 85' lang='lat' dir='ltr'>tionem</span> <span class='ocrx_word' id='word_1_40' title='bbox 516 1129 594 1198; x_wconf 85' lang='lat' dir='ltr'>cleri</span> <span class='ocrx_word' id='word_1_41' title='bbox 614 1142 644 1198; x_wconf 87' lang='lat' dir='ltr'>et</span> <span class='ocrx_word' id='word_1_42' title='bbox 662 1129 780 1222; x_wconf 83' lang='lat' dir='ltr'>populi</span> <span class='ocrx_word' id='word_1_43' title='bbox 796 1129 832 1196; x_wconf 90' lang='lat' dir='ltr'>in</span> <span class='ocrx_word' id='word_1_44' title='bbox 847 1129 998 1198; x_wconf 82' lang='lat' dir='ltr'>universo</span> <span class='ocrx_word' id='word_1_45' title='bbox 1014 1129 1294 1210; x_wconf 62' lang='lat' dir='ltr'>christianornm,</span> <span class='ocrx_word' id='word_1_46' title='bbox 1312 1127 1474 1216; x_wconf 70' lang='lat' dir='ltr'>iniitque</span> 
     </span>
     <span class='ocr_line' id='line_1_7' title="bbox 365 1233 1476 1330; baseline -0.004 -24"><span class='ocrx_word' id='word_1_47' title='bbox 365 1239 531 1330; x_wconf 77' lang='lat' dir='ltr'><em>pertinent</em></span> <span class='ocrx_word' id='word_1_48' title='bbox 553 1236 600 1305; x_wconf 85' lang='lat' dir='ltr'>ad</span> <span class='ocrx_word' id='word_1_49' title='bbox 620 1259 725 1306; x_wconf 86' lang='lat' dir='ltr'>mores</span> <span class='ocrx_word' id='word_1_50' title='bbox 743 1236 917 1304; x_wconf 71' lang='lat' dir='ltr'>christiani</span> <span class='ocrx_word' id='word_1_51' title='bbox 930 1237 1052 1329; x_wconf 79' lang='lat' dir='ltr'>populi</span> <span class='ocrx_word' id='word_1_52' title='bbox 1070 1235 1308 1329; x_wconf 80' lang='lat' dir='ltr'>componendos</span> <span class='ocrx_word' id='word_1_53' title='bbox 1335 1233 1384 1304; x_wconf 85' lang='lat' dir='ltr'>ad</span> <span class='ocrx_word' id='word_1_54' title='bbox 1399 1255 1476 1326; x_wconf 79' lang='lat' dir='ltr'>pra·</span> 
     </span>
     <span class='ocr_line' id='line_1_8' title="bbox 371 1341 1476 1437; baseline -0.006 -23"><span class='ocrx_word' id='word_1_55' title='bbox 371 1345 529 1437; x_wconf 73' lang='lat' dir='ltr'>seriptum</span> <span class='ocrx_word' id='word_1_56' title='bbox 552 1343 679 1413; x_wconf 90' lang='lat' dir='ltr'>concilii</span> <span class='ocrx_word' id='word_1_57' title='bbox 699 1343 900 1430; x_wconf 87' lang='lat' dir='ltr'>Tridentini;</span> <span class='ocrx_word' id='word_1_58' title='bbox 919 1341 975 1412; x_wconf 86' lang='lat' dir='ltr'>sed</span> <span class='ocrx_word' id='word_1_59' title='bbox 998 1345 1071 1414; x_wconf 84' lang='lat' dir='ltr'>talis</span> <span class='ocrx_word' id='word_1_60' title='bbox 1092 1345 1266 1413; x_wconf 87' lang='lat' dir='ltr'>auctoritas</span> <span class='ocrx_word' id='word_1_61' title='bbox 1287 1352 1338 1413; x_wconf 87' lang='lat' dir='ltr'>est</span> <span class='ocrx_word' id='word_1_62' title='bbox 1360 1341 1476 1432; x_wconf 84' lang='lat' dir='ltr'>legisla-</span> 
     </span>
     <span class='ocr_line' id='line_1_9' title="bbox 374 1449 1474 1542; baseline -0.006 -23"><span class='ocrx_word' id='word_1_63' title='bbox 374 1453 451 1536; x_wconf 86' lang='lat' dir='ltr'>tiva,</span> <span class='ocrx_word' id='word_1_64' title='bbox 475 1459 507 1519; x_wconf 90' lang='lat' dir='ltr'>et</span> <span class='ocrx_word' id='word_1_65' title='bbox 530 1458 578 1518; x_wconf 88' lang='lat' dir='ltr'>est</span> <span class='ocrx_word' id='word_1_66' title='bbox 599 1449 734 1541; x_wconf 84' lang='lat' dir='ltr'>ipsamet</span> <span class='ocrx_word' id='word_1_67' title='bbox 752 1451 849 1542; x_wconf 85' lang='lat' dir='ltr'>Papae</span> <span class='ocrx_word' id='word_1_68' title='bbox 870 1451 1045 1519; x_wconf 79' lang='lat' dir='ltr'>auctoritas</span> <span class='ocrx_word' id='word_1_69' title='bbox 1059 1451 1311 1541; x_wconf 77' lang='lat' dir='ltr'>congregationi</span> <span class='ocrx_word' id='word_1_70' title='bbox 1328 1450 1474 1539; x_wconf 83' lang='lat' dir='ltr'>delegata.</span> 
     </span>
     <span class='ocr_line' id='line_1_10' title="bbox 375 1555 1476 1648; baseline -0.003 -24"><span class='ocrx_word' id='word_1_71' title='bbox 375 1564 407 1624; x_wconf 76' lang='lat'>5⁰</span> <span class='ocrx_word' id='word_1_72' title='bbox 420 1559 524 1627; x_wconf 85' lang='lat' dir='ltr'>Nemo</span> <span class='ocrx_word' id='word_1_73' title='bbox 539 1557 573 1625; x_wconf 90' lang='lat' dir='ltr'>in</span> <span class='ocrx_word' id='word_1_74' title='bbox 589 1556 726 1625; x_wconf 86' lang='lat' dir='ltr'>dubium</span> <span class='ocrx_word' id='word_1_75' title='bbox 743 1565 870 1626; x_wconf 84' lang='lat' dir='ltr'>revocat</span> <span class='ocrx_word' id='word_1_76' title='bbox 888 1566 1000 1626; x_wconf 90' lang='lat' dir='ltr'>utrum</span> <span class='ocrx_word' id='word_1_77' title='bbox 1014 1557 1183 1648; x_wconf 86' lang='lat' dir='ltr'>delegatus</span> <span class='ocrx_word' id='word_1_78' title='bbox 1197 1581 1216 1626; x_wconf 90' lang='lat' dir='ltr'>a</span> <span class='ocrx_word' id='word_1_79' title='bbox 1230 1579 1363 1626; x_wconf 86' lang='lat' dir='ltr'>summo</span> <span class='ocrx_word' id='word_1_80' title='bbox 1379 1555 1476 1624; x_wconf 87' lang='lat' dir='ltr'>Ponti-</span> 
     </span>
     <span class='ocr_line' id='line_1_11' title="bbox 374 1663 1476 1756; baseline -0.004 -24"><span class='ocrx_word' id='word_1_81' title='bbox 374 1665 433 1734; x_wconf 89' lang='lat' dir='ltr'>fiee</span> <span class='ocrx_word' id='word_1_82' title='bbox 454 1663 496 1733; x_wconf 91' lang='lat' dir='ltr'>ad</span> <span class='ocrx_word' id='word_1_83' title='bbox 518 1665 606 1753; x_wconf 80' lang='lat' dir='ltr'>leges</span> <span class='ocrx_word' id='word_1_84' title='bbox 627 1685 702 1755; x_wconf 84' lang='lat' dir='ltr'>quae</span> <span class='ocrx_word' id='word_1_85' title='bbox 726 1665 821 1732; x_wconf 86' lang='lat' dir='ltr'>utiles</span> <span class='ocrx_word' id='word_1_86' title='bbox 838 1663 1038 1734; x_wconf 84' lang='lat' dir='ltr'>videbuntur</span> <span class='ocrx_word' id='word_1_87' title='bbox 1058 1665 1092 1732; x_wconf 90' lang='lat' dir='ltr'>in</span> <span class='ocrx_word' id='word_1_88' title='bbox 1111 1664 1221 1756; x_wconf 87' lang='lat' dir='ltr'>aliqua</span> <span class='ocrx_word' id='word_1_89' title='bbox 1234 1665 1370 1755; x_wconf 86' lang='lat' dir='ltr'>regione</span> <span class='ocrx_word' id='word_1_90' title='bbox 1386 1663 1476 1732; x_wconf 82' lang='lat' dir='ltr'>teren-</span> 
     </span>
     <span class='ocr_line' id='line_1_12' title="bbox 373 1768 1476 1862; baseline -0.006 -21"><span class='ocrx_word' id='word_1_91' title='bbox 373 1773 443 1858; x_wconf 88' lang='lat' dir='ltr'>das,</span> <span class='ocrx_word' id='word_1_92' title='bbox 470 1791 545 1840; x_wconf 88' lang='lat' dir='ltr'>vere</span> <span class='ocrx_word' id='word_1_93' title='bbox 570 1778 645 1860; x_wconf 87' lang='lat' dir='ltr'>agat</span> <span class='ocrx_word' id='word_1_94' title='bbox 668 1791 744 1838; x_wconf 89' lang='lat' dir='ltr'>cnm</span> <span class='ocrx_word' id='word_1_95' title='bbox 770 1777 925 1862; x_wconf 76' lang='lat' dir='ltr'><strong>potestate</strong></span> <span class='ocrx_word' id='word_1_96' title='bbox 949 1771 1134 1862; x_wconf 85' lang='lat' dir='ltr'>pontilicia;</span> <span class='ocrx_word' id='word_1_97' title='bbox 1164 1772 1294 1840; x_wconf 86' lang='lat' dir='ltr'>decreta</span> <span class='ocrx_word' id='word_1_98' title='bbox 1315 1768 1476 1840; x_wconf 87' lang='lat' dir='ltr'>cardinalis</span> 
     </span>
     <span class='ocr_line' id='line_1_13' title="bbox 373 1875 1478 1969; baseline -0.007 -19"><span class='ocrx_word' id='word_1_99' title='bbox 373 1879 539 1969; x_wconf 81' lang='lat' dir='ltr'>Cuprarae,</span> <span class='ocrx_word' id='word_1_100' title='bbox 559 1876 651 1944; x_wconf 86' lang='lat' dir='ltr'>verbi</span> <span class='ocrx_word' id='word_1_101' title='bbox 671 1877 788 1967; x_wconf 88' lang='lat' dir='ltr'>gratia,</span> <span class='ocrx_word' id='word_1_102' title='bbox 814 1877 851 1945; x_wconf 92' lang='lat' dir='ltr'>in</span> <span class='ocrx_word' id='word_1_103' title='bbox 868 1876 995 1965; x_wconf 88' lang='lat' dir='ltr'>Galliis,</span> <span class='ocrx_word' id='word_1_104' title='bbox 1016 1877 1151 1948; x_wconf 89' lang='lat' dir='ltr'>omnino</span> <span class='ocrx_word' id='word_1_105' title='bbox 1167 1877 1330 1946; x_wconf 87' lang='lat' dir='ltr'>habentur</span> <span class='ocrx_word' id='word_1_106' title='bbox 1345 1875 1478 1969; x_wconf 87' lang='lat' dir='ltr'>ejusden</span> 
     </span>
     <span class='ocr_line' id='line_1_14' title="bbox 373 1985 1478 2079; baseline -0.004 -23"><span class='ocrx_word' id='word_1_107' title='bbox 373 1985 571 2056; x_wconf 69' lang='lat' dir='ltr'>auctoritatis</span> <span class='ocrx_word' id='word_1_108' title='bbox 593 2007 630 2052; x_wconf 89' lang='lat' dir='ltr'>ac</span> <span class='ocrx_word' id='word_1_109' title='bbox 649 1985 677 2052; x_wconf 88' lang='lat' dir='ltr'>ai</span> <span class='ocrx_word' id='word_1_110' title='bbox 696 2007 715 2052; x_wconf 92' lang='lat' dir='ltr'>a</span> <span class='ocrx_word' id='word_1_111' title='bbox 735 1986 824 2077; x_wconf 90' lang='lat' dir='ltr'>Papa</span> <span class='ocrx_word' id='word_1_112' title='bbox 842 1985 961 2056; x_wconf 77' lang='lat' dir='ltr'>directe</span> <span class='ocrx_word' id='word_1_113' title='bbox 979 1996 1203 2074; x_wconf 75' lang='lat' dir='ltr'>emanassent,</span> <span class='ocrx_word' id='word_1_114' title='bbox 1226 2009 1325 2079; x_wconf 89' lang='lat' dir='ltr'>porro</span> <span class='ocrx_word' id='word_1_115' title='bbox 1341 1987 1478 2075; x_wconf 83' lang='lat' dir='ltr'>Congre-</span> 
     </span>
    </p>
   </div>
   <div class='ocr_carea' id='block_1_3' title="bbox 375 2091 1516 2186">
    <p class='ocr_par' dir='ltr' id='par_1_3' title="bbox 375 2091 1516 2186">
     <span class='ocr_line' id='line_1_15' title="bbox 375 2091 1516 2186; baseline -0.004 -24"><span class='ocrx_word' id='word_1_116' title='bbox 375 2094 462 2183; x_wconf 85' lang='lat' dir='ltr'>gatio</span> <span class='ocrx_word' id='word_1_117' title='bbox 483 2091 670 2184; x_wconf 85' lang='lat' dir='ltr'>hujusmodi</span> <span class='ocrx_word' id='word_1_118' title='bbox 690 2092 924 2182; x_wconf 74' lang='lat' dir='ltr'>delegationem</span> <span class='ocrx_word' id='word_1_119' title='bbox 944 2103 1133 2186; x_wconf 89' lang='lat' dir='ltr'>perpetuam</span> <span class='ocrx_word' id='word_1_120' title='bbox 1151 2094 1247 2163; x_wconf 88' lang='lat' dir='ltr'>habet</span> <span class='ocrx_word' id='word_1_121' title='bbox 1265 2093 1306 2162; x_wconf 90' lang='lat' dir='ltr'>ad</span> <span class='ocrx_word' id='word_1_122' title='bbox 1322 2093 1478 2162; x_wconf 75' lang='lat' dir='ltr'>declarari·</span> <span class='ocrx_word' id='word_1_123' title='bbox 1515 2135 1516 2138; x_wconf 55' lang='lat'><em>=</em></span> 
     </span>
    </p>
   </div>
   <div class='ocr_carea' id='block_1_4' title="bbox 375 2201 1515 4344">
    <p class='ocr_par' dir='ltr' id='par_1_4' title="bbox 375 2201 1479 2617">
     <span class='ocr_line' id='line_1_16' title="bbox 375 2201 1478 2295; baseline -0.004 -25"><span class='ocrx_word' id='word_1_124' title='bbox 375 2203 451 2271; x_wconf 90' lang='lat' dir='ltr'>dam</span> <span class='ocrx_word' id='word_1_125' title='bbox 471 2201 695 2270; x_wconf 88' lang='lat' dir='ltr'>Tridentinam</span> <span class='ocrx_word' id='word_1_126' title='bbox 715 2202 878 2293; x_wconf 83' lang='lat' dir='ltr'>synodum</span> <span class='ocrx_word' id='word_1_127' title='bbox 898 2211 930 2272; x_wconf 92' lang='lat' dir='ltr'>et</span> <span class='ocrx_word' id='word_1_128' title='bbox 948 2203 1019 2295; x_wconf 87' lang='lat' dir='ltr'>ejus</span> <span class='ocrx_word' id='word_1_129' title='bbox 1038 2205 1279 2272; x_wconf 83' lang='lat' dir='ltr'>exsecutionem</span> <span class='ocrx_word' id='word_1_130' title='bbox 1295 2223 1478 2294; x_wconf 82' lang='lat' dir='ltr'>promover-</span> 
     </span>
     <span class='ocr_line' id='line_1_17' title="bbox 375 2308 1478 2400; baseline -0.005 -22"><span class='ocrx_word' id='word_1_131' title='bbox 375 2310 461 2378; x_wconf 86' lang='lat' dir='ltr'><strong>dam.</strong></span> <span class='ocrx_word' id='word_1_132' title='bbox 490 2309 577 2399; x_wconf 84' lang='lat' dir='ltr'>Ergo</span> <span class='ocrx_word' id='word_1_133' title='bbox 602 2309 703 2400; x_wconf 86' lang='lat' dir='ltr'>ipsius</span> <span class='ocrx_word' id='word_1_134' title='bbox 727 2308 959 2379; x_wconf 81' lang='lat' dir='ltr'>declarationes</span> <span class='ocrx_word' id='word_1_135' title='bbox 982 2321 1013 2378; x_wconf 90' lang='lat' dir='ltr'>et</span> <span class='ocrx_word' id='word_1_136' title='bbox 1038 2311 1165 2380; x_wconf 86' lang='lat' dir='ltr'>decreta</span> <span class='ocrx_word' id='word_1_137' title='bbox 1188 2311 1228 2378; x_wconf 92' lang='lat' dir='ltr'>ad</span> <span class='ocrx_word' id='word_1_138' title='bbox 1250 2311 1478 2380; x_wconf 83' lang='lat' dir='ltr'>exsecutionem</span> 
     </span>
     <span class='ocr_line' id='line_1_18' title="bbox 377 2417 1479 2511; baseline -0.005 -23"><span class='ocrx_word' id='word_1_139' title='bbox 377 2419 542 2511; x_wconf 76' lang='lat' dir='ltr'>predictae</span> <span class='ocrx_word' id='word_1_140' title='bbox 561 2417 677 2508; x_wconf 81' lang='lat' dir='ltr'>synodi</span> <span class='ocrx_word' id='word_1_141' title='bbox 698 2420 949 2510; x_wconf 79' lang='lat' dir='ltr'>procurandam,</span> <span class='ocrx_word' id='word_1_142' title='bbox 972 2419 1118 2511; x_wconf 89' lang='lat' dir='ltr'>ejusdem</span> <span class='ocrx_word' id='word_1_143' title='bbox 1138 2419 1264 2489; x_wconf 89' lang='lat' dir='ltr'>roboris</span> <span class='ocrx_word' id='word_1_144' title='bbox 1285 2428 1366 2488; x_wconf 88' lang='lat' dir='ltr'>sunt</span> <span class='ocrx_word' id='word_1_145' title='bbox 1383 2441 1419 2486; x_wconf 87' lang='lat' dir='ltr'>ac</span> <span class='ocrx_word' id='word_1_146' title='bbox 1432 2418 1479 2484; x_wconf 85' lang='lat' dir='ltr'>sia</span> 
     </span>
     <span class='ocr_line' id='line_1_19' title="bbox 378 2523 1068 2617; baseline 0.003 -25"><span class='ocrx_word' id='word_1_147' title='bbox 378 2549 507 2594; x_wconf 85' lang='lat' dir='ltr'>summo</span> <span class='ocrx_word' id='word_1_148' title='bbox 522 2523 677 2594; x_wconf 87' lang='lat' dir='ltr'>Pontifiee</span> <span class='ocrx_word' id='word_1_149' title='bbox 691 2526 876 2594; x_wconf 87' lang='lat' dir='ltr'>immediate</span> <span class='ocrx_word' id='word_1_150' title='bbox 890 2527 1068 2617; x_wconf 85' lang='lat' dir='ltr'>prodirent.</span> 
     </span>
    </p>

    <p class='ocr_par' dir='ltr' id='par_1_5' title="bbox 379 2634 1515 4344">
     <span class='ocr_line' id='line_1_20' title="bbox 421 2634 1515 2728; baseline 0.006 -27"><span class='ocrx_word' id='word_1_151' title='bbox 421 2637 661 2724; x_wconf 68' lang='lat' dir='ltr'>Argumentum</span> <span class='ocrx_word' id='word_1_152' title='bbox 680 2636 721 2704; x_wconf 89' lang='lat' dir='ltr'>ll.</span> <span class='ocrx_word' id='word_1_153' title='bbox 739 2673 783 2687; x_wconf 94' lang='lat'><em>-</em></span> <span class='ocrx_word' id='word_1_154' title='bbox 799 2634 1067 2725; x_wconf 86' lang='lat' dir='ltr'>Congregationis</span> <span class='ocrx_word' id='word_1_155' title='bbox 1087 2636 1193 2720; x_wconf 80' lang='lat' dir='ltr'>istius,</span> <span class='ocrx_word' id='word_1_156' title='bbox 1213 2644 1323 2728; x_wconf 78' lang='lat' dir='ltr'>utpote</span> <span class='ocrx_word' id='word_1_157' title='bbox 1345 2659 1366 2704; x_wconf 90' lang='lat' dir='ltr'>a</span> <span class='ocrx_word' id='word_1_158' title='bbox 1386 2643 1479 2704; x_wconf 73' lang='lat' dir='ltr'>saneta</span> <span class='ocrx_word' id='word_1_159' title='bbox 1514 2667 1515 2708; x_wconf 73' lang='lat'>3</span> 
     </span>
     <span class='ocr_line' id='line_1_21' title="bbox 380 2741 1479 2836; baseline -0.002 -26"><span class='ocrx_word' id='word_1_160' title='bbox 380 2742 462 2810; x_wconf 87' lang='lat' dir='ltr'>Sede</span> <span class='ocrx_word' id='word_1_161' title='bbox 488 2741 671 2832; x_wconf 86' lang='lat' dir='ltr'>Apostolica</span> <span class='ocrx_word' id='word_1_162' title='bbox 697 2743 866 2828; x_wconf 79' lang='lat' dir='ltr'>institutae,</span> <span class='ocrx_word' id='word_1_163' title='bbox 896 2765 963 2810; x_wconf 91' lang='lat' dir='ltr'>non</span> <span class='ocrx_word' id='word_1_164' title='bbox 990 2744 1098 2812; x_wconf 88' lang='lat' dir='ltr'>minor</span> <span class='ocrx_word' id='word_1_165' title='bbox 1123 2744 1298 2814; x_wconf 86' lang='lat' dir='ltr'>auctoritas</span> <span class='ocrx_word' id='word_1_166' title='bbox 1322 2754 1372 2814; x_wconf 86' lang='lat' dir='ltr'>est</span> <span class='ocrx_word' id='word_1_167' title='bbox 1396 2765 1479 2836; x_wconf 86' lang='lat' dir='ltr'>quan</span> 
     </span>
     <span class='ocr_line' id='line_1_22' title="bbox 379 2848 1479 2942; baseline -0.002 -26"><span class='ocrx_word' id='word_1_168' title='bbox 379 2848 581 2917; x_wconf 89' lang='lat' dir='ltr'>Prudentum</span> <span class='ocrx_word' id='word_1_169' title='bbox 611 2869 666 2916; x_wconf 89' lang='lat' dir='ltr'>seu</span> <span class='ocrx_word' id='word_1_170' title='bbox 696 2848 1007 2919; x_wconf 78' lang='lat' dir='ltr'>iurisconsultorum</span> <span class='ocrx_word' id='word_1_171' title='bbox 1038 2851 1159 2942; x_wconf 88' lang='lat' dir='ltr'>quibus</span> <span class='ocrx_word' id='word_1_172' title='bbox 1188 2851 1365 2942; x_wconf 89' lang='lat' dir='ltr'>imperator</span> <span class='ocrx_word' id='word_1_173' title='bbox 1393 2850 1479 2918; x_wconf 84' lang='lat' dir='ltr'>lusti·</span> 
     </span>
     <span class='ocr_line' id='line_1_23' title="bbox 381 2957 1477 3049; baseline -0.004 -25"><span class='ocrx_word' id='word_1_174' title='bbox 381 2959 499 3024; x_wconf 88' lang='lat' dir='ltr'>niaous</span> <span class='ocrx_word' id='word_1_175' title='bbox 529 2957 606 3024; x_wconf 89' lang='lat' dir='ltr'>olim</span> <span class='ocrx_word' id='word_1_176' title='bbox 640 2957 750 3045; x_wconf 90' lang='lat' dir='ltr'>legum</span> <span class='ocrx_word' id='word_1_177' title='bbox 785 2959 1102 3049; x_wconf 84' lang='lat' dir='ltr'>interpretandarum</span> <span class='ocrx_word' id='word_1_178' title='bbox 1137 2958 1364 3027; x_wconf 86' lang='lat' dir='ltr'>auctoritatem</span> <span class='ocrx_word' id='word_1_179' title='bbox 1394 2957 1477 3025; x_wconf 86' lang='lat' dir='ltr'>dedit.</span> 
     </span>
     <span class='ocr_line' id='line_1_24' title="bbox 379 3064 1479 3157; baseline -0.004 -25"><span class='ocrx_word' id='word_1_180' title='bbox 379 3064 480 3156; x_wconf 79' lang='lat' dir='ltr'>Atqui</span> <span class='ocrx_word' id='word_1_181' title='bbox 499 3065 633 3132; x_wconf 88' lang='lat' dir='ltr'>istorum</span> <span class='ocrx_word' id='word_1_182' title='bbox 654 3065 822 3132; x_wconf 85' lang='lat' dir='ltr'>sententiae</span> <span class='ocrx_word' id='word_1_183' title='bbox 846 3073 878 3133; x_wconf 86' lang='lat' dir='ltr'>et</span> <span class='ocrx_word' id='word_1_184' title='bbox 899 3089 1053 3157; x_wconf 88' lang='lat' dir='ltr'>responsa</span> <span class='ocrx_word' id='word_1_185' title='bbox 1073 3067 1139 3134; x_wconf 85' lang='lat' dir='ltr'>vim</span> <span class='ocrx_word' id='word_1_186' title='bbox 1162 3066 1243 3155; x_wconf 84' lang='lat' dir='ltr'>legis</span> <span class='ocrx_word' id='word_1_187' title='bbox 1258 3065 1479 3147; x_wconf 85' lang='lat' dir='ltr'>obtinuerunt;</span> 
     </span>
     <span class='ocr_line' id='line_1_25' title="bbox 379 3170 1481 3266; baseline -0.002 -28"><span class='ocrx_word' id='word_1_188' title='bbox 379 3171 522 3239; x_wconf 69' lang='lat' dir='ltr'>habeant</span> <span class='ocrx_word' id='word_1_189' title='bbox 549 3170 780 3238; x_wconf 76' lang='lat' dir='ltr'>anctoritatem</span> <span class='ocrx_word' id='word_1_190' title='bbox 810 3184 971 3264; x_wconf 79' lang='lat' dir='ltr'>tartqnam</span> <span class='ocrx_word' id='word_1_191' title='bbox 1050 3197 1072 3240; x_wconf 88' lang='lat' dir='ltr'>a</span> <span class='ocrx_word' id='word_1_192' title='bbox 1098 3186 1209 3242; x_wconf 87' lang='lat' dir='ltr'>nostro</span> <span class='ocrx_word' id='word_1_193' title='bbox 1235 3172 1347 3241; x_wconf 74' lang='grc' dir='ltr'><strong><em>άὶυὺιο</em></strong></span> <span class='ocrx_word' id='word_1_194' title='bbox 1372 3173 1481 3266; x_wconf 71' lang='lat' dir='ltr'>firnirt</span> 
     </span>
     <span class='ocr_line' id='line_1_26' title="bbox 379 3279 1481 3372; baseline -0.001 -26"><span class='ocrx_word' id='word_1_195' title='bbox 379 3302 435 3346; x_wconf 88' lang='lat' dir='ltr'>ore</span> <span class='ocrx_word' id='word_1_196' title='bbox 454 3279 604 3370; x_wconf 68' lang='lat' dir='ltr'>profice.</span> <span class='ocrx_word' id='word_1_197' title='bbox 638 3279 757 3346; x_wconf 84' lang='lat' dir='ltr'>Omnia</span> <span class='ocrx_word' id='word_1_198' title='bbox 782 3283 871 3349; x_wconf 85' lang='lat' dir='ltr'>enim</span> <span class='ocrx_word' id='word_1_199' title='bbox 896 3282 1012 3350; x_wconf 74' lang='lat' dir='ltr'>merito</span> <span class='ocrx_word' id='word_1_200' title='bbox 1037 3293 1151 3349; x_wconf 85' lang='lat' dir='ltr'>nostro</span> <span class='ocrx_word' id='word_1_201' title='bbox 1173 3280 1327 3372; x_wconf 75' lang='lat' dir='ltr'>facimus,</span> <span class='ocrx_word' id='word_1_202' title='bbox 1355 3281 1432 3371; x_wconf 84' lang='lat' dir='ltr'>qnia</span> <span class='ocrx_word' id='word_1_203' title='bbox 1451 3299 1481 3343; x_wconf 76' lang='lat' dir='ltr'>er</span> 
     </span>
     <span class='ocr_line' id='line_1_27' title="bbox 379 3387 1480 3480; baseline -0.004 -24"><span class='ocrx_word' id='word_1_204' title='bbox 379 3389 471 3456; x_wconf 84' lang='lat' dir='ltr'>nobis</span> <span class='ocrx_word' id='word_1_205' title='bbox 485 3387 590 3456; x_wconf 86' lang='lat' dir='ltr'>omnis</span> <span class='ocrx_word' id='word_1_206' title='bbox 604 3387 649 3454; x_wconf 86' lang='lat' dir='ltr'>eis</span> <span class='ocrx_word' id='word_1_207' title='bbox 663 3389 873 3480; x_wconf 84' lang='lat' dir='ltr'>impartietur</span> <span class='ocrx_word' id='word_1_208' title='bbox 888 3391 1067 3460; x_wconf 76' lang='lat' dir='ltr'>auctoritas</span> <span class='ocrx_word' id='word_1_209' title='bbox 1083 3391 1131 3480; x_wconf 87' lang='lat' dir='ltr'>(L.</span> <span class='ocrx_word' id='word_1_210' title='bbox 1150 3391 1216 3458; x_wconf 88' lang='lat' dir='ltr'>Deo</span> <span class='ocrx_word' id='word_1_211' title='bbox 1229 3399 1361 3459; x_wconf 89' lang='lat' dir='ltr'>auctore</span> <span class='ocrx_word' id='word_1_212' title='bbox 1377 3391 1405 3476; x_wconf 92' lang='lat'>1,</span> <span class='ocrx_word' id='word_1_213' title='bbox 1417 3389 1436 3478; x_wconf 69' lang='grc' dir='ltr'>ξ</span> <span class='ocrx_word' id='word_1_214' title='bbox 1446 3389 1480 3454; x_wconf 82' lang='lat' dir='ltr'>Et</span> 
     </span>
     <span class='ocr_line' id='line_1_28' title="bbox 382 3496 1481 3591; baseline -0.003 -25"><span class='ocrx_word' id='word_1_215' title='bbox 382 3497 521 3577; x_wconf 76' lang='lat' dir='ltr'>adture,</span> <span class='ocrx_word' id='word_1_216' title='bbox 540 3496 765 3566; x_wconf 70' lang='lat' dir='ltr'>euersuri</span> <span class='ocrx_word' id='word_1_217' title='bbox 786 3497 865 3566; x_wconf 85' lang='lat' dir='ltr'>Jure</span> <span class='ocrx_word' id='word_1_218' title='bbox 887 3499 1077 3589; x_wconf 85' lang='lat' dir='ltr'>enucleato).</span> <span class='ocrx_word' id='word_1_219' title='bbox 1104 3500 1170 3568; x_wconf 86' lang='lat' dir='ltr'>Hoc</span> <span class='ocrx_word' id='word_1_220' title='bbox 1196 3499 1266 3591; x_wconf 85' lang='lat' dir='ltr'>ipso</span> <span class='ocrx_word' id='word_1_221' title='bbox 1290 3498 1380 3591; x_wconf 88' lang='lat' dir='ltr'>quod</span> <span class='ocrx_word' id='word_1_222' title='bbox 1406 3518 1481 3566; x_wconf 89' lang='lat' dir='ltr'>sum-</span> 
     </span>
     <span class='ocr_line' id='line_1_29' title="bbox 382 3601 1481 3697; baseline -0.005 -23"><span class='ocrx_word' id='word_1_223' title='bbox 382 3626 455 3674; x_wconf 87' lang='lat' dir='ltr'>mus</span> <span class='ocrx_word' id='word_1_224' title='bbox 483 3601 633 3672; x_wconf 81' lang='lat' dir='ltr'>Pontifex</span> <span class='ocrx_word' id='word_1_225' title='bbox 666 3603 850 3674; x_wconf 87' lang='lat' dir='ltr'>tacnltatem</span> <span class='ocrx_word' id='word_1_226' title='bbox 878 3605 1111 3697; x_wconf 88' lang='lat' dir='ltr'>interpretandi</span> <span class='ocrx_word' id='word_1_227' title='bbox 1142 3606 1270 3674; x_wconf 91' lang='lat' dir='ltr'>decreta</span> <span class='ocrx_word' id='word_1_228' title='bbox 1296 3605 1481 3675; x_wconf 73' lang='lat' dir='ltr'>Tridentinae¹</span> 
     </span>
     <span class='ocr_line' id='line_1_30' title="bbox 381 3709 1481 3805; baseline -0.005 -25"><span class='ocrx_word' id='word_1_229' title='bbox 381 3709 510 3805; x_wconf 87' lang='lat' dir='ltr'>synodi,</span> <span class='ocrx_word' id='word_1_230' title='bbox 533 3719 627 3778; x_wconf 86' lang='lat' dir='ltr'>antea</span> <span class='ocrx_word' id='word_1_231' title='bbox 650 3710 712 3778; x_wconf 89' lang='lat' dir='ltr'>sibi</span> <span class='ocrx_word' id='word_1_232' title='bbox 735 3720 945 3799; x_wconf 86' lang='lat' dir='ltr'>reservatam,</span> <span class='ocrx_word' id='word_1_233' title='bbox 967 3713 1219 3804; x_wconf 87' lang='lat' dir='ltr'>Congregationi</span> <span class='ocrx_word' id='word_1_234' title='bbox 1238 3714 1422 3799; x_wconf 88' lang='lat' dir='ltr'>contulerit,</span> <span class='ocrx_word' id='word_1_235' title='bbox 1436 3711 1481 3776; x_wconf 76' lang='lat' dir='ltr'>de</span> 
     </span>
     <span class='ocr_line' id='line_1_31' title="bbox 380 3817 1482 3909; baseline -0.005 -20"><span class='ocrx_word' id='word_1_236' title='bbox 380 3818 571 3889; x_wconf 85' lang='lat' dir='ltr'>elarationes</span> <span class='ocrx_word' id='word_1_237' title='bbox 595 3817 694 3908; x_wconf 80' lang='lat' dir='ltr'>hujus</span> <span class='ocrx_word' id='word_1_238' title='bbox 715 3818 987 3909; x_wconf 87' lang='lat' dir='ltr'>Congregationis</span> <span class='ocrx_word' id='word_1_239' title='bbox 1006 3820 1083 3888; x_wconf 85' lang='lat' dir='ltr'>iacit</span> <span class='ocrx_word' id='word_1_240' title='bbox 1106 3843 1193 3889; x_wconf 86' lang='lat' dir='ltr'>suas.</span> <span class='ocrx_word' id='word_1_241' title='bbox 1216 3820 1258 3888; x_wconf 86' lang='lat' dir='ltr'>Et</span> <span class='ocrx_word' id='word_1_242' title='bbox 1275 3843 1346 3888; x_wconf 89' lang='lat' dir='ltr'>eam</span> <span class='ocrx_word' id='word_1_243' title='bbox 1365 3821 1406 3889; x_wconf 91' lang='lat' dir='ltr'>ob</span> <span class='ocrx_word' id='word_1_244' title='bbox 1419 3840 1482 3886; x_wconf 83' lang='lat' dir='ltr'>euu-</span> 
     </span>
     <span class='ocr_line' id='line_1_32' title="bbox 382 3925 1482 4017; baseline -0.009 -19"><span class='ocrx_word' id='word_1_245' title='bbox 382 3953 451 3998; x_wconf 85' lang='lat' dir='ltr'>sam</span> <span class='ocrx_word' id='word_1_246' title='bbox 467 3927 685 4017; x_wconf 76' lang='lat' dir='ltr'>Congregatio</span> <span class='ocrx_word' id='word_1_247' title='bbox 705 3929 765 3996; x_wconf 86' lang='lat' dir='ltr'>troc</span> <span class='ocrx_word' id='word_1_248' title='bbox 786 3929 882 3998; x_wconf 90' lang='lat' dir='ltr'>modo</span> <span class='ocrx_word' id='word_1_249' title='bbox 902 3930 1065 3999; x_wconf 87' lang='lat' dir='ltr'>multoties</span> <span class='ocrx_word' id='word_1_250' title='bbox 1079 3930 1296 4000; x_wconf 84' lang='lat' dir='ltr'>inscribitur:</span> <span class='ocrx_word' id='word_1_251' title='bbox 1320 3925 1482 3998; x_wconf 72' lang='lat' dir='ltr'>Tridentini</span> 
     </span>
     <span class='ocr_line' id='line_1_33' title="bbox 381 4035 1482 4129; baseline -0.005 -21"><span class='ocrx_word' id='word_1_252' title='bbox 381 4036 509 4108; x_wconf 81' lang='lat' dir='ltr'>concilii</span> <span class='ocrx_word' id='word_1_253' title='bbox 527 4035 724 4104; x_wconf 70' lang='lat' dir='ltr'>sanctnnmi</span> <span class='ocrx_word' id='word_1_254' title='bbox 745 4037 881 4105; x_wconf 86' lang='lat' dir='ltr'>Domini</span> <span class='ocrx_word' id='word_1_255' title='bbox 898 4039 1002 4106; x_wconf 71' lang='lat' dir='ltr'>rasni</span> <span class='ocrx_word' id='word_1_256' title='bbox 1019 4039 1226 4119; x_wconf 78' lang='lat' dir='ltr'>natatoritate,</span> <span class='ocrx_word' id='word_1_257' title='bbox 1246 4059 1304 4106; x_wconf 84' lang='lat' dir='ltr'>seu</span> <span class='ocrx_word' id='word_1_258' title='bbox 1320 4035 1482 4129; x_wconf 78' lang='lat' dir='ltr'>apostolica</span> 
     </span>
     <span class='ocr_line' id='line_1_34' title="bbox 383 4143 1482 4236; baseline -0.006 -20"><span class='ocrx_word' id='word_1_259' title='bbox 383 4145 590 4227; x_wconf 69' lang='lat' dir='ltr'>anctoritate,</span> <span class='ocrx_word' id='word_1_260' title='bbox 611 4143 769 4236; x_wconf 80' lang='lat' dir='ltr'>interpres</span> <span class='ocrx_word' id='word_1_261' title='bbox 789 4145 1018 4235; x_wconf 71' lang='lat' dir='ltr'>(Plettcnberg,</span> <span class='ocrx_word' id='word_1_262' title='bbox 1035 4145 1155 4215; x_wconf 88' lang='lat' dir='ltr'>Notitia</span> <span class='ocrx_word' id='word_1_263' title='bbox 1168 4165 1282 4235; x_wconf 88' lang='lat' dir='ltr'>congr.</span> <span class='ocrx_word' id='word_1_264' title='bbox 1299 4155 1332 4214; x_wconf 90' lang='lat' dir='ltr'>et</span> <span class='ocrx_word' id='word_1_265' title='bbox 1349 4145 1482 4213; x_wconf 87' lang='lat' dir='ltr'>tribuna·</span> 
     </span>
     <span class='ocr_line' id='line_1_35' title="bbox 383 4251 1018 4344; baseline -0.005 -20"><span class='ocrx_word' id='word_1_266' title='bbox 383 4255 464 4330; x_wconf 89' lang='lat' dir='ltr'>lium</span> <span class='ocrx_word' id='word_1_267' title='bbox 480 4275 563 4322; x_wconf 87' lang='lat' dir='ltr'>ram.</span> <span class='ocrx_word' id='word_1_268' title='bbox 578 4251 702 4340; x_wconf 76' lang='lat' dir='ltr'>Curiae,</span> <span class='ocrx_word' id='word_1_269' title='bbox 717 4274 745 4324; x_wconf 88' lang='lat' dir='ltr'>e.</span> <span class='ocrx_word' id='word_1_270' title='bbox 767 4255 818 4338; x_wconf 84' lang='lat' dir='ltr'>lt,</span> <span class='ocrx_word' id='word_1_271' title='bbox 835 4253 856 4343; x_wconf 69' lang='grc' dir='ltr'>ξ</span> <span class='ocrx_word' id='word_1_272' title='bbox 871 4257 902 4338; x_wconf 83' lang='grc'>2,</span> <span class='ocrx_word' id='word_1_273' title='bbox 922 4262 957 4320; x_wconf 84' lang='lat' dir='ltr'>n⁰</span> <span class='ocrx_word' id='word_1_274' title='bbox 975 4253 1018 4344; x_wconf 83' lang='grc'>6).</span> 
     </span>
    </p>
   </div>
   <div class='ocr_carea' id='block_1_5' title="bbox 0 0 1554 4948">
    <p class='ocr_par' dir='ltr' id='par_1_6' title="bbox 0 0 1554 4948">
     <span class='ocr_line' id='line_1_36' title="bbox 0 0 1554 4948; baseline 0 0"><span class='ocrx_word' id='word_1_275' title='bbox 0 0 1554 4948; x_wconf 95' lang='lat' dir='ltr'> </span> 
     </span>
    </p>
   </div>
  </div>
 </body>
</html>
