3050 4946
309 410 371 476 ltl
661 429 837 476 rescrnrus
861 430 899 476 ne
922 431 1075 478 rnrucuus

350 571 424 642 Vll.
443 574 633 663 Syntcpmo
648 570 892 662 alphabeticum
907 593 1019 640 rerum
1033 571 1184 640 omnium
1198 595 1272 663 que
1283 572 1318 640 in
1327 569 1424 640 sceris
1511 581 1512 634 t

304 681 485 773 diuumque
523 679 699 748 canonibus
736 678 1066 770 comprehenderetur,
1103 688 1235 748 auctore
1271 679 1425 748 Metthaeo
1511 697 1512 702 ’

303 788 442 858 Blasteri
465 787 634 857 monacho.
654 787 728 856 Non
744 795 871 856 tautum
886 788 1032 856 eontinet
1052 810 1128 856 eum
1143 787 1325 856 canonibus
1339 787 1425 876 leges

304 899 499 983 lastiniani,
532 895 588 966 sed
624 895 722 964 etiem
755 896 896 966 oliorum
926 895 1163 988 imperatorum
1193 896 1422 966 recentiorum.

304 1007 441 1099 Scripsit
455 1013 563 1076 autem
577 1003 733 1074 Blesteris
748 1005 833 1074 circs
847 1027 973 1074 annum
993 1009 1089 1074 1335.

346 1117 436 1186 Vlll.
460 1115 616 1208 Epitonte
630 1111 820 1182 divinorum
833 1125 864 1180 et
881 1125 1074 1182 sanctorem
1094 1137 1270 1196 catenum,
1295 1123 1426 1184 auctore

301 1223 514 1294 Constantino
540 1219 798 1311 Hermenopulo,
823 1221 882 1311 qui
908 1219 988 1289 obiit
1007 1222 1092 1290 circe
1114 1243 1238 1292 annum
1268 1225 1365 1292 1380.
1381 1261 1427 1274 -

303 1332 424 1400 Divisit
445 1330 480 1398 in
502 1328 658 1398 sectiones
682 1331 714 1414 6,
739 1344 881 1418 querum
903 1351 1109 1420 unaqueque
1130 1329 1166 1396 in
1182 1328 1292 1398 titulos
1303 1328 1426 1398 distin-

302 1441 427 1532 guitur.
448 1442 482 1506 t·
496 1437 604 1508 Sectio
618 1436 686 1528 egit
700 1436 740 1505 de
754 1436 942 1528 Episcopis;
957 1441 993 1504 2·
1005 1437 1045 1506 de
1058 1437 1268 1530 presbyteris,
1282 1438 1425 1508 diaconis

302 1558 334 1618 et
361 1546 620 1640 hypodiaconis5
649 1549 680 1612 3·
705 1544 745 1614 de
766 1545 806 1612 iis
824 1568 900 1637 quor
924 1546 1016 1615 luicis
1037 1556 1070 1616 et
1090 1546 1217 1616 clericis
1236 1549 1425 1616 communie

305 1665 381 1726 sunt
396 1684 405 1743 ;
421 1661 456 1724 t·
470 1656 511 1724 de
525 1654 693 1724 monachis
707 1662 739 1722 et
759 1655 987 1742 monesteriis3
1007 1660 1041 1722 5²
1055 1655 1096 1723 de
1109 1655 1200 1724 luicis
1215 1683 1224 1742 5
1242 1661 1277 1722 θ’
1292 1655 1335 1724 de
1352 1679 1424 1724 mu-

301 1764 449 1833 lieribus.
480 1763 572 1831 Illam
601 1763 763 1855 epitomen
794 1761 896 1831 edidit
922 1761 1141 1856 Marqucrdus
1162 1762 1328 1834 Freherus
1356 1763 1423 1854 (lus

306 1895 619 1964 greco-romanum,
636 1872 659 1940 1.
681 1873 725 1964 t).

351 1980 409 2048 IX.
428 1979 514 2050 Sunt
526 1979 599 2048 eliae
622 1979 775 2072 quaedem
791 1980 979 2050 recentioris
995 1980 1133 2049 Greciae
1149 1979 1368 2066 collectiones,
1384 2003 1424 2048 ex

306 2089 429 2183 quibus
443 2091 705 2159 Nomocouonem
719 2089 861 2180 aliquem
881 2087 983 2156 edidit
999 2088 1182 2159 Cotelerius
1203 2089 1423 2178 (Monumeute

307 2200 392 2268 Eccl.
409 2221 540 2288 graecae,
555 2198 582 2284 1,
599 2197 637 2288 r),
654 2204 686 2264 et
699 2195 870 2266 Summam
892 2197 1036 2289 aliquem
1052 2220 1283 2290 responsorum
1301 2199 1423 2290 episco-
1511 2191 1512 2276 ζ

305 2307 430 2399 pelium
451 2306 554 2375 edidit
576 2304 793 2373 Leunolnvius
814 2305 884 2393 (lus
901 2327 1126 2395 graeco-rom„
1147 2305 1170 2372 l.
1194 2309 1226 2392 3,
1244 2308 1277 2390 l,
1296 2311 1314 2372 5
1330 2314 1363 2374 et
1379 2307 1419 2394 6).

307 2416 396 2484 Fnoti
417 2425 493 2484 sunt
514 2415 611 2484 etiem
633 2413 720 2506 apud
743 2414 875 2484 Grecos
895 2417 1006 2506 plures
1025 2413 1102 2484 libri
1129 2415 1366 2506 poenitentiales
1391 2416 1422 2481 in

307 2525 428 2619 quibus
464 2523 672 2592 eontinentur
704 2546 843 2592 canones
876 2523 917 2592 ad
949 2523 1154 2592 Plenitentiae
1184 2533 1423 2592 sacramentum

307 2632 516 2726 pertinentes.
542 2633 630 2700 Inter
651 2632 711 2700 hoe
729 2631 964 2723 poenitentiales
983 2632 1085 2701 libros
1098 2631 1243 2701 eminent
1257 2631 1423 2700 Poeniten-

260 2833 263 2840 Ι
308 2741 382 2810 tiele
419 2741 554 2810 loannis
587 2740 790 2833 Cappadocis
825 2741 1023 2810 Petriarchae
1059 2742 1421 2834 Constantinopolitani,
1510 2729 1511 2776 ³

308 2850 396 2942 quod
415 2843 583 2939 evulgavit
603 2849 751 2918 Morinos
771 2848 813 2918 ed
836 2849 954 2918 cnlcem
972 2851 1079 2942 operis
1093 2852 1146 2920 sui
1161 2850 1202 2920 de
1215 2851 1421 2920 Poenitentic.

352 2957 431 3024 Haec
457 2956 498 3023 de
524 2955 766 3025 collectionibus
802 2956 1014 3026 orientalibus
1047 2959 1237 3049 praelibasse
1273 2958 1420 3028 sufficiet.
1509 3025 1510 3034 ,

307 3065 403 3133 Nunc
417 3063 459 3132 ad
479 3063 686 3134 Occidentem
699 3072 731 3133 et
744 3066 925 3134 Romanam
945 3067 1131 3157 presertim
1149 3066 1327 3136 Ecclesiam
1345 3089 1424 3157 grc-

308 3174 388 3243 dum
403 3174 571 3244 [sciemus.

295 3277 305 3311 l
