3050 4946
324 519 385 586 tte
675 537 849 588 messuros
871 538 910 586 ns
932 535 1088 586 ermenus

367 684 507 749 Petrum
523 679 691 749 Laodicen
707 681 861 772 Pliryqic
877 693 1158 772 conyreqotorum,
1178 677 1330 769 aquibus
1343 700 1436 770 onpo-

323 789 380 858 siti
391 803 465 858 soen
483 813 618 859 canones
639 796 691 860 59.

365 911 506 976 Petrum
523 910 805 1000 Constantinopoli
828 921 1112 1000 oonqreyutomm,
1133 931 1154 975 a
1171 907 1288 998 quibus
1304 907 1439 1000 expositi

322 1031 399 1085 sunt
414 1039 550 1085 canones
574 1021 605 1085 6.

366 1138 507 1202 Petrum
537 1135 663 1226 Ephesi
688 1149 973 1225 conqreqatorum,
1008 1159 1029 1202 a
1056 1135 1172 1227 quitus
1200 1134 1341 1227 expositi
1367 1145 1439 1201 sunt

323 1265 460 1310 canones
477 1246 508 1307 7.

364 1361 506 1426 Patrem
524 1359 724 1428 Chalcedone
740 1375 1022 1452 conorequtorum,
1042 1361 1193 1453 aquibus
1212 1361 1353 1452 expositi
1367 1371 1439 1428 sunt

322 1489 459 1535 conones
474 1471 530 1534 27.

366 1586 527 1651 Ecstonte
553 1585 654 1651 etiem
677 1587 785 1654 sancti
809 1587 926 1654 Basilii
949 1609 1086 1655 caesones
1110 1609 1244 1654 uremero
1273 1589 1313 1651 68
1346 1582 1437 1675 (apud

321 1691 500 1759 Bellerinos
522 1692 591 1760 loco
610 1694 731 1782 citato).
754 1693 868 1775 Quoad
889 1717 1028 1764 conones
1050 1695 1151 1764 sancti
1173 1694 1287 1763 Basilii
1307 1701 1438 1760 testatur

321 1799 462 1868 loannes
483 1798 701 1868 scholasticus
724 1825 757 1868 se
779 1802 924 1892 primum
946 1826 1016 1871 esse
1036 1803 1095 1895 qui
1115 1825 1168 1870 eos
1187 1801 1368 1869 collectioni
1392 1799 1439 1866 in·

321 1905 469 1974 seruerit.
496 1905 582 1995 Ergo
607 1916 724 1975 oaetem
748 1931 821 1998 quen
845 1908 1014 1996 describit,
1036 1909 1105 2000 jam
1128 1908 1298 1976 exstabunt
1316 1915 1394 1975 tune
1409 1907 1437 1972 in

322 2015 429 2084 codice
449 2016 649 2085 Graecorum.

368 2139 400 2200 3⁰
416 2134 463 2201 De
487 2144 617 2202 auctore
641 2137 811 2226 primevae
837 2137 1034 2206 collectionis
1059 2137 1265 2221 Graecorum²
1296 2155 1362 2227 qua
1387 2156 1439 2202 use

321 2250 369 2310 est
388 2241 658 2310 Chalcedonensis
676 2244 833 2334 synodus,
858 2245 941 2312 nihil
963 2245 1101 2314 hebetur
1122 2253 1257 2312 certum.
1278 2243 1364 2312 Vide
1378 2242 1438 2310 ne-

321 2351 387 2420 voti
417 2351 507 2440 (lust.
530 2350 615 2441 juris
629 2375 700 2420 cun.
719 2352 858 2442 proleg„
875 2375 902 2420 o.
925 2357 956 2438 5,
977 2353 997 2444 ᾗ
1021 2353 1088 2441 st),
1106 2360 1136 2419 et
1160 2351 1300 2419 Fimieui
1319 2351 1363 2440 (in
1384 2351 1438 2419 lus

321 2479 407 2538 cen„
426 2470 449 2525 t.
468 2458 494 2544 1,
510 2481 542 2549 p.
563 2462 617 2546 67,
634 2459 711 2528 edit.
731 2459 863 2550 Neapol.
886 2461 994 2548 1777).

834 2870 854 2959 ᾗ
882 2869 937 2940 ιιι.

354 3121 390 3169 De
408 3121 561 3171 collectione
580 3131 708 3169 cononum
725 3117 830 3168 Jouunis
846 3116 1008 3178 scholastici,
1025 3121 1051 3167 et
1069 3115 1102 3166 de
1121 3117 1200 3180 ipsius
1219 3129 1411 3168 nomocenone.

366 3393 392 3458 1.
411 3389 485 3457 Fuit
504 3389 645 3457 loannes
661 3409 701 3454 ex
720 3385 836 3454 ordine
855 3388 1099 3474 advocatorum,
1123 3387 1179 3478 qui
1196 3394 1280 3482 tunc*
1290 3386 1443 3478 temporis

324 3498 525 3566 vocabuntur
544 3509 727 3579 azemorum
757 3493 887 3562 undeet
909 3517 1090 3585 cognomen
1107 3495 1289 3562 scholastici
1304 3496 1441 3563 traxisse

323 3605 452 3674 dicitur.
478 3603 554 3672 Fuit
569 3613 600 3670 et
618 3601 787 3694 presbyter
804 3602 1048 3686 Antiocheuus;
1067 3612 1098 3670 et
1113 3600 1246 3670 tandem
1259 3625 1349 3670 enno
1367 3606 1440 3686 sot,

322 3715 383 3784 sub
407 3713 591 3782 lustinieno
617 3711 823 3802 imperatore,
848 3712 890 3778 sd
915 3713 1024 3780 sedem
1050 3711 1442 3801 Constantinopolitanem

323 3829 453 3892 evectus
477 3827 536 3904 est,
565 3839 663 3908 quem
686 3841 790 3908 usque
815 3818 855 3885 ed
881 3841 1004 3886 annum
1030 3821 1090 3884 578
1113 3819 1230 3886 tenuit.
1256 3818 1357 3886 lllum
1377 3839 1443 3886 esse

323 3952 437 4000 revere
460 3935 623 3994 auctorem
649 3935 718 3992 tum
748 3925 951 3993 Collectionis
967 3947 1130 3994 somnum
1152 3926 1186 3992 in
1200 3925 1443 4015 queinquoqintu

325 4037 448 4116 titulos,
472 4040 540 4101 tum
560 4032 811 4112 Nomocononis,
834 4033 1016 4122 probarunt
1032 4031 1166 4116 eruditi,
1184 4039 1300 4100 contra
1315 4033 1445 4122 opinio-

322 4167 397 4211 nem
414 4142 500 4209 Petri
515 4139 556 4208 de
568 4137 687 4223 Mercu,
705 4139 760 4228 qui
778 4139 946 4226 (Concord.
962 4139 1018 4225 ΙΙΙ,
1038 4143 1068 4220 3,
1085 4162 1118 4206 ιι.
1135 4142 1164 4227 8)
1179 4139 1311 4228 putavit
1325 4140 1444 4208 Collec-

322 4257 442 4324 tionem
456 4271 617 4320 cononum
632 4249 749 4317 loanni
767 4250 967 4336 attributum,
983 4249 1178 4340 exscriptum
1196 4249 1297 4318 fuisse
1307 4273 1327 4316 a
1338 4249 1443 4320 Theo-
