3072 4948
618 491 792 539 TRAOEATUS
815 493 853 538 llll
875 491 1030 538 eumeleus

725 817 869 886 CAPUT
893 818 919 884 l.

398 1029 436 1074 DE
457 1027 694 1074 consummatis
716 1027 839 1073 namna
863 1028 901 1072 ΕΤ
924 1027 1060 1074 ntvnasts
1082 1025 1246 1072 semus.

795 1265 821 1334 l.

656 1429 774 1481 Definitio
789 1431 994 1482 consuetudinis.

313 1599 342 1660 l.
370 1591 417 1660 lle
442 1591 584 1659 nominis
604 1589 794 1660 definitione
817 1593 862 1660 sic
881 1591 1117 1660 Reiffenatual:
1149 1591 1378 1661 «Ordiendoa

270 1692 287 1766 α’
310 1699 454 1768 nominis
476 1697 685 1787 etymologia,
707 1698 908 1767 consuetudo
929 1699 1048 1768 dicitur
1064 1722 1083 1766 a
1099 1701 1199 1768 verbo
1212 1721 1376 1768 conruerco

270 1837 287 1874 c
310 1809 379 1876 aive
392 1807 604 1897 comucsacio,
624 1806 684 1874 hoc
697 1815 757 1892 est,
775 1808 879 1876 simul
891 1821 922 1875 et
937 1809 1054 1899 saepius
1065 1808 1154 1898 socio
1164 1833 1178 1889 ‚·
1194 1809 1273 1898 quin
1288 1807 1378 1874 vidc-

266 1941 283 1984 c
309 1919 383 1986 licet
403 1938 468 1984 non
482 1914 651 1982 inducitur
665 1915 728 1982 niai
742 1939 762 1982 a
776 1915 893 2007 majori
905 1925 996 2007 parte
1007 1916 1267 2002 communitatis,
1282 1916 1377 1984 simul

271 2053 287 2089 c
310 2049 347 2093 ac
362 2024 484 2115 aaepius
497 2031 604 2091 actum
624 2021 870 2114 frequentantis.
891 2050 907 2086 r
933 2024 982 2114 (ln
1000 2025 1128 2092 titulum
1144 2023 1183 2091 de
1201 2025 1379 2091 Coruuetu-

267 2135 343 2202 dine
358 2139 390 2220 4,
408 2134 484 2202 libri
501 2137 515 2201 l
533 2133 763 2222 Decretalium,
778 2134 800 2224 ξ
817 2137 861 2222 1.)

313 2248 344 2312 2.
368 2244 406 2311 lu
421 2265 518 2310 sensu
536 2241 692 2309 latissimo
707 2263 773 2310 vox
795 2241 851 2309 illa
865 2251 1043 2332 usurpatur
1059 2264 1118 2334 pro
1132 2241 1278 2333 qualibet
1290 2242 1380 2308 aimi-

267 2352 350 2420 lium
370 2349 566 2442 frequentia,
593 2373 668 2440 quae
689 2349 742 2416 vel
765 2349 917 2417 homiues
932 2349 985 2417 vel
1003 2350 1099 2418 bruta
1116 2350 1271 2417 animalia
1286 2369 1379 2438 agere

268 2459 320 2527 vel
341 2459 408 2550 pati
430 2457 544 2525 solent.
568 2455 623 2524 Sic
645 2456 790 2524 dicitur:
816 2456 871 2523 ille
886 2457 984 2525 homo
999 2457 1270 2526 consuetudinem
1286 2458 1380 2525 habet

268 2565 412 2660 quotidie
434 2563 665 2632 deambulandi
688 2591 695 2630 :
725 2574 773 2632 est
793 2573 941 2632 assuetus
964 2564 1160 2633 doloribus:
1186 2587 1291 2656 equus
1315 2578 1380 2632 tra-

268 2673 377 2743 hendo
400 2673 513 2740 currui
535 2678 704 2757 assuetus;
728 2672 791 2764 ipsi
806 2685 996 2742 consuetum
1013 2683 1061 2741 est
1074 2682 1222 2765 prompte
1237 2673 1378 2742 obedire.
1509 2677 1513 2706 “

270 2783 318 2852 De
339 2783 522 2874 acceptione
546 2781 601 2848 illa
623 2803 690 2849 non
710 2782 821 2871 agitur
839 2784 873 2850 iu
896 2782 1164 2875 jurisprudentia.
1193 2783 1331 2864 Quando
1348 2783 1380 2850 in

267 2891 342 2982 jure
368 2888 478 2979 agitur
503 2888 542 2956 de
565 2887 810 2974 cousuetudine,
838 2893 868 2954 1⁶
892 2889 1086 2979 intelligitur
1109 2898 1235 2959 tautum
1257 2890 1298 2958 de
1319 2890 1382 2957 ire-

269 2999 402 3090 quentia
429 3005 561 3064 actuum
590 2996 767 3082 similium,
799 3020 864 3068 uon
891 3020 969 3066 vero
996 2997 1036 3067 de
1062 2999 1244 3090 frequentia
1269 3020 1382 3068 eorum

270 3127 346 3198 quae
370 3105 496 3196 passive
521 3103 721 3190 tolerantur;
749 3107 782 3170 2ο
804 3105 913 3194 agitur
935 3114 1061 3174 tantum
1079 3106 1118 3174 de
1135 3106 1261 3176 actibus
1276 3107 1383 3176 homi-

270 3237 370 3298 nuru3
400 3216 431 3279 3ο
457 3213 566 3302 agitur
589 3213 629 3280 de
650 3212 774 3282 actibus
798 3237 817 3282 a
838 3217 1068 3284 communitate
1087 3215 1196 3307 aliqua
1211 3214 1382 3284 hominum

270 3320 498 3414 frequentatis,
533 3341 599 3388 non
630 3343 708 3390 vcro
738 3320 777 3389 de
808 3323 932 3392 actibus
963 3323 1132 3392 hominum
1165 3324 1380 3415 privatorum.

271 3429 358 3498 Hinc
374 3430 584 3514 cousuetudo,
602 3430 697 3521 juxta
711 3453 841 3499 sensum
858 3432 891 3499 in
902 3432 1160 3524 jurisprudentia
1176 3441 1381 3525 usurpatum,

272 3538 318 3605 sic
333 3537 463 3606 definiri
479 3546 583 3628 potest
599 3565 607 3604 ε

320 3649 351 3712 3.
382 3645 553 3713 similium
583 3645 726 3737 alicujus
752 3646 997 3714 communitatis
1024 3661 1160 3717 actuum
1185 3651 1383 3741 frequentia.

274 3755 399 3823 Dicitur
419 3753 615 3846 frequentia,
644 3754 721 3845 quia
743 3776 828 3822 unus
851 3763 907 3822 aut
926 3755 1009 3824 alter
1030 3765 1119 3824 actus
1140 3781 1206 3825 nou
1221 3759 1386 3827 constituit

273 3861 556 3947 cousuetudinem,
588 3860 643 3929 scd
672 3861 887 3953 requiruntur
913 3872 1003 3931 actus
1028 3864 1151 3956 pluries
1173 3866 1290 3934 iterati.
1326 3867 1386 3934 lli-

274 3974 359 4042 citur
386 3969 557 4050 similium,
586 3969 664 4059 quia
691 3967 767 4036 licet
795 3977 884 4036 actus
910 3971 1094 4062 frequentas
1119 3973 1195 4059 sint,
1223 3974 1249 4040 si
1277 3981 1384 4041 tamen

274 4078 315 4147 ad
336 4078 480 4148 diversas
502 4076 625 4168 species
647 4075 841 4165 pertincant,
865 4077 998 4145 minime
1019 4078 1287 4148 consuetudinem
1302 4103 1383 4154 oon-

274 4187 423 4262 stituunt.
