3064 4952
298 463 358 525 166
421 477 427 496 ’
650 481 823 528 reserares
847 485 884 528 aa
908 481 1060 528 rarueuus

295 602 512 672 universalem
554 601 730 672 Ecclesiam
765 603 893 693 legibus
915 601 1120 692 gubernandi
1151 607 1302 694 potestas.
1332 603 1418 684 Qum

294 711 406 779 omnia
421 713 453 779 in
467 717 606 781 tractatu
617 709 657 778 de
670 714 765 802 Papo
780 711 908 803 plenius
923 710 1126 778 evolvantur.

337 819 421 886 Cum
442 841 521 908 ergo
543 825 689 887 auctores
703 818 798 886 multi
817 818 872 910 jus
886 818 1078 887 canonicum
1097 818 1311 910 appellatione
1321 817 1420 909 juris

297 927 464 1016 Pontifios'i
486 934 685 1012 memorant,
701 949 766 996 uon
786 927 938 1016 figurate,
953 949 1021 994 non
1035 933 1158 1018 partem
1173 947 1232 1018 pro
1246 933 1314 994 toto
1328 927 1420 994 ami-

296 1035 418 1124 pientes
438 1035 636 1126 loquuntur,
667 1033 723 1104 sed
744 1057 821 1103 vera
836 1043 867 1102 et
880 1034 1030 1124 rigorosa
1044 1042 1183 1102 utuntur
1198 1032 1326 1100 dicendi
1344 1033 1421 1102 for-

212 1135 217 1142 ’
296 1142 394 1212 mula.
411 1146 481 1228 lus,
495 1143 615 1212 scilieet
631 1142 756 1234 Popula
770 1151 830 1228 est,
854 1141 1014 1233 quidquid
1026 1141 1082 1233 jus
1096 1140 1289 1212 eanonioum
1303 1141 1419 1210 stricta

295 1251 418 1321 dietum
433 1252 543 1321 vocari
566 1259 683 1344 potest.

741 1569 904 1650 SECTIO
942 1570 989 1648 ll.

337 1790 378 1846 llll
399 1789 720 1846 CONS'l'lTUTIONlBUS
740 1788 925 1845 suuuuauu
946 1787 1170 1854 PONTlFlCUld,
1191 1786 1371 1853 Quaruuus

647 1887 740 1944 tutus
758 1887 916 1944 caNONtct
937 1886 1055 1943 FONTE.

343 2155 575 2226 Praanotaudo.
593 2153 723 2221 -Nou
753 2159 879 2220 tantum
909 2171 1028 2237 verus,
1059 2150 1160 2218 immo
1191 2173 1256 2218 uon
1286 2158 1419 2220 tantum

300 2264 480 2357 precipuus
502 2270 599 2354 atque
625 2259 895 2352 locupletissimus
921 2257 1067 2326 canonici
1087 2257 1172 2350 juris
1194 2258 1267 2326 lons
1287 2257 1420 2328 decreta

298 2373 484 2452 Pontificia;
515 2371 583 2456 ded,
613 2379 708 2461 prout
730 2369 825 2438 modo
846 2367 1059 2454 ostendimus,
1081 2367 1222 2436 Romani
1245 2367 1420 2436 Pontifieis
1525 2395 1526 2400 ¹

301 2481 482 2572 legislativa
514 2485 668 2570 potestate
695 2483 797 2545 tolum
828 2476 937 2544 stricte
966 2473 1129 2566 loquendo
1146 2474 1202 2565 jus
1224 2473 1419 2543 ecelesiasti-

299 2613 374 2658 cam
392 2587 541 2656 firmatur
559 2596 655 2676 atque
673 2583 828 2653 consistit.
850 2581 933 2650 Aliis
957 2581 1075 2650 scilieet
1097 2581 1238 2675 praelatis
1258 2583 1420 2675 praelato-

301 2719 415 2767 rumve
437 2691 727 2764 eoadunatiouihus
751 2691 841 2758 nulla
864 2689 973 2758 relicta
999 2698 1047 2757 est
1062 2690 1196 2781 proprie
1211 2698 1243 2758 et
1255 2690 1418 2785 indepen-

301 2806 381 2874 deus
408 2805 496 2894 leges
533 2798 734 2869 universales
773 2795 934 2866 euadendi
963 2795 1116 2884 facultas,
1148 2803 1320 2889 postquam
1354 2801 1416 2868 uui

302 2913 423 2982 dietum
436 2934 455 2979 a
468 2909 599 2979 Christo
611 2915 670 2994 est,
681 2929 781 2999 pasce
802 2927 914 2996 opnor,
924 2927 1024 2998 pasce
1042 2926 1124 2986 oues,
1143 2911 1239 2997 atque
1257 2905 1305 2973 illi
1312 2907 1418 2998 pterea

300 3021 420 3091 tradita
439 3026 486 3088 est
504 3016 718 3086 universalem
740 3015 920 3084 Ecclesium
934 3012 1106 3104 pascendi,
1127 3013 1279 3104 rependi,
1302 3027 1333 3082 et
1348 3037 1417 3106 pu-

301 3127 456 3200 bemmtdi
466 3139 610 3220 potestas
628 3126 728 3218 (eoae.
747 3123 863 3214 Flos).
1529 3203 1530 3216 ξ

342 3241 386 3308 At
411 3259 505 3324 vero,
533 3233 688 3327 quoniam
719 3233 779 3301 hae
804 3239 957 3324 potestate
982 3232 1163 3322 legislativa
1188 3233 1413 3302 Romanorum

297 3345 513 3431 Pontificum,
543 3350 697 3433 tanquam
720 3339 915 3409 solidissima
935 3347 1039 3431 petra,
1059 3338 1217 3408 fundatur
1238 3349 1269 3408 et
1284 3348 1348 3409 stat
1363 3350 1414 3409 to-

298 3467 368 3526 tum
395 3449 574 3543 discipliuae
597 3447 817 3516 ecclesiastieae
831 3445 1007 3514 aedificium
1020 3454 1052 3514 et
1067 3445 1233 3534 soliditas,
1250 3447 1332 3515 nihil
1348 3471 1413 3516 aon

298 3567 492 3630 intentatum
519 3555 722 3647 reliquerunt
759 3552 972 3641 heterodoxi,
1001 3564 1038 3622 ut
1068 3552 1317 3623 fundamentum
1353 3556 1415 3626 hoe

300 3670 481 3764 quassando
504 3675 535 3734 et
554 3663 756 3735 corrodendo
778 3663 963 3755 disjicerent
976 3669 1032 3730 aut
1055 3662 1170 3731 saltem
1193 3662 1410 3732 infirmarent.

343 3780 478 3847 Errores
492 3783 600 3843 sutem
616 3771 654 3842 ad
671 3771 838 3864 sequeutia
853 3769 956 3862 capita
972 3769 1083 3838 reduci
1097 3782 1233 3862 possunt
1249 3798 1256 3838 :

345 3892 375 3954 1·
391 3885 537 3970 Eorum,
556 3881 614 3974 qui
638 3887 747 3972 aperte
762 3901 892 3947 omnem
919 3885 1109 3970 potestatem
1122 3877 1338 3968 legislativum
1355 3882 1414 3950 de·

296 4004 415 4088 negant
429 4013 558 4062 summo
580 3986 732 4057 Pontifici
748 4015 756 4055 ι
775 3987 819 4055 ita
834 3985 998 4056 Lutherus
1012 3987 1106 4079 eujus
1121 3987 1298 4079 propositio
1313 3989 1384 4059 haee
1403 4019 1410 4058 :

295 4106 407 4194 Neque
430 4103 536 4192 Papa,
565 4119 668 4188 neque
684 4096 889 4186 Episcopus,
906 4116 1011 4185 aeque
1023 4093 1111 4162 ullus
1127 4094 1297 4164 hominum
1314 4095 1413 4164 habet

295 4212 350 4304 jus
374 4211 469 4278 unius
497 4205 631 4300 syllabae
656 4224 753 4297 super
769 4201 990 4283 'christianum
1011 4202 1189 4291 homiuem,
1213 4203 1277 4272 uisi
1306 4203 1340 4272 id
1357 4205 1413 4276 fiat
