3072 4948
330 469 391 534 llo
679 487 852 536 rnrcrlros
874 491 912 536 ua
935 487 1087 534 rainerius

328 639 464 722 utroque
482 638 588 698 autem
607 651 681 698 casu
703 630 788 699 idem
808 627 934 698 obtinet
952 627 1163 713 consuetudo,
1180 625 1208 694 si
1222 624 1292 694 vim
1306 621 1434 708 habeat,

327 734 415 826 quod
438 736 597 804 obtineret
617 736 671 804 lex
696 735 805 828 aliqua
820 733 949 827 proprie
969 731 1301 818 dictadeaedcmrc;
1319 727 1437 798 ntideo

326 842 435 910 vocari
454 843 535 912 solet
560 843 612 911 les
635 865 700 912 noo
725 843 859 934 scepta.
884 842 958 912 Nou
980 863 1059 932 ergo
1081 847 1185 933 potest
1199 837 1303 922 ,staini
1318 835 1383 906 nisi
1399 835 1438 904 ab

325 949 436 1018 eadem
457 950 644 1020 anctoritate
669 973 734 1042 qua
753 949 831 1020 ferri
856 957 959 1043 potest
978 949 1050 1028 lex;
1073 945 1129 1022 sed
1144 947 1199 1016 lex
1214 967 1284 1014 non
1298 951 1363 1014 stat
1376 943 1438 1011 nisi

325 1079 383 1148 per
402 1056 600 1140 yolnntatem
618 1066 650 1126 et
669 1058 891 1128 anctoritatem
915 1055 1075 1150 Principis
1091 1053 1353 1148 jurisdictionem
1376 1051 1438 1120 ha-

325 1163 430 1232 bentis
439 1189 449 1251 ;
476 1185 555 1254 ergo
579 1185 683 1255 nequa
699 1163 830 1234 aliunde
848 1187 948 1256 quam
964 1186 1007 1234 ex
1024 1163 1138 1234 eadem
1161 1163 1327 1234 voluntate
1344 1183 1437 1232 snam

325 1271 394 1340 vim
408 1270 535 1342 trahere
552 1279 654 1362 potest
671 1271 882 1343 comnetndo.
900 1271 988 1362 Ergo
1004 1273 1087 1342 sicut
1107 1295 1167 1365 pro
1186 1271 1278 1341 omni
1292 1271 1381 1362 lege,
1396 1271 1438 1336 ita

325 1401 385 1470 pro
406 1377 552 1469 qualibet
573 1378 818 1465 consuetudine,
845 1387 881 1448 ut
904 1379 971 1450 vim
986 1378 1115 1466 habeat,
1134 1379 1314 1472 requiritur
1328 1375 1437 1468 aliqua

324 1485 474 1554 voluntas
498 1484 658 1576 Principis
679 1486 946 1557 consuetudinem
967 1487 1113 1575 firmans,
1130 1509 1187 1556 seu
1201 1485 1324 1577 aliquis
1339 1484 1438 1554 Prin-

324 1593 403 1683 cipis
425 1613 601 1662 consensus
619 1619 627 1660 ε
644 1592 798 1685 Princeps
821 1602 930 1664 nutem
951 1593 1102 1664 Ecclesiae
1116 1601 1164 1662 cst
1177 1614 1328 1664 summus
1344 1591 1436 1662 Pon-

323 1700 415 1768 tifex.
448 1699 520 1770 Non
550 1709 599 1768 est
627 1723 686 1770 cnr
716 1701 795 1771 huic
821 1701 928 1794 primo
957 1711 1077 1794 puncto
1103 1702 1332 1786 immoremur,
1365 1721 1437 1766 cnm

325 1808 509 1878 nullatcnus
524 1810 585 1900 ipsi
600 1810 847 1882 contradicatur.

771 2079 927 2136 PUNCTUM
947 2081 979 2135 ll.

325 2248 427 2312 Triplex
445 2247 608 2313 distinguitur
628 2248 722 2298 summi
744 2247 873 2299 Pontificio
894 2247 1000 2298 relative
1018 2247 1049 2296 acl
1067 2246 1268 2298 consuetudines
1285 2260 1434 2298 consensus.

371 2483 388 2522 c
412 2454 656 2526 advertendum
677 2455 824 2548 estquod
840 2456 944 2526 tribue
959 2455 1064 2525 modis
1079 2455 1234 2546 Princeps
1248 2455 1283 2523 in
1298 2477 1436 2524 consue-

328 2589 346 2628 c
367 2562 514 2632 tudinem
537 2564 717 2632 consentire
738 2563 875 2654 intelligi
897 2564 1012 2656 possit,
1030 2561 1190 2650 videlicet,
1206 2585 1374 2654 expresse,
1392 2573 1436 2630 ta·

329 2697 347 2737 c
369 2671 441 2756 cite,
461 2677 518 2739 ant
536 2671 705 2761 legaiiter;
728 2679 824 2762 atquc
836 2672 932 2763 juxta
953 2671 1026 2758 hcc,
1045 2671 1161 2763 triplex
1176 2670 1247 2763 ejus
1261 2693 1437 2740 consensus
1520 2733 1521 2770 ἔ

329 2779 526 2868 «distingui
551 2780 666 2848 valeat.
699 2782 876 2848 remensus
896 2802 1062 2871 cupressus
1087 2779 1274 2866 intervenit,
1305 2778 1437 2872 quaudo

329 2912 347 2951 a
369 2886 522 2977 Princeps
542 2908 694 2978 expresse
715 2909 772 2956 seu
790 2886 875 2956 clare
891 2888 1050 2957 consentit
1065 2886 1100 2954 in
1116 2885 1213 2955 talem
1228 2885 1438 2958 consuetudi-

328 3019 346 3059 α
370 3016 456 3080 nem,
480 2993 588 3062 dando
608 2993 770 3064 licentiam
794 2995 837 3064 ad
862 3017 934 3063 eam
954 2993 1235 3081 introducendam,
1259 2993 1312 3061 vel
1333 2994 1438 3086 ipsam
1519 3005 1520 3042 t

330 3127 347 3168 a
369 3102 589 3194 approbando.
611 3104 788 3172 romeam
804 3104 922 3173 tamtus
937 3103 1057 3172 dicitur
1070 3102 1201 3196 quando
1212 3102 1372 3194 Princeps
1383 3102 1440 3170 scit

330 3211 466 3279 ntalem
491 3208 757 3278 consuetudinem
780 3221 812 3278 et
842 3211 1036 3294 dissimulat,
1061 3234 1120 3280 seu
1145 3232 1211 3280 non
1234 3207 1438 3295 contradicit,

330 3341 444 3387 acum
466 3317 633 3386 commode
655 3319 873 3388 contradicere
903 3329 1009 3412 posset
1035 3347 1042 3386 :
1069 3319 1113 3386 sic
1137 3319 1224 3388 enim
1249 3317 1329 3386 dum
1362 3327 1441 3386 tacet

329 3427 549 3496 «consentire
573 3426 711 3495 videtur.
742 3431 917 3498 Consonus
941 3427 1065 3521 legalis,
1087 3428 1146 3519 qui
1169 3436 1202 3496 et
1215 3427 1389 3517 permoto,
1407 3449 1441 3493 ac

331 3561 349 3600 a
364 3533 532 3626 juridicia
549 3533 742 3626 appellatur,
767 3545 816 3604 est
837 3536 893 3604 ille
911 3536 970 3628 qui
984 3536 1080 3604 datur
1094 3557 1151 3628 per
1164 3535 1282 3624 legem,
1299 3535 1370 3604 sive
1385 3556 1442 3626 per
1518 3565 1519 3582 t

332 3669 348 3708 a
367 3641 423 3733 jus
447 3642 567 3733 ipsum,
587 3650 747 3733 quatenns
767 3644 967 3734 legislatores
988 3665 1045 3735 per
1066 3641 1228 3735 publicam
1256 3641 1339 3732 legis
1360 3663 1439 3710 auc-

332 3774 349 3814 a
372 3748 533 3818 toritatem
555 3751 761 3819 consentiunt
779 3753 813 3819 in
834 3773 947 3820 omnes
966 3750 1217 3820 consuetudines
1232 3749 1440 3818 rationabiles

331 3863 402 3924 cat
425 3854 568 3945 legitime
593 3859 809 3951 praescriptas,
833 3879 951 3952 casque
976 3857 1089 3929 firmae
1107 3879 1177 3926 esse
1201 3858 1335 3948 viraque
1360 3857 1440 3948 legis

332 3993 350 4033 a
372 3965 491 4036 habere
510 3966 625 4036 volunt
639 3968 688 4058 (ut
701 3991 730 4036 c.
751 3969 834 4038 Cum
848 3980 941 4040 tuoto
959 3972 1012 4055 ll,
1031 3967 1080 4036 tit.
1101 3971 1185 4038 roe
1196 3967 1437 4050 consucmdirre,
1517 4023 1518 4026 η

334 4101 351 4143 u
373 4074 433 4144 lib.
453 4078 467 4141 l
485 4073 755 4164 Decretalinm)...
778 4079 885 4168 Atque
899 4074 971 4144 ideo
990 4097 1183 4146 consensum
1198 4073 1285 4144 hunc
1299 4074 1365 4144 alio
1380 4095 1439 4142 no-

335 4209 352 4250 «
376 4181 461 4250 mine
483 4188 600 4249 vocant
617 4183 813 4272 generalem,
831 4206 869 4252 eo
885 4184 971 4274 quod
987 4207 1045 4276 per
1058 4185 1219 4276 publicam
1235 4185 1340 4276 legem
1353 4207 1438 4280 pras-
