3022 4950
285 457 325 523 42
637 481 810 530 rnncrarus
833 483 871 528 ua
893 483 1045 530 rnrncrrus

285 645 303 685 o
325 621 412 710 Ergo
425 621 480 714 jus
495 623 643 712 gentium
658 645 678 690 a
693 620 834 692 naturali
846 620 1038 694 distinctum
1047 623 1189 694 etlibera
1201 622 1402 716 populomm

285 751 303 794 a
324 726 491 798 voluntate
505 729 730 800 introductum
745 737 804 799 eat.

328 867 343 899 «
368 838 504 922 Queres
518 839 553 908 in
566 839 766 932 quibusnam
777 840 832 930 jus
847 841 996 930 gentium
1021 840 1148 911 differat
1168 865 1189 910 a
1207 840 1282 933 jure
1302 848 1406 910 uatu-

285 973 302 1010 o
325 946 411 1014 ruit
425 946 630 1042 Respoudco,
655 948 690 1016 in
713 948 1101 1040 sequentibus21·Quia
1124 957 1234 1018 ortum
1261 947 1358 1018 habet
1384 973 1406 1018 a

285 1079 302 1119 o
324 1053 426 1124 libera
437 1055 586 1146 gentium
606 1054 785 1144 voluntate,
800 1057 856 1148 jus
874 1077 953 1126 vero
967 1054 1115 1126 naturale
1128 1079 1149 1124 a
1160 1057 1228 1124 Deo
1242 1055 1404 1125 humanae

284 1189 301 1228 o
325 1171 450 1234 uaturae
460 1163 636 1235 conditore.
653 1165 779 1248 2⁰Quia
791 1187 856 1234 non
866 1164 989 1256 obligat
1003 1165 1404 1257 omnesomuiuogeutes,

285 1299 302 1338 «
325 1273 409 1344 sicut
418 1274 472 1366 jus
488 1273 647 1362 naturale,
663 1273 720 1342 sed
735 1273 843 1344 solum
871 1273 943 1344 illas
960 1273 1048 1366 apud
1073 1295 1155 1365 quas
1170 1273 1223 1342 uel
1246 1295 1406 1365 expressa

285 1408 301 1446 «
324 1381 490 1452 voluntate
513 1389 682 1475 receptum
706 1391 765 1465 est,
782 1382 835 1452 vel
861 1406 923 1452 usu
944 1391 976 1450 et
991 1382 1224 1453 consuetudine
1245 1381 1402 1452 invaluit.

286 1516 302 1555 a
327 1495 360 1558 30
374 1490 458 1572 Quia
477 1513 552 1582 quae
572 1491 725 1584 praecipit
747 1513 813 1560 non
829 1491 1001 1562 intrinsece
1016 1490 1162 1580 honesta,
1178 1500 1210 1559 et
1223 1513 1297 1582 quae
1312 1495 1406 1558 vetat

284 1627 300 1664 «
324 1621 389 1667 non
405 1599 578 1670 intrinsece
592 1600 764 1669 inhonesta
790 1608 878 1686 suut,
905 1599 953 1669 uti
974 1606 1084 1669 umen
1104 1621 1178 1692 quae
1200 1597 1404 1691 precipitat

283 1735 300 1775 o
323 1717 411 1778 vetat
430 1709 486 1801 jus
501 1707 659 1777 naturaie.
678 1711 711 1776 4⁰
724 1706 809 1790 Quia
825 1707 1022 1800 quandoque
1043 1705 1170 1777 malum
1186 1705 1348 1799 permittit
1363 1717 1402 1775 ut

283 1843 300 1882 o
322 1825 354 1885 et
369 1816 526 1885 humauae
542 1815 709 1908 fragilitati
723 1814 970 1904 condescendat,
988 1816 1042 1907 jus
1057 1837 1135 1886 vero
1150 1814 1298 1884 naturaie
1311 1835 1403 1882 uun-

282 1953 300 1992 a
322 1948 434 2018 quam.
465 1929 497 1992 50
512 1925 595 2009 Quia
613 1924 843 2016 promulgatur
858 1947 915 2018 per
931 1948 1030 1995 usum
1050 1933 1081 1992 et
1094 1923 1229 2017 praxim
1247 1923 1400 2014 gentium

281 2060 298 2099 o
322 2033 499 2122 ordinarie,
512 2033 567 2125 jus
585 2057 662 2103 vero
677 2033 824 2102 naturale
840 2057 898 2127 per
913 2031 1119 2126 adeptionem
1135 2055 1215 2102 usus
1228 2039 1327 2101 rectae
1343 2054 1404 2100 ra-

282 2170 299 2208 ι(
323 2143 432 2212 tionis.
452 2148 484 2212 60
499 2143 584 2227 Quia
608 2143 764 2213 mutabile
791 2151 851 2233 est,
880 2153 912 2213 et
932 2143 1000 2213 tolli
1018 2150 1122 2235 potest
1142 2142 1257 2211 saltem
1281 2147 1403 2212 mutuo

282 2279 298 2317 o
321 2251 470 2344 gentium
486 2273 688 2322 consensu...
703 2251 741 2322 Id
758 2260 867 2321 tamen
881 2273 999 2320 verum
1013 2259 1061 2320 est
1076 2249 1162 2342 quod
1176 2249 1232 2341 jus
1247 2247 1403 2340 gentium

282 2388 299 2426 o
322 2360 493 2453 proprium
509 2359 550 2430 ab
565 2383 631 2430 una
647 2359 715 2430 sola
729 2369 824 2453 geute
839 2383 898 2453 pro
911 2359 1007 2429 libitu
1024 2366 1054 2427 et
1069 2357 1190 2427 directe
1205 2355 1329 2436 mutari
1339 2379 1403 2425 ne-

281 2495 298 2534 «
321 2477 458 2562 queat...

321 2659 338 2694 n
364 2633 446 2701 Dico
464 2635 497 2699 3⁰
513 2655 521 2696 ε
540 2633 658 2700 Existit
672 2632 735 2700 tale
745 2633 800 2724 jus
814 2631 963 2722 gentium
978 2631 1076 2722 paulo
1090 2638 1165 2698 ante
1180 2628 1400 2720 descriptum.

226 2768 232 2793 ι
281 2765 298 2804 a
321 2738 481 2808 Probatur
505 2742 537 2806 1⁰
559 2740 611 2808 Ex
638 2740 809 2809 communi
824 2738 975 2830 gentium
991 2759 1103 2824 sensu,
1122 2736 1164 2805 ad
1177 2737 1232 2828 jus
1247 2737 1401 2826 gentium
1499 2789 1500 2814 ;

280 2871 296 2912 a
320 2868 407 2938 saepe
423 2846 685 2938 provocantium,
703 2855 740 2915 ut
758 2853 844 2938 patet
863 2867 904 2914 ex
928 2843 1092 2931 historiis;
1111 2847 1145 2910 20
1159 2842 1211 2911 Ex
1226 2845 1402 2912 communi
1499 2851 1500 2884 ³

280 2980 297 3019 o
320 2977 480 3023 consensu
495 2954 682 3042 docturum,
698 2962 734 3023 ut
749 2961 836 3046 patet
850 2974 892 3021 ex
911 2951 1023 3038 libris;
1043 2955 1076 3018 30
1091 2951 1144 3019 Ex
1164 2950 1303 3036 ratione,
1321 2953 1404 3041 quia

281 3087 297 3126 α
321 3060 417 3129 datur
431 3062 485 3154 jus
501 3085 566 3153 quo
580 3070 693 3152 gentes
712 3060 939 3131 consociantur
956 3059 998 3128 ad
1025 3081 1152 3150 eaquae
1175 3057 1339 3150 pertinent
1356 3061 1403 3128 ad

280 3195 297 3234 (ι
320 3191 435 3238 aarum
448 3169 650 3253 felicitatem,
667 3179 703 3236 ut
721 3175 807 3259 patet
822 3189 863 3236 ex
879 3165 985 3235 allatis
998 3165 1180 3257 exemplis,
1198 3165 1255 3234 sed
1270 3164 1331 3234 hoc
1343 3164 1403 3255 jus
1498 3233 1499 3252 ,

281 3303 297 3341 (ι
320 3284 456 3346 vocatur
469 3275 525 3366 jus
539 3277 698 3367 qents'um,
715 3296 806 3366 ergo.
825 3301 842 3340 n

322 3413 339 3452 «
363 3385 500 3455 Necesse
515 3394 624 3456 tamen
639 3407 707 3454 uon
722 3393 770 3454 est
787 3394 825 3453 ut
845 3405 960 3453 omnes
982 3381 1176 3474 simpliciter
1191 3390 1305 3471 gentes
1319 3405 1402 3451 con-

278 3519 294 3558 «
319 3493 579 3586 spirent,}[modo
602 3493 723 3585 aliquae
740 3491 846 3584 magis
865 3496 1002 3559 moratae
1029 3490 1075 3558 ita
1096 3491 1336 3559 consocientur.
1356 3490 1403 3558 Et
1497 3575 1498 3580 ἵ

276 3629 293 3668 «
318 3603 395 3672 hinc
422 3603 573 3674 barbarae
599 3602 759 3690 nationes,
781 3624 864 3694 quas
886 3621 1057 3690 uunquam
1085 3599 1288 3668 consensisse
1313 3597 1403 3668 facta

274 3736 291 3776 «
313 3713 479 3785 contraria
493 3713 644 3808 probant,
660 3711 735 3803 jure
750 3709 899 3802 gentium
916 3729 982 3778 nou
997 3707 1198 3798 obligantur.
1213 3733 1231 3772 n
