<?xml version="1.0" encoding="UTF-8"?>
<!DOCTYPE html PUBLIC "-//W3C//DTD XHTML 1.0 Transitional//EN"
    "http://www.w3.org/TR/xhtml1/DTD/xhtml1-transitional.dtd">
<html xmlns="http://www.w3.org/1999/xhtml" xml:lang="en" lang="en">
 <head>
  <title>
</title>
<meta http-equiv="Content-Type" content="text/html;charset=utf-8" />
  <meta name='ocr-system' content='tesseract 3.04.00' />
  <meta name='ocr-capabilities' content='ocr_page ocr_carea ocr_par ocr_line ocrx_word'/>
</head>
<body>
  <div class='ocr_page' id='page_1' title='image "./tractatusdeprin00bouigoog_0099.png"; bbox 0 0 3048 4954; ppageno 0'>
   <div class='ocr_carea' id='block_1_1' title="bbox 337 487 1099 554">
    <p class='ocr_par' dir='ltr' id='par_1_1' title="bbox 337 487 1099 554">
     <span class='ocr_line' id='line_1_1' title="bbox 337 487 1099 554; baseline 0.001 -5"><span class='ocrx_word' id='word_1_1' title='bbox 337 487 374 550; x_wconf 73' lang='lat' dir='ltr'><strong>Sl</strong></span> <span class='ocrx_word' id='word_1_2' title='bbox 688 503 861 554; x_wconf 75' lang='lat' dir='ltr'><strong>rnrerrrrs</strong></span> <span class='ocrx_word' id='word_1_3' title='bbox 887 507 923 552; x_wconf 83' lang='lat' dir='ltr'><strong>on</strong></span> <span class='ocrx_word' id='word_1_4' title='bbox 946 503 1099 553; x_wconf 67' lang='lat' dir='ltr'><strong>inmorsus</strong></span> 
     </span>
    </p>
   </div>
   <div class='ocr_carea' id='block_1_2' title="bbox 329 644 1513 2794">
    <p class='ocr_par' dir='ltr' id='par_1_2' title="bbox 331 621 1513 1171">
     <span class='ocr_line' id='line_1_2' title="bbox 333 644 1457 739; baseline 0 -26"><span class='ocrx_word' id='word_1_5' title='bbox 333 646 412 714; x_wconf 83' lang='lat' dir='ltr'><strong>ritas</strong></span> <span class='ocrx_word' id='word_1_6' title='bbox 435 644 502 731; x_wconf 83' lang='lat' dir='ltr'><strong>illa,</strong></span> <span class='ocrx_word' id='word_1_7' title='bbox 529 669 570 714; x_wconf 81' lang='lat' dir='ltr'><strong>ex</strong></span> <span class='ocrx_word' id='word_1_8' title='bbox 595 647 738 737; x_wconf 89' lang='lat' dir='ltr'><strong>probatis</strong></span> <span class='ocrx_word' id='word_1_9' title='bbox 757 647 918 739; x_wconf 81' lang='lat' dir='ltr'>superiori</span> <span class='ocrx_word' id='word_1_10' title='bbox 942 647 1059 739; x_wconf 85' lang='lat' dir='ltr'><strong>capite,</strong></span> <span class='ocrx_word' id='word_1_11' title='bbox 1086 669 1151 714; x_wconf 93' lang='lat' dir='ltr'><strong>non</strong></span> <span class='ocrx_word' id='word_1_12' title='bbox 1176 645 1239 713; x_wconf 82' lang='lat' dir='ltr'><strong>alia</strong></span> <span class='ocrx_word' id='word_1_13' title='bbox 1260 667 1330 714; x_wconf 85' lang='lat' dir='ltr'><strong>esse</strong></span> <span class='ocrx_word' id='word_1_14' title='bbox 1349 654 1457 736; x_wconf 88' lang='lat' dir='ltr'><strong>potest</strong></span> 
     </span>
     <span class='ocr_line' id='line_1_3' title="bbox 331 753 1513 846; baseline -0.001 -25"><span class='ocrx_word' id='word_1_15' title='bbox 331 777 430 844; x_wconf 86' lang='lat' dir='ltr'><strong>quam</strong></span> <span class='ocrx_word' id='word_1_16' title='bbox 446 753 626 822; x_wconf 85' lang='lat' dir='ltr'><strong>Pontificia.</strong></span> <span class='ocrx_word' id='word_1_17' title='bbox 654 753 714 822; x_wconf 91' lang='lat' dir='ltr'><strong>His</strong></span> <span class='ocrx_word' id='word_1_18' title='bbox 737 777 837 846; x_wconf 88' lang='lat' dir='ltr'><strong>perro</strong></span> <span class='ocrx_word' id='word_1_19' title='bbox 861 754 1104 823; x_wconf 88' lang='lat' dir='ltr'><strong>conditionibus</strong></span> <span class='ocrx_word' id='word_1_20' title='bbox 1120 753 1306 824; x_wconf 77' lang='lat' dir='ltr'>satisfacere</span> <span class='ocrx_word' id='word_1_21' title='bbox 1323 753 1457 822; x_wconf 88' lang='lat' dir='ltr'><strong>videtur</strong></span> <span class='ocrx_word' id='word_1_22' title='bbox 1512 773 1513 788; x_wconf 36' lang='lat' dir='ltr'><strong>l</strong></span> 
     </span>
     <span class='ocr_line' id='line_1_4' title="bbox 333 860 1459 952; baseline -0.002 -21"><span class='ocrx_word' id='word_1_23' title='bbox 333 861 482 931; x_wconf 87' lang='lat' dir='ltr'><strong>definitio</strong></span> <span class='ocrx_word' id='word_1_24' title='bbox 496 862 557 929; x_wconf 86' lang='lat' dir='ltr'><strong>ista</strong></span> <span class='ocrx_word' id='word_1_25' title='bbox 574 884 580 926; x_wconf 94' lang='lat'><strong>:</strong></span> <span class='ocrx_word' id='word_1_26' title='bbox 595 864 654 928; x_wconf 82' lang='lat' dir='ltr'><strong>Jus</strong></span> <span class='ocrx_word' id='word_1_27' title='bbox 683 863 878 932; x_wconf 81' lang='lat' dir='ltr'><strong>canonicum</strong></span> <span class='ocrx_word' id='word_1_28' title='bbox 906 863 1111 951; x_wconf 78' lang='lat' dir='ltr'><strong>pellicanum</strong></span> <span class='ocrx_word' id='word_1_29' title='bbox 1141 874 1216 930; x_wconf 83' lang='lat' dir='ltr'><strong>runt</strong></span> <span class='ocrx_word' id='word_1_30' title='bbox 1239 862 1341 928; x_wconf 71' lang='lat' dir='ltr'><strong>varie</strong></span> <span class='ocrx_word' id='word_1_31' title='bbox 1363 860 1459 952; x_wconf 82' lang='lat' dir='ltr'><strong>apud</strong></span> 
     </span>
     <span class='ocr_line' id='line_1_5' title="bbox 333 957 1513 1061; baseline -0.003 -22"><span class='ocrx_word' id='word_1_32' title='bbox 333 971 478 1040; x_wconf 80' lang='lat' dir='ltr'><strong>ccclesias</strong></span> <span class='ocrx_word' id='word_1_33' title='bbox 496 970 613 1040; x_wconf 70' lang='lat' dir='ltr'><strong>Gallim</strong></span> <span class='ocrx_word' id='word_1_34' title='bbox 620 971 699 1060; x_wconf 81' lang='lat' dir='ltr'><strong>juri</strong></span> <span class='ocrx_word' id='word_1_35' title='bbox 711 957 881 1039; x_wconf 80' lang='lat' dir='ltr'><strong>communi</strong></span> <span class='ocrx_word' id='word_1_36' title='bbox 893 970 1127 1061; x_wconf 80' lang='lat' dir='ltr'><strong>deroqotiones,</strong></span> <span class='ocrx_word' id='word_1_37' title='bbox 1141 968 1460 1047; x_wconf 81' lang='lat' dir='ltr'><strong>arctoritatesnmmi</strong></span> <span class='ocrx_word' id='word_1_38' title='bbox 1512 1039 1513 1052; x_wconf 19' lang='lat'>¹</span> 
     </span>
     <span class='ocr_line' id='line_1_6' title="bbox 333 1078 666 1171; baseline -0.009 -22"><span class='ocrx_word' id='word_1_39' title='bbox 333 1078 501 1171; x_wconf 74' lang='lat' dir='ltr'><strong>Pontifices</strong></span> <span class='ocrx_word' id='word_1_40' title='bbox 509 1081 666 1171; x_wconf 65' lang='lat' dir='ltr'><strong>firmate.</strong></span> 
     </span>
    </p>

    <p class='ocr_par' dir='ltr' id='par_1_3' title="bbox 329 1184 1513 2688">
     <span class='ocr_line' id='line_1_7' title="bbox 377 1184 1459 1279; baseline -0.004 -23"><span class='ocrx_word' id='word_1_41' title='bbox 377 1188 411 1256; x_wconf 89' lang='lat' dir='ltr'><strong>Si</strong></span> <span class='ocrx_word' id='word_1_42' title='bbox 439 1187 511 1279; x_wconf 83' lang='lat' dir='ltr'><strong>quis</strong></span> <span class='ocrx_word' id='word_1_43' title='bbox 541 1195 649 1256; x_wconf 85' lang='lat' dir='ltr'><strong>autern</strong></span> <span class='ocrx_word' id='word_1_44' title='bbox 676 1187 828 1256; x_wconf 87' lang='lat' dir='ltr'><strong>definiret</strong></span> <span class='ocrx_word' id='word_1_45' title='bbox 850 1189 901 1257; x_wconf 86' lang='lat' dir='ltr'><strong>his</strong></span> <span class='ocrx_word' id='word_1_46' title='bbox 927 1195 1054 1256; x_wconf 86' lang='lat' dir='ltr'><strong>tanturn</strong></span> <span class='ocrx_word' id='word_1_47' title='bbox 1083 1187 1205 1273; x_wconf 88' lang='lat' dir='ltr'><strong>verbis,</strong></span> <span class='ocrx_word' id='word_1_48' title='bbox 1232 1186 1294 1274; x_wconf 80' lang='lat' dir='ltr'><strong>jus</strong></span> <span class='ocrx_word' id='word_1_49' title='bbox 1316 1184 1459 1253; x_wconf 84' lang='lat' dir='ltr'><strong>ecclesiis</strong></span> 
     </span>
     <span class='ocr_line' id='line_1_8' title="bbox 334 1294 1459 1387; baseline -0.003 -21"><span class='ocrx_word' id='word_1_50' title='bbox 334 1296 453 1366; x_wconf 72' lang='lat' dir='ltr'><strong>Gallim</strong></span> <span class='ocrx_word' id='word_1_51' title='bbox 464 1295 651 1387; x_wconf 68' lang='lat' dir='ltr'><strong>proprium,</strong></span> <span class='ocrx_word' id='word_1_52' title='bbox 677 1294 927 1386; x_wconf 76' lang='lat' dir='ltr'><strong>aequivocationi</strong></span> <span class='ocrx_word' id='word_1_53' title='bbox 945 1303 976 1362; x_wconf 89' lang='lat' dir='ltr'><strong>et</strong></span> <span class='ocrx_word' id='word_1_54' title='bbox 991 1317 1129 1365; x_wconf 88' lang='lat' dir='ltr'><strong>erroneo</strong></span> <span class='ocrx_word' id='word_1_55' title='bbox 1145 1297 1256 1365; x_wconf 88' lang='lat' dir='ltr'><strong>sensui</strong></span> <span class='ocrx_word' id='word_1_56' title='bbox 1273 1296 1380 1365; x_wconf 89' lang='lat' dir='ltr'><strong>locum</strong></span> <span class='ocrx_word' id='word_1_57' title='bbox 1398 1296 1459 1364; x_wconf 87' lang='lat' dir='ltr'><strong>da-</strong></span> 
     </span>
     <span class='ocr_line' id='line_1_9' title="bbox 331 1403 1459 1497; baseline 0 -24"><span class='ocrx_word' id='word_1_58' title='bbox 331 1414 391 1474; x_wconf 87' lang='lat' dir='ltr'><strong>ret.</strong></span> <span class='ocrx_word' id='word_1_59' title='bbox 418 1404 478 1473; x_wconf 89' lang='lat' dir='ltr'><strong>Jus</strong></span> <span class='ocrx_word' id='word_1_60' title='bbox 501 1403 588 1472; x_wconf 90' lang='lat' dir='ltr'><strong>enim</strong></span> <span class='ocrx_word' id='word_1_61' title='bbox 605 1403 744 1494; x_wconf 86' lang='lat' dir='ltr'><strong>alicujus</strong></span> <span class='ocrx_word' id='word_1_62' title='bbox 765 1404 908 1494; x_wconf 84' lang='lat' dir='ltr'><strong>regionis</strong></span> <span class='ocrx_word' id='word_1_63' title='bbox 924 1404 1033 1474; x_wconf 88' lang='lat' dir='ltr'><strong>vocari</strong></span> <span class='ocrx_word' id='word_1_64' title='bbox 1047 1404 1139 1493; x_wconf 89' lang='lat' dir='ltr'><strong>solet,</strong></span> <span class='ocrx_word' id='word_1_65' title='bbox 1166 1428 1231 1474; x_wconf 90' lang='lat' dir='ltr'><strong>non</strong></span> <span class='ocrx_word' id='word_1_66' title='bbox 1253 1413 1384 1476; x_wconf 87' lang='lat' dir='ltr'><strong>tantum</strong></span> <span class='ocrx_word' id='word_1_67' title='bbox 1400 1407 1459 1497; x_wconf 89' lang='lat' dir='ltr'><strong>jus</strong></span> 
     </span>
     <span class='ocr_line' id='line_1_10' title="bbox 331 1510 1458 1604; baseline 0 -24"><span class='ocrx_word' id='word_1_68' title='bbox 331 1511 462 1604; x_wconf 86' lang='lat' dir='ltr'><strong>proprie</strong></span> <span class='ocrx_word' id='word_1_69' title='bbox 484 1510 619 1594; x_wconf 86' lang='lat' dir='ltr'><strong>dictum,</strong></span> <span class='ocrx_word' id='word_1_70' title='bbox 642 1510 751 1598; x_wconf 88' lang='lat' dir='ltr'><strong>idest,</strong></span> <span class='ocrx_word' id='word_1_71' title='bbox 769 1533 885 1580; x_wconf 87' lang='lat' dir='ltr'><strong>verum</strong></span> <span class='ocrx_word' id='word_1_72' title='bbox 911 1535 968 1580; x_wconf 90' lang='lat' dir='ltr'><strong>scu</strong></span> <span class='ocrx_word' id='word_1_73' title='bbox 997 1513 1195 1602; x_wconf 78' lang='lat' dir='ltr'><strong>legitimum,</strong></span> <span class='ocrx_word' id='word_1_74' title='bbox 1218 1513 1274 1581; x_wconf 84' lang='lat' dir='ltr'><strong>sed</strong></span> <span class='ocrx_word' id='word_1_75' title='bbox 1297 1513 1395 1582; x_wconf 86' lang='lat' dir='ltr'><strong>etiam</strong></span> <span class='ocrx_word' id='word_1_76' title='bbox 1423 1514 1458 1581; x_wconf 92' lang='lat' dir='ltr'><strong>id</strong></span> 
     </span>
     <span class='ocr_line' id='line_1_11' title="bbox 331 1619 1513 1738; baseline 0.003 -51"><span class='ocrx_word' id='word_1_77' title='bbox 331 1620 432 1711; x_wconf 82' lang='lat' dir='ltr'><strong>quod,</strong></span> <span class='ocrx_word' id='word_1_78' title='bbox 452 1619 524 1687; x_wconf 89' lang='lat' dir='ltr'><strong>licet</strong></span> <span class='ocrx_word' id='word_1_79' title='bbox 540 1619 760 1708; x_wconf 87' lang='lat' dir='ltr'><strong>illegitimum,</strong></span> <span class='ocrx_word' id='word_1_80' title='bbox 779 1629 958 1711; x_wconf 86' lang='lat' dir='ltr'><strong>usurpatur</strong></span> <span class='ocrx_word' id='word_1_81' title='bbox 975 1629 1082 1690; x_wconf 86' lang='lat' dir='ltr'><strong>tamen</strong></span> <span class='ocrx_word' id='word_1_82' title='bbox 1099 1622 1138 1690; x_wconf 90' lang='lat' dir='ltr'><strong>de</strong></span> <span class='ocrx_word' id='word_1_83' title='bbox 1154 1622 1238 1690; x_wconf 87' lang='lat' dir='ltr'><strong>lacto</strong></span> <span class='ocrx_word' id='word_1_84' title='bbox 1259 1630 1290 1690; x_wconf 91' lang='lat' dir='ltr'><strong>et</strong></span> <span class='ocrx_word' id='word_1_85' title='bbox 1307 1646 1367 1714; x_wconf 89' lang='lat' dir='ltr'><strong>pro</strong></span> <span class='ocrx_word' id='word_1_86' title='bbox 1379 1623 1459 1713; x_wconf 84' lang='lat' dir='ltr'><strong>jure</strong></span> <span class='ocrx_word' id='word_1_87' title='bbox 1512 1649 1513 1738; x_wconf 63' lang='lat' dir='ltr'><strong>p</strong></span> 
     </span>
     <span class='ocr_line' id='line_1_12' title="bbox 330 1727 1513 1820; baseline 0.003 -24"><span class='ocrx_word' id='word_1_88' title='bbox 330 1728 479 1796; x_wconf 87' lang='lat' dir='ltr'><strong>habetur.</strong></span> <span class='ocrx_word' id='word_1_89' title='bbox 497 1728 566 1795; x_wconf 88' lang='lat' dir='ltr'><strong>Hoc</strong></span> <span class='ocrx_word' id='word_1_90' title='bbox 583 1727 691 1816; x_wconf 89' lang='lat' dir='ltr'><strong>modo,</strong></span> <span class='ocrx_word' id='word_1_91' title='bbox 709 1729 803 1796; x_wconf 88' lang='lat' dir='ltr'><strong>verbi</strong></span> <span class='ocrx_word' id='word_1_92' title='bbox 819 1729 935 1819; x_wconf 86' lang='lat' dir='ltr'><strong>gratia,</strong></span> <span class='ocrx_word' id='word_1_93' title='bbox 953 1727 1081 1819; x_wconf 86' lang='lat' dir='ltr'><strong>dejure</strong></span> <span class='ocrx_word' id='word_1_94' title='bbox 1096 1730 1257 1820; x_wconf 84' lang='lat' dir='ltr'><strong>gallicano</strong></span> <span class='ocrx_word' id='word_1_95' title='bbox 1274 1753 1342 1798; x_wconf 89' lang='lat' dir='ltr'><strong>esse</strong></span> <span class='ocrx_word' id='word_1_96' title='bbox 1360 1730 1460 1800; x_wconf 86' lang='lat' dir='ltr'><strong>diee-</strong></span> <span class='ocrx_word' id='word_1_97' title='bbox 1512 1743 1513 1782; x_wconf 73' lang='lat' dir='ltr'><strong>l</strong></span> 
     </span>
     <span class='ocr_line' id='line_1_13' title="bbox 331 1837 1459 1926; baseline 0.002 -22"><span class='ocrx_word' id='word_1_98' title='bbox 331 1838 427 1905; x_wconf 86' lang='lat' dir='ltr'><strong>batur</strong></span> <span class='ocrx_word' id='word_1_99' title='bbox 453 1837 656 1906; x_wconf 81' lang='lat' dir='ltr'><strong>schismatica</strong></span> <span class='ocrx_word' id='word_1_100' title='bbox 685 1837 871 1906; x_wconf 87' lang='lat' dir='ltr'><strong>constitutio</strong></span> <span class='ocrx_word' id='word_1_101' title='bbox 894 1837 1001 1905; x_wconf 87' lang='lat' dir='ltr'><strong>civilis</strong></span> <span class='ocrx_word' id='word_1_102' title='bbox 1037 1837 1115 1906; x_wconf 87' lang='lat' dir='ltr'><strong>cleri</strong></span> <span class='ocrx_word' id='word_1_103' title='bbox 1143 1839 1221 1905; x_wconf 89' lang='lat' dir='ltr'><strong>anni</strong></span> <span class='ocrx_word' id='word_1_104' title='bbox 1238 1842 1350 1926; x_wconf 79' lang='grc' dir='ltr'><strong>Ι1792.</strong></span> <span class='ocrx_word' id='word_1_105' title='bbox 1385 1840 1459 1908; x_wconf 84' lang='lat' dir='ltr'><strong>Hor.</strong></span> 
     </span>
     <span class='ocr_line' id='line_1_14' title="bbox 332 1944 1457 2036; baseline 0.003 -24"><span class='ocrx_word' id='word_1_106' title='bbox 332 1945 546 2012; x_wconf 85' lang='lat' dir='ltr'><strong>modoetiam</strong></span> <span class='ocrx_word' id='word_1_107' title='bbox 574 1967 632 2036; x_wconf 88' lang='lat' dir='ltr'><strong>per</strong></span> <span class='ocrx_word' id='word_1_108' title='bbox 651 1945 711 2034; x_wconf 81' lang='lat' dir='ltr'><strong>jus</strong></span> <span class='ocrx_word' id='word_1_109' title='bbox 738 1945 952 2035; x_wconf 67' lang='lat' dir='ltr'><strong>anglicanum</strong></span> <span class='ocrx_word' id='word_1_110' title='bbox 985 1944 1122 2033; x_wconf 83' lang='lat' dir='ltr'><strong>intelligi</strong></span> <span class='ocrx_word' id='word_1_111' title='bbox 1144 1946 1250 2014; x_wconf 82' lang='lat' dir='ltr'><strong>solent</strong></span> <span class='ocrx_word' id='word_1_112' title='bbox 1272 1947 1457 2015; x_wconf 83' lang='lat' dir='ltr'><strong>etiamnum</strong></span> 
     </span>
     <span class='ocr_line' id='line_1_15' title="bbox 330 2052 1513 2148; baseline 0.002 -28"><span class='ocrx_word' id='word_1_113' title='bbox 330 2053 418 2141; x_wconf 85' lang='lat' dir='ltr'><strong>leges</strong></span> <span class='ocrx_word' id='word_1_114' title='bbox 439 2052 667 2138; x_wconf 70' lang='lat' dir='ltr'><strong>schismaticae,</strong></span> <span class='ocrx_word' id='word_1_115' title='bbox 686 2053 806 2144; x_wconf 85' lang='lat' dir='ltr'><strong>quihus</strong></span> <span class='ocrx_word' id='word_1_116' title='bbox 832 2052 977 2120; x_wconf 78' lang='lat' dir='ltr'><strong>Ecclesia</strong></span> <span class='ocrx_word' id='word_1_117' title='bbox 996 2053 1217 2142; x_wconf 71' lang='lat' dir='ltr'><strong>anglicanae</strong></span> <span class='ocrx_word' id='word_1_118' title='bbox 1241 2065 1353 2122; x_wconf 89' lang='lat' dir='ltr'><strong>centro</strong></span> <span class='ocrx_word' id='word_1_119' title='bbox 1377 2057 1458 2122; x_wconf 91' lang='lat' dir='ltr'><strong>uni·</strong></span> <span class='ocrx_word' id='word_1_120' title='bbox 1512 2065 1513 2148; x_wconf 71' lang='lat' dir='ltr'><strong>l</strong></span> 
     </span>
     <span class='ocr_line' id='line_1_16' title="bbox 332 2149 1513 2254; baseline 0.003 -28"><span class='ocrx_word' id='word_1_121' title='bbox 332 2162 406 2228; x_wconf 85' lang='lat' dir='ltr'><strong>tntis</strong></span> <span class='ocrx_word' id='word_1_122' title='bbox 425 2159 569 2246; x_wconf 82' lang='lat' dir='ltr'><strong>divulsa,</strong></span> <span class='ocrx_word' id='word_1_123' title='bbox 595 2161 731 2249; x_wconf 86' lang='lat' dir='ltr'><strong>regitur.</strong></span> <span class='ocrx_word' id='word_1_124' title='bbox 753 2162 791 2229; x_wconf 91' lang='lat' dir='ltr'><strong>In</strong></span> <span class='ocrx_word' id='word_1_125' title='bbox 813 2169 900 2228; x_wconf 81' lang='lat' dir='ltr'><strong>recle</strong></span> <span class='ocrx_word' id='word_1_126' title='bbox 920 2183 999 2250; x_wconf 88' lang='lat' dir='ltr'><strong>ergo</strong></span> <span class='ocrx_word' id='word_1_127' title='bbox 1016 2161 1101 2252; x_wconf 86' lang='lat' dir='ltr'><strong>juris</strong></span> <span class='ocrx_word' id='word_1_128' title='bbox 1128 2162 1279 2251; x_wconf 86' lang='lat' dir='ltr'><strong>gallicani</strong></span> <span class='ocrx_word' id='word_1_129' title='bbox 1304 2161 1457 2254; x_wconf 90' lang='lat' dir='ltr'><strong>descrip-</strong></span> <span class='ocrx_word' id='word_1_130' title='bbox 1512 2149 1513 2236; x_wconf 85' lang='lat' dir='ltr'><strong>l</strong></span> 
     </span>
     <span class='ocr_line' id='line_1_17' title="bbox 331 2267 1455 2359; baseline 0.003 -24"><span class='ocrx_word' id='word_1_131' title='bbox 331 2269 434 2354; x_wconf 90' lang='lat' dir='ltr'><strong>tione,</strong></span> <span class='ocrx_word' id='word_1_132' title='bbox 458 2267 709 2346; x_wconf 85' lang='lat' dir='ltr'><strong>discernendum</strong></span> <span class='ocrx_word' id='word_1_133' title='bbox 739 2276 787 2336; x_wconf 88' lang='lat' dir='ltr'><strong>est</strong></span> <span class='ocrx_word' id='word_1_134' title='bbox 810 2269 865 2359; x_wconf 89' lang='lat' dir='ltr'><strong>jus</strong></span> <span class='ocrx_word' id='word_1_135' title='bbox 892 2269 1022 2359; x_wconf 82' lang='lat' dir='ltr'><strong>proprie</strong></span> <span class='ocrx_word' id='word_1_136' title='bbox 1046 2267 1186 2357; x_wconf 85' lang='lat' dir='ltr'><strong>dictum,</strong></span> <span class='ocrx_word' id='word_1_137' title='bbox 1212 2271 1254 2337; x_wconf 83' lang='lat' dir='ltr'><strong>ab</strong></span> <span class='ocrx_word' id='word_1_138' title='bbox 1283 2270 1339 2339; x_wconf 92' lang='lat' dir='ltr'><strong>illo</strong></span> <span class='ocrx_word' id='word_1_139' title='bbox 1366 2271 1455 2358; x_wconf 85' lang='lat' dir='ltr'><strong>alio,</strong></span> 
     </span>
     <span class='ocr_line' id='line_1_18' title="bbox 330 2376 1456 2468; baseline 0.004 -24"><span class='ocrx_word' id='word_1_140' title='bbox 330 2377 417 2468; x_wconf 86' lang='lat' dir='ltr'><strong>qnod</strong></span> <span class='ocrx_word' id='word_1_141' title='bbox 433 2377 473 2444; x_wconf 88' lang='lat' dir='ltr'><strong>de</strong></span> <span class='ocrx_word' id='word_1_142' title='bbox 495 2376 578 2445; x_wconf 84' lang='lat' dir='ltr'><strong>lacto</strong></span> <span class='ocrx_word' id='word_1_143' title='bbox 603 2377 688 2468; x_wconf 86' lang='lat' dir='ltr'><strong>juris</strong></span> <span class='ocrx_word' id='word_1_144' title='bbox 704 2379 835 2444; x_wconf 90' lang='lat' dir='ltr'><strong>nomine</strong></span> <span class='ocrx_word' id='word_1_145' title='bbox 851 2376 966 2445; x_wconf 81' lang='lat' dir='ltr'><strong>donari</strong></span> <span class='ocrx_word' id='word_1_146' title='bbox 982 2378 1080 2464; x_wconf 88' lang='lat' dir='ltr'><strong>solet,</strong></span> <span class='ocrx_word' id='word_1_147' title='bbox 1099 2381 1250 2468; x_wconf 83' lang='lat' dir='ltr'><strong>quemvis</strong></span> <span class='ocrx_word' id='word_1_148' title='bbox 1265 2379 1347 2446; x_wconf 93' lang='lat' dir='ltr'><strong>nihil</strong></span> <span class='ocrx_word' id='word_1_149' title='bbox 1364 2381 1456 2449; x_wconf 86' lang='lat' dir='ltr'><strong>aliud</strong></span> 
     </span>
     <span class='ocr_line' id='line_1_19' title="bbox 329 2483 1456 2576; baseline 0.004 -25"><span class='ocrx_word' id='word_1_150' title='bbox 329 2487 369 2552; x_wconf 90' lang='lat' dir='ltr'><strong>sit</strong></span> <span class='ocrx_word' id='word_1_151' title='bbox 396 2507 494 2576; x_wconf 85' lang='lat' dir='ltr'><strong>qoam</strong></span> <span class='ocrx_word' id='word_1_152' title='bbox 524 2485 694 2574; x_wconf 82' lang='lat' dir='ltr'><strong>illegitima</strong></span> <span class='ocrx_word' id='word_1_153' title='bbox 720 2485 889 2576; x_wconf 86' lang='lat' dir='ltr'><strong>usurpatio</strong></span> <span class='ocrx_word' id='word_1_154' title='bbox 899 2511 907 2570; x_wconf 93' lang='lat'>;</span> <span class='ocrx_word' id='word_1_155' title='bbox 927 2483 966 2552; x_wconf 82' lang='lat' dir='ltr'><strong>ad</strong></span> <span class='ocrx_word' id='word_1_156' title='bbox 995 2507 1094 2575; x_wconf 84' lang='lat' dir='ltr'><strong>quam</strong></span> <span class='ocrx_word' id='word_1_157' title='bbox 1127 2486 1355 2556; x_wconf 75' lang='lat' dir='ltr'><strong>discretionem</strong></span> <span class='ocrx_word' id='word_1_158' title='bbox 1385 2513 1456 2556; x_wconf 93' lang='lat' dir='ltr'><strong>non</strong></span> 
     </span>
     <span class='ocr_line' id='line_1_20' title="bbox 330 2593 1330 2688; baseline 0.004 -28"><span class='ocrx_word' id='word_1_159' title='bbox 330 2593 460 2681; x_wconf 84' lang='lat' dir='ltr'><strong>sullicit,</strong></span> <span class='ocrx_word' id='word_1_160' title='bbox 477 2603 512 2662; x_wconf 90' lang='lat' dir='ltr'><strong>ut</strong></span> <span class='ocrx_word' id='word_1_161' title='bbox 528 2601 625 2684; x_wconf 86' lang='lat' dir='ltr'><strong>patet,</strong></span> <span class='ocrx_word' id='word_1_162' title='bbox 641 2594 827 2661; x_wconf 90' lang='lat' dir='ltr'><strong>enunciatio</strong></span> <span class='ocrx_word' id='word_1_163' title='bbox 841 2594 914 2682; x_wconf 83' lang='lat' dir='ltr'><strong>ista,</strong></span> <span class='ocrx_word' id='word_1_164' title='bbox 928 2595 990 2686; x_wconf 83' lang='lat' dir='ltr'><strong>jus</strong></span> <span class='ocrx_word' id='word_1_165' title='bbox 1007 2593 1128 2663; x_wconf 74' lang='lat' dir='ltr'><strong>Gallice</strong></span> <span class='ocrx_word' id='word_1_166' title='bbox 1139 2597 1330 2688; x_wconf 81' lang='lat' dir='ltr'><strong>proprium.</strong></span> 
     </span>
    </p>

    <p class='ocr_par' dir='ltr' id='par_1_4' title="bbox 375 2699 1457 2794">
     <span class='ocr_line' id='line_1_21' title="bbox 375 2699 1457 2794; baseline 0.006 -26"><span class='ocrx_word' id='word_1_167' title='bbox 375 2703 459 2768; x_wconf 94' lang='lat' dir='ltr'><strong>Hinc</strong></span> <span class='ocrx_word' id='word_1_168' title='bbox 478 2701 519 2768; x_wconf 86' lang='lat' dir='ltr'><strong>ad</strong></span> <span class='ocrx_word' id='word_1_169' title='bbox 545 2699 796 2769; x_wconf 88' lang='lat' dir='ltr'><strong>discernendum</strong></span> <span class='ocrx_word' id='word_1_170' title='bbox 819 2709 931 2770; x_wconf 90' lang='lat' dir='ltr'><strong>utrum</strong></span> <span class='ocrx_word' id='word_1_171' title='bbox 960 2702 1085 2794; x_wconf 86' lang='lat' dir='ltr'><strong>aliquid</strong></span> <span class='ocrx_word' id='word_1_172' title='bbox 1111 2704 1228 2794; x_wconf 85' lang='lat' dir='ltr'><strong>adjus</strong></span> <span class='ocrx_word' id='word_1_173' title='bbox 1254 2704 1457 2793; x_wconf 86' lang='lat' dir='ltr'><strong>gallicanum</strong></span> 
     </span>
    </p>
   </div>
   <div class='ocr_carea' id='block_1_3' title="bbox 331 2811 1513 3448">
    <p class='ocr_par' dir='ltr' id='par_1_5' title="bbox 331 2811 1513 3340">
     <span class='ocr_line' id='line_1_22' title="bbox 332 2811 1513 2912; baseline 0.009 -36"><span class='ocrx_word' id='word_1_174' title='bbox 332 2835 408 2879; x_wconf 89' lang='lat' dir='ltr'><strong>vere</strong></span> <span class='ocrx_word' id='word_1_175' title='bbox 432 2813 589 2902; x_wconf 82' lang='lat' dir='ltr'><strong>pertineat</strong></span> <span class='ocrx_word' id='word_1_176' title='bbox 618 2833 739 2896; x_wconf 88' lang='lat' dir='ltr'><strong>necne,</strong></span> <span class='ocrx_word' id='word_1_177' title='bbox 766 2811 850 2880; x_wconf 91' lang='lat' dir='ltr'><strong>hanc</strong></span> <span class='ocrx_word' id='word_1_178' title='bbox 875 2835 934 2904; x_wconf 93' lang='lat' dir='ltr'><strong>pro</strong></span> <span class='ocrx_word' id='word_1_179' title='bbox 962 2836 1115 2905; x_wconf 88' lang='lat' dir='ltr'><strong>suprema</strong></span> <span class='ocrx_word' id='word_1_180' title='bbox 1142 2825 1174 2883; x_wconf 91' lang='lat' dir='ltr'><strong>et</strong></span> <span class='ocrx_word' id='word_1_181' title='bbox 1196 2816 1314 2884; x_wconf 83' lang='lat' dir='ltr'><strong>ultima</strong></span> <span class='ocrx_word' id='word_1_182' title='bbox 1340 2819 1459 2906; x_wconf 87' lang='lat' dir='ltr'><strong>regula</strong></span> <span class='ocrx_word' id='word_1_183' title='bbox 1512 2883 1513 2912; x_wconf 26' lang='lat' dir='ltr'><strong>p</strong></span> 
     </span>
     <span class='ocr_line' id='line_1_23' title="bbox 333 2921 1459 3015; baseline 0.006 -27"><span class='ocrx_word' id='word_1_184' title='bbox 333 2921 445 2989; x_wconf 84' lang='lat' dir='ltr'><strong>haberi</strong></span> <span class='ocrx_word' id='word_1_185' title='bbox 465 2943 593 2989; x_wconf 87' lang='lat' dir='ltr'><strong>necesse</strong></span> <span class='ocrx_word' id='word_1_186' title='bbox 614 2931 677 2988; x_wconf 89' lang='lat' dir='ltr'><strong>est:</strong></span> <span class='ocrx_word' id='word_1_187' title='bbox 700 2921 805 2990; x_wconf 82' lang='lat' dir='ltr'><strong>fuitne</strong></span> <span class='ocrx_word' id='word_1_188' title='bbox 820 2921 1006 3013; x_wconf 79' lang='lat' dir='ltr'><strong>derogatio,</strong></span> <span class='ocrx_word' id='word_1_189' title='bbox 1023 2924 1064 2991; x_wconf 93' lang='lat' dir='ltr'><strong>de</strong></span> <span class='ocrx_word' id='word_1_190' title='bbox 1078 2949 1144 3015; x_wconf 83' lang='lat' dir='ltr'><strong>qne</strong></span> <span class='ocrx_word' id='word_1_191' title='bbox 1158 2921 1290 3014; x_wconf 83' lang='lat' dir='ltr'><strong>agitur,</strong></span> <span class='ocrx_word' id='word_1_192' title='bbox 1309 2929 1459 2995; x_wconf 86' lang='lat' dir='ltr'><strong>auctori·</strong></span> 
     </span>
     <span class='ocr_line' id='line_1_24' title="bbox 331 3023 1513 3122; baseline 0.007 -26"><span class='ocrx_word' id='word_1_193' title='bbox 331 3037 394 3096; x_wconf 84' lang='lat' dir='ltr'><strong>tete</strong></span> <span class='ocrx_word' id='word_1_194' title='bbox 416 3029 628 3096; x_wconf 86' lang='lat' dir='ltr'><strong>ecclesiastice</strong></span> <span class='ocrx_word' id='word_1_195' title='bbox 652 3032 848 3120; x_wconf 85' lang='lat' dir='ltr'><strong>competenti</strong></span> <span class='ocrx_word' id='word_1_196' title='bbox 874 3031 995 3118; x_wconf 78' lang='lat' dir='ltr'><strong>(idest,</strong></span> <span class='ocrx_word' id='word_1_197' title='bbox 1017 3033 1115 3122; x_wconf 83' lang='lat' dir='ltr'><strong>Papae</strong></span> <span class='ocrx_word' id='word_1_198' title='bbox 1139 3032 1190 3100; x_wconf 92' lang='lat' dir='ltr'><strong>vel</strong></span> <span class='ocrx_word' id='word_1_199' title='bbox 1209 3033 1340 3102; x_wconf 87' lang='lat' dir='ltr'><strong>concilii</strong></span> <span class='ocrx_word' id='word_1_200' title='bbox 1365 3057 1458 3103; x_wconf 83' lang='lat' dir='ltr'><strong>oecu·</strong></span> <span class='ocrx_word' id='word_1_201' title='bbox 1512 3023 1513 3114; x_wconf 82' lang='lat' dir='ltr'><strong>l</strong></span> 
     </span>
     <span class='ocr_line' id='line_1_25' title="bbox 332 3119 1513 3231; baseline 0.005 -26"><span class='ocrx_word' id='word_1_202' title='bbox 332 3137 451 3206; x_wconf 87' lang='lat' dir='ltr'><strong>menici</strong></span> <span class='ocrx_word' id='word_1_203' title='bbox 474 3161 493 3204; x_wconf 87' lang='lat' dir='ltr'><strong>a</strong></span> <span class='ocrx_word' id='word_1_204' title='bbox 513 3137 601 3227; x_wconf 84' lang='lat' dir='ltr'><strong>Papa</strong></span> <span class='ocrx_word' id='word_1_205' title='bbox 622 3137 814 3227; x_wconf 84' lang='lat' dir='ltr'><strong>confirmati)</strong></span> <span class='ocrx_word' id='word_1_206' title='bbox 838 3138 1036 3207; x_wconf 87' lang='lat' dir='ltr'><strong>sufficienter</strong></span> <span class='ocrx_word' id='word_1_207' title='bbox 1055 3140 1287 3231; x_wconf 76' lang='lat' dir='ltr'><strong>comprobata?</strong></span> <span class='ocrx_word' id='word_1_208' title='bbox 1309 3140 1405 3223; x_wconf 84' lang='lat' dir='ltr'><strong>Quod</strong></span> <span class='ocrx_word' id='word_1_209' title='bbox 1431 3146 1459 3211; x_wconf 90' lang='lat' dir='ltr'><strong>si</strong></span> <span class='ocrx_word' id='word_1_210' title='bbox 1512 3119 1513 3192; x_wconf 82' lang='lat' dir='ltr'><strong>l</strong></span> 
     </span>
     <span class='ocr_line' id='line_1_26' title="bbox 332 3244 1458 3340; baseline 0.007 -28"><span class='ocrx_word' id='word_1_211' title='bbox 332 3268 373 3312; x_wconf 91' lang='lat' dir='ltr'><strong>ne</strong></span> <span class='ocrx_word' id='word_1_212' title='bbox 403 3267 562 3314; x_wconf 87' lang='lat' dir='ltr'><strong>consensu</strong></span> <span class='ocrx_word' id='word_1_213' title='bbox 591 3244 722 3336; x_wconf 88' lang='lat' dir='ltr'><strong>quidem</strong></span> <span class='ocrx_word' id='word_1_214' title='bbox 753 3247 848 3314; x_wconf 88' lang='lat' dir='ltr'><strong>tacito</strong></span> <span class='ocrx_word' id='word_1_215' title='bbox 878 3248 1024 3338; x_wconf 77' lang='lat' dir='ltr'><strong>praefatae</strong></span> <span class='ocrx_word' id='word_1_216' title='bbox 1054 3250 1253 3318; x_wconf 83' lang='lat' dir='ltr'><strong>auctoritatis</strong></span> <span class='ocrx_word' id='word_1_217' title='bbox 1283 3251 1458 3340; x_wconf 82' lang='lat' dir='ltr'><strong>derogatio</strong></span> 
     </span>
    </p>

    <p class='ocr_par' dir='ltr' id='par_1_6' title="bbox 331 3351 1513 3448">
     <span class='ocr_line' id='line_1_27' title="bbox 331 3351 1513 3448; baseline 0.006 -27"><span class='ocrx_word' id='word_1_218' title='bbox 331 3355 471 3439; x_wconf 86' lang='lat' dir='ltr'><strong>nitatur,</strong></span> <span class='ocrx_word' id='word_1_219' title='bbox 494 3351 635 3444; x_wconf 89' lang='lat' dir='ltr'><strong>possidet</strong></span> <span class='ocrx_word' id='word_1_220' title='bbox 656 3353 917 3443; x_wconf 67' lang='lat' dir='ltr'><strong>peromnem,</strong></span> <span class='ocrx_word' id='word_1_221' title='bbox 946 3364 977 3422; x_wconf 90' lang='lat' dir='ltr'><strong>et</strong></span> <span class='ocrx_word' id='word_1_222' title='bbox 1005 3355 1175 3446; x_wconf 86' lang='lat' dir='ltr'><strong>derogatio</strong></span> <span class='ocrx_word' id='word_1_223' title='bbox 1190 3380 1250 3448; x_wconf 90' lang='lat' dir='ltr'><strong>pro</strong></span> <span class='ocrx_word' id='word_1_224' title='bbox 1273 3357 1457 3429; x_wconf 84' lang='lat' dir='ltr'><strong>rebellione</strong></span> <span class='ocrx_word' id='word_1_225' title='bbox 1512 3357 1513 3444; x_wconf 80' lang='lat' dir='ltr'><strong>l</strong></span> 
     </span>
    </p>
   </div>
   <div class='ocr_carea' id='block_1_4' title="bbox 333 3463 553 3532">
    <p class='ocr_par' dir='ltr' id='par_1_7' title="bbox 333 3463 553 3532">
     <span class='ocr_line' id='line_1_28' title="bbox 333 3463 553 3532; baseline -0.009 0"><span class='ocrx_word' id='word_1_226' title='bbox 333 3463 481 3532; x_wconf 85' lang='lat' dir='ltr'><strong>habenda</strong></span> <span class='ocrx_word' id='word_1_227' title='bbox 494 3471 553 3531; x_wconf 90' lang='lat' dir='ltr'><strong>est.</strong></span> 
     </span>
    </p>
   </div>
   <div class='ocr_carea' id='block_1_5' title="bbox 0 0 1528 4954">
    <p class='ocr_par' dir='ltr' id='par_1_8' title="bbox 0 0 1528 4954">
     <span class='ocr_line' id='line_1_29' title="bbox 0 0 1528 4954; baseline 0 0"><span class='ocrx_word' id='word_1_228' title='bbox 0 0 1528 4954; x_wconf 95' lang='lat' dir='ltr'><strong> </strong></span> 
     </span>
    </p>
   </div>
  </div>
 </body>
</html>
