3050 4946
245 475 307 538 tot
598 495 774 540 reiecturus
798 497 835 542 na
858 495 1011 542 enisurus

244 632 429 700 studiorum
452 633 656 724 efferbuisset,
675 647 712 702 ot
735 657 785 702 res
804 634 851 702 ad
876 647 1047 703 cruentum
1069 633 1155 702 orbis
1181 635 1365 702 tumultum

245 755 390 833 spectare
418 743 593 824 videretur,
616 757 729 813 coacto
756 759 801 814 est
821 759 967 838 potestas
996 749 1163 816 Casurum
1188 745 1311 836 lepidus
1334 759 1365 812 et

246 852 348 918 armes
365 851 496 943 publico
516 875 682 921 occurrere
702 852 895 922 discrimini.
922 853 1011 937 Quid
1030 854 1165 923 multis?
1181 854 1222 922 Si
1241 853 1367 921 Paulus

245 958 342 1028 hodie
363 961 494 1042 viveret,
517 981 582 1029 non
605 962 819 1054 improbaret,
843 963 971 1054 opinor,
992 975 1187 1055 presentem
1213 961 1368 1029 Ecclesiae

246 1080 371 1134 statum
399 1096 408 1136 :
436 1069 469 1136 in
491 1069 663 1136 dominum
689 1067 772 1137 uitio
799 1069 1038 1138 clamaret...»
1065 1069 1175 1161 (Apud
1203 1069 1366 1152 Zaoearia,

246 1175 367 1262 Antit,
383 1175 460 1244 diss.
481 1180 513 1260 ³,
526 1199 553 1243 e.
575 1181 605 1260 5,
623 1175 656 1242 in
673 1175 764 1265 fine.)

290 1281 351 1352 Cui
382 1281 422 1350 de
451 1283 539 1350 falsis
569 1282 783 1352 decretalibus
814 1285 987 1376 quaestioni
1014 1285 1113 1352 finem
1143 1282 1303 1369 faciendo,
1330 1283 1368 1350 id

245 1391 342 1459 etiarn
354 1389 639 1478 adnotareiinutile
651 1412 716 1458 non
730 1391 806 1478 erit,
818 1392 981 1460 immerito
994 1392 1125 1480 gloriari
1139 1399 1365 1482 protestantes,

246 1499 332 1590 quod
350 1498 447 1588 primi
468 1499 681 1588 imposturam
704 1498 899 1584 detexerint,
915 1509 1012 1591 atque
1026 1499 1077 1567 vet
1091 1523 1132 1567 ex
1147 1521 1254 1566 crassa
1269 1499 1367 1587 iguo-

245 1605 350 1674 rantie
382 1605 433 1672 vel
461 1601 591 1693 egregie
632 1605 817 1674 mentiendo
854 1606 940 1674 idem
980 1605 1157 1674 affirmasse
1187 1606 1365 1674 Claudium

245 1713 378 1802 Fleury.
396 1712 469 1779 Jam
492 1733 591 1802 supra
613 1712 724 1803 plures
746 1715 968 1781 recensuimus
983 1714 1072 1781 viros
1095 1712 1268 1781 catholicos
1289 1714 1365 1803 qui-

244 1820 307 1888 bus
323 1820 412 1888 fraus
425 1821 519 1910 prius
534 1828 699 1910 perspecta
714 1820 831 1907 irrorat,
842 1843 940 1912 mam
953 1819 993 1888 de
1009 1820 1065 1888 illa
1079 1821 1166 1888 ullus
1182 1829 1366 1910 protestans

245 1927 455 2018 quaestionem
474 1926 627 1994 movisset
645 1953 652 1994 ε
668 1926 766 1994 aliam
780 1951 800 1996 s
814 1929 938 1997 Joanne
952 1928 1057 1997 Polito
1072 1927 1254 1995 exhibitam
1272 1927 1359 1994 indi-

245 2037 405 2104 cationem
426 2034 682 2126 subjungimus:

294 2171 309 2206 ιι
334 2144 375 2212 Ut
397 2142 596 2232 antiquiores
620 2143 705 2234 (vide
729 2145 897 2234 epistolam
924 2145 1099 2212 cardinalis
1123 2141 1300 2211 Deusdedit
1322 2145 1362 2211 ad

249 2253 452 2322 «Victorem
484 2250 539 2335 111,
568 2273 665 2341 quam
697 2252 870 2320 ediderunt
898 2253 1052 2321 Bolterini
1080 2254 1113 2319 in
1143 2251 1289 2342 Append.
1319 2253 1389 2344 od·
1511 2287 1512 2312 2

249 2391 265 2432 ιι
289 2367 327 2432 S.
345 2364 496 2438 Leonem,
514 2379 547 2448 p.
566 2362 598 2442 t,
616 2381 644 2426 c.
662 2361 712 2448 14)
729 2357 856 2427 criticos
872 2359 987 2428 missos
1001 2359 1169 2443 faciamos,
1181 2360 1238 2449 qui
1253 2359 1285 2426 in
1302 2359 1363 2426 lsi-

247 2497 264 2536 «
289 2471 406 2538 dorum
420 2466 599 2536 censoriam
615 2465 778 2553 virgulam
794 2466 1045 2550 distrinxerunt,
1063 2466 1179 2532 Petrus
1194 2465 1363 2534 Comestor

248 2608 266 2646 ιι
290 2579 410 2648 saeoulo
422 2577 483 2644 ΧΙΙ
499 2576 544 2666 (in
560 2575 643 2641 Hist.
657 2574 758 2642 schol.
773 2573 813 2640 ad
826 2583 886 2641 aet.
898 2575 1030 2664 apost),
1041 2583 1138 2665 atque
1150 2575 1272 2642 saeeulo
1282 2573 1360 2660 XV,

248 2715 265 2754 ιι
288 2685 476 2756 Gobsllinus
494 2683 539 2773 (in
561 2681 802 2768 Gomodromio,
817 2693 878 2750 aet.
903 2685 934 2766 6,
952 2705 980 2749 e.
1000 2681 1046 2770 7),
1062 2681 1236 2750 cardinalis
1259 2683 1362 2750 Cusa-

247 2822 265 2860 ι
291 2817 353 2861 nus
366 2794 426 2882 (De
449 2813 541 2860 eone.
562 2789 663 2875 cath,
681 2789 703 2856 Ι.
721 2790 778 2875 ΙΙΙ,
795 2813 824 2856 e.
848 2793 894 2880 2),
913 2790 1051 2857 Enrieus
1077 2789 1296 2858 Katteisenius
1315 2791 1362 2880 (in

249 2930 266 2969 ι
289 2908 425 2969 tractatu
444 2925 451 2964 :
468 2899 521 2965 An
538 2896 709 2988 imperium
727 2896 767 2961 sit
788 2917 933 2987 unquam
952 2919 972 2962 a
991 2896 1210 2964 Romanis'ad
1229 2897 1361 2964 Greeeos

248 3039 266 3078 ιι
289 3005 509 3096 translatum),
535 3005 697 3073 Isidorum
727 3003 767 3072 de
796 3002 870 3071 salsi
899 3004 1037 3072 erimine
1066 3005 1274 3096 postularunt
1282 3031 1292 3091 ;
1323 3015 1361 3072 ut

247 3147 266 3186 ι
289 3115 427 3209 proinde
463 3113 637 3182 dicendum
668 3112 709 3178 sit
735 3110 908 3180 Claudium
944 3112 1067 3202 Fleury
1098 3112 1194 3202 (Hist.
1231 3111 1358 3196 aceles,

247 3253 265 3292 ι
287 3227 310 3294 Ι.
328 3223 447 3308 XLIV,
467 3245 499 3288 u.
519 3221 589 3310 22),
604 3220 751 3310 palpasse
770 3219 1034 3310 protestantibus,
1050 3241 1125 3287 eum
1140 3241 1195 3287 eos
1210 3220 1360 3286 omnium

246 3363 264 3402 ιι
288 3337 410 3427 primos
428 3331 590 3398 isidorum
612 3328 653 3396 ad
675 3328 857 3396 censorium
875 3327 1017 3395 tribunal
1037 3328 1184 3418 rapuisse
1209 3349 1360 3417 pronun-

246 3471 264 3512 «
285 3444 389 3511 tiavit.
408 3441 625 3509 Protestantes
647 3459 825 3530 eorumque
847 3437 990 3504 simiolos
1011 3436 1170 3504 amariore
1193 3435 1267 3503 felle
1286 3459 1358 3503 res-

246 3580 263 3618 «
285 3551 423 3642 persisse
446 3545 560 3614 Isidori
584 3546 708 3613 eineres
732 3567 796 3612 non
822 3544 1026 3634 negaverim
1044 3552 1077 3610 at
1098 3542 1272 3611 catholicos
1287 3565 1358 3612 orn-

246 3690 263 3726 ι
287 3660 378 3727 nium
403 3657 526 3748 primos
550 3653 738 3721 isidorianis
759 3652 975 3720 decretalibus
998 3653 1084 3720 diem
1106 3653 1240 3738 dixisse,
1262 3675 1358 3720 nemo

246 3797 264 3838 ιι
286 3770 371 3837 ausit
399 3765 548 3833 inficiari.
579 3765 686 3844 Quare
710 3786 747 3830 ae
777 3764 892 3831 merito
916 3761 1115 3832 Sirmuudus
1138 3763 1182 3829 ait
1204 3761 1359 3829 Blondel·

245 3907 262 3943 ι
286 3880 368 3962 lum,
385 3876 418 3942 in
439 3882 573 3941 ventoso
596 3895 656 3939 suo
677 3891 786 3962 opere,
803 3872 856 3938 cui
878 3871 992 3939 titulus
1014 3868 1306 3938 Pseudo-Isidorus
1327 3882 1358 3935 et

247 4015 264 4052 ι
290 3985 468 4054 Porticanus
483 3981 687 4072 vapulantes,
704 3987 810 4046 actum
827 3979 930 4068 egisse
946 3987 977 4046 et
992 3978 1093 4047 Leoni
1111 3987 1239 4045 mortuo
1253 3977 1358 4044 insul-

247 4119 264 4159 ι
289 4105 380 4162 tasse.
397 4119 414 4156 n
436 4089 556 4180 (Politi,
576 4086 842 4178 lurispnrdentia
865 4087 1074 4156 ecelenostico
1096 4085 1260 4165 universo,
1279 4093 1303 4151 t.
1329 4085 1355 4174 1,

240 4201 450 4298 procamium,
473 4205 591 4289 quaest.
610 4193 655 4286 7.)
