3050 4946
666 511 842 602 mmmm
864 551 903 600 otc
926 551 1080 600 remoreris

769 939 912 1009 CAPUT
942 937 984 1008 V.

379 1171 417 1222 DE
438 1175 562 1222 CELEBRI
586 1173 718 1222 mortisli
741 1175 848 1222 mour
871 1173 1086 1238 commorer,
1109 1173 1228 1220 seduno
1252 1173 1361 1219 suro.

837 1460 907 1551 §¹-

652 1659 673 1706 Α
690 1668 742 1719 quo
759 1659 785 1704 st
806 1655 937 1720 quomodo
962 1655 1089 1706 conlecto.

357 1913 374 1952 c
399 1886 477 1954 Fuit
494 1885 547 1952 hic
572 1885 748 1974 Dionysius
767 1885 914 1953 instituto
936 1884 1129 1971 monachus,
1148 1886 1278 1954 natione
1297 1887 1429 1978 Scytha,

315 2021 331 2060 c
356 1993 505 2063 moribus
527 2001 559 2058 et
581 1991 746 2060 domicilio
767 1993 950 2078 Romanus,
966 1992 1113 2060 doctrine
1132 2014 1210 2060 vero
1234 2015 1270 2060 ac
1286 1995 1366 2062 vitae
1382 1995 1433 2060 in·

317 2129 334 2170 «
358 2102 509 2192 tegritote
526 2099 745 2191 praeclnrus...
764 2100 906 2168 Romam
922 2101 1015 2167 venit
1031 2101 1202 2168 Anastasio
1218 2101 1246 2168 11
1263 2100 1430 2185 Pontifice,

316 2239 333 2276 o
355 2211 413 2302 qui
430 2207 654 2301 pontificatum
678 2209 784 2277 tenuit
803 2231 906 2300 nsque
925 2207 965 2275 nd
985 2230 1110 2276 annum
1132 2211 1208 2276 too.
1227 2208 1298 2276 Sub
1313 2231 1366 2291 co,
1383 2215 1433 2275 ant

315 2346 333 2385 <c
357 2318 418 2386 snb
434 2313 648 2406 Symmacho,
667 2315 724 2406 qui
741 2315 892 2405 proxime
909 2316 1119 2384 Anastasium
1137 2324 1267 2384 secutus
1282 2324 1346 2400 est,
1365 2316 1434 2406 pri-

315 2453 332 2492 «
357 2447 447 2494 mam
472 2445 542 2491 snae
562 2421 760 2490 collectionis
779 2432 906 2515 partem
927 2421 1047 2510 edidit3
1066 2423 1121 2491 sed
1142 2445 1218 2514 pars
1235 2423 1338 2491 altera
1354 2431 1434 2491 certe

314 2560 331 2598 o
355 2541 429 2624 post
443 2530 607 2598 Anostnsii
629 2529 757 2596 obitum
771 2529 906 2618 vulgato
921 2539 981 2597 est.
999 2531 1085 2598 Nam
1103 2533 1138 2597 in
1151 2539 1279 2598 essunt
1294 2533 1437 2600 Anasta-

315 2666 333 2706 «
358 2641 398 2708 sii
414 2637 572 2730 epistolae,
590 2658 657 2704 non
674 2637 754 2705 item
773 2637 985 2727 Symmachi;
1003 2646 1035 2706 et
1052 2660 1129 2706 cnm
1152 2639 1331 2731 Dionysius
1354 2639 1437 2706 dicat

319 2771 390 2816 nse
414 2743 662 2836 preteritorum
698 2742 793 2812 Sedis
821 2745 1014 2834 Apostolicae
1048 2746 1231 2836 pressatum
1259 2747 1437 2814 constituta
1509 2741 1510 2746 ’

319 2851 541 2942 «collegisse,
572 2847 786 2918 menifestum
813 2862 863 2918 est
891 2851 974 2919 hanc
1003 2861 1245 2944 partemque
1275 2853 1438 2922 Anastasii

320 2988 338 3026 n
360 2958 512 3051 epistolas
527 2957 636 3041 hebet,
654 2979 692 3025 eo
706 2967 838 3026 mortuo
855 2959 1024 3048 vulgatam
1039 2957 1181 3029 luisse...
1200 2960 1315 3027 Dictus
1328 2970 1439 3027 antem
1508 3029 1509 3042 p

320 3093 338 3133 «
361 3072 409 3134 est
433 3064 610 3152 Dionysius
630 3063 794 3152 Ecciquus,
816 3084 882 3132 non
907 3064 996 3156 quod
1021 3087 1157 3157 corpore
1179 3065 1321 3157 pusillus
1342 3075 1439 3150 esset,
1508 3045 1509 3060 ¹

321 3203 338 3242 c
361 3176 408 3244 uti
430 3175 539 3265 plnres
554 3173 801 3258 existimarunt,
818 3195 895 3241 cum
915 3197 1021 3266 nequo
1043 3175 1078 3243 id
1101 3174 1296 3243 tradiderint
1314 3175 1443 3266 antiqui

323 3309 341 3350 o
363 3281 551 3372 scriptores,
572 3301 676 3371 neque
700 3278 855 3348 credibile
875 3280 916 3347 sit
935 3280 1131 3372 Dionysium
1150 3281 1206 3373 qui
1227 3281 1441 3374 semetipsum

323 3418 340 3456 o
364 3389 535 3479 Enipeum
557 3386 697 3478 appellat
715 3409 815 3455 suum
837 3385 898 3455 hoc
917 3389 1065 3478 corporis
1079 3389 1197 3456 vitium
1221 3411 1291 3480 prae
1307 3412 1343 3457 se
1357 3390 1443 3458 ferre

324 3525 342 3566 c
366 3497 518 3566 voluisse.
542 3496 656 3563 Potius
679 3518 747 3563 sese
770 3495 940 3586 Exiguum
964 3496 1142 3588 Dionysius
1161 3519 1293 3566 vocasse
1312 3497 1444 3567 videtur

325 3605 535 3674 «modestiae
559 3625 667 3683 conse,
691 3625 757 3694 quo
778 3604 912 3671 nomine
937 3603 994 3672 alii
1020 3606 1132 3686 etiem,
1152 3615 1250 3695 etipse
1275 3605 1443 3696 imprimis
1506 3673 1507 3678 ,

326 3740 344 3782 c
367 3712 531 3797 monachi,
547 3732 690 3802 quorum
709 3736 727 3778 e
750 3734 889 3780 numero
907 3712 962 3780 illc
982 3720 1063 3798 eret,
1079 3713 1128 3781 uti
1151 3713 1309 3780 solebant.
1328 3740 1346 3780 n
1370 3715 1444 3805 (De-
1506 3689 1507 3765 l

322 3823 404 3908 voti,
425 3820 530 3889 instit.
554 3817 639 3908 juris
663 3841 735 3886 can.
762 3818 902 3909 proleg„
920 3842 948 3887 c.
976 3823 1006 3906 5,
1025 3820 1046 3909 ξ
1064 3821 1129 3909 59.)
1155 3819 1243 3887 Obiit
1267 3821 1444 3912 Dionysius

323 3931 409 3998 circa
432 3949 559 3996 annum
583 3931 657 3994 556.
679 3927 883 3995 Praeclerum
911 3927 951 3994 de
978 3929 1034 3995 illo
1061 3927 1286 3995 testimoninm
1311 3927 1445 4019 reliquit
1505 3961 1506 4027 p

323 4034 535 4106 Cassiodorus
558 4033 594 4099 in
615 4055 674 4101 suo
699 4033 782 4100 libro
802 4033 842 4100 de
862 4035 989 4102 Divinis
1019 4034 1223 4121 lectionibus,
1246 4035 1352 4124 capite
1373 4039 1441 4103 23:

326 4146 468 4212 Generat
483 4143 596 4222 etiam,
611 4139 730 4230 inquit,
744 4140 903 4232 hodieque
915 4143 1077 4210 catholica
1092 4143 1238 4210 Ecclesia
1249 4143 1336 4208 ciros
1351 4143 1444 4210 illus·
1504 4161 1505 4246 p

324 4264 387 4324 tres
413 4249 638 4342 probabilium
672 4247 867 4338 doqmatum
903 4249 1015 4318 decoro
1042 4251 1213 4339 fulqentes.
1246 4250 1325 4318 Fuit
1357 4251 1443 4318 enim
1504 4267 1505 4289 ¹
