3068 4948
322 521 382 585 206
674 531 849 580 reserares
872 533 910 578 aa
934 531 1087 578 siracusis

319 674 413 746 Unde
428 673 513 742 hona
528 671 583 740 illa
598 671 707 762 aliquo
723 693 819 738 sensu
835 669 980 761 ejusdem
998 676 1074 736 sunt
1095 665 1288 736 conditionis
1301 685 1339 732 ac
1352 664 1433 732 hona

319 805 394 876 quae
422 783 456 850 in
484 779 594 872 aliquo
622 801 724 870 regno
752 778 793 847 ad
826 777 954 846 nullum
988 776 1239 844 determinatum
1271 772 1435 843 hominem

319 890 528 982 pertinerent,
554 887 609 956 sed
634 887 669 954 in
694 885 783 955 hunc
806 885 905 954 finem
931 883 1006 954 data
1025 883 1175 969 luissent,
1200 890 1237 951 ut
1256 900 1373 950 eorum
1386 901 1436 948 re-

320 997 407 1066 ditus
434 995 474 1065 ad
502 995 656 1064 utilitates
684 992 842 1086 publicas,
871 992 963 1060 verbi
992 991 1111 1082 gratia,
1142 988 1183 1058 ad
1212 987 1437 1058 sustentandos

320 1103 506 1196 reipublicae
533 1103 710 1187 ministros,
743 1101 950 1172 inservirent.
976 1101 1079 1170 Porro
1100 1100 1127 1167 si
1150 1101 1184 1167 in
1201 1099 1313 1190 aliquo
1338 1119 1437 1188 regno

319 1220 460 1282 exstaret
491 1209 667 1280 monarcha
696 1231 771 1278 cum
800 1231 954 1302 suprema
982 1217 1013 1278 et
1037 1208 1140 1300 plena
1166 1216 1270 1276 totum
1298 1227 1437 1296 regnum

318 1317 525 1410 gubernandi
549 1324 716 1410 potestate,
741 1315 781 1386 ad
797 1339 986 1409 quemnam,
1009 1339 1079 1403 oro,
1099 1317 1273 1407 pertineret
1286 1333 1438 1406 suprema

318 1429 438 1497 horum
479 1428 639 1496 honorum
685 1425 948 1495 administratio?
988 1423 1104 1494 Nonne
1147 1423 1188 1492 ad
1228 1421 1439 1492 monarcham

319 1536 451 1627 ipsum?
479 1534 515 1603 Si
542 1555 620 1602 vero
645 1533 843 1625 permisisset
869 1533 1057 1620 monarcha,
1084 1555 1103 1600 a
1129 1532 1237 1624 primo
1265 1529 1440 1622 cujuslibet

319 1643 485 1712 districtus
503 1641 693 1731 magistratu
714 1640 879 1710 nominari
904 1641 1109 1730 magistrates
1134 1647 1165 1708 et
1190 1638 1360 1706 ministros
1386 1637 1439 1704 in-

318 1751 454 1819 leriores
476 1749 534 1841 qui
557 1749 591 1816 in
610 1749 670 1818 hoc
685 1749 834 1816 districtu
847 1749 943 1817 certis
969 1749 1087 1818 horum
1102 1748 1265 1816 honorum
1280 1746 1440 1838 portioni·

205 1889 211 1896 ·
320 1859 382 1926 hus
404 1856 615 1944 donarentur,
643 1878 685 1924 an
706 1856 739 1924 id
757 1854 929 1948 impediret
950 1857 1032 1948 quin
1049 1855 1198 1948 princeps
1214 1855 1294 1947 ipse,
1310 1853 1440 1946 quamn

321 1964 429 2050 vellet,
456 1971 563 2055 posset
590 1963 732 2055 aliquem
757 1963 946 2055 hujusmodi
974 1964 1158 2032 ministrum
1190 1962 1387 2030 inferiorem
1409 1962 1440 2028 in

320 2072 405 2140 dicto
435 2070 581 2139 districtu
611 2072 780 2140 nominare
810 2080 866 2140 aut
893 2071 1130 2142 nominandum
1158 2071 1366 2163 praecipere?
1392 2073 1441 2137 An

319 2181 491 2274 impediret
520 2182 601 2272 quin
630 2190 737 2272 posset
767 2181 829 2249 sihi
856 2189 977 2250 statuto
999 2181 1142 2272 generali
1171 2179 1297 2270 aliquas
1325 2179 1440 2270 hujus-

320 2290 409 2359 modi
439 2289 700 2358 nominationum
739 2291 917 2380 eetegorias
953 2292 1143 2358 reservaret
1182 2289 1286 2356 Porro
1315 2295 1440 2355 certum

320 2399 455 2468 omnino
473 2406 532 2480 est,
558 2405 590 2465 et
608 2397 649 2466 ab
669 2398 823 2466 omnihus
837 2397 1003 2468 catholicis
1027 2396 1215 2484 tenendum,
1231 2395 1441 2464 Ecclesiama

320 2506 452 2575 Christo
479 2505 514 2572 in
542 2504 649 2574 forma
677 2504 884 2574 monarchiae
901 2505 1002 2574 laissa
1026 2507 1229 2592 institutam3
1257 2525 1316 2572 nec
1335 2503 1442 2570 minus

321 2625 445 2682 certum
464 2622 513 2681 est
528 2613 589 2704 ipsi
616 2612 799 2704 praefecisse
817 2616 1027 2683 monarcham
1042 2635 1117 2682 cum
1132 2635 1286 2704 caprena
1299 2621 1333 2680 et
1345 2613 1442 2703 plena

321 2721 539 2792 universalem
559 2719 735 2788 Ecclesiam
755 2722 888 2810 regendi
908 2730 1074 2814 potestate.
1098 2721 1187 2812 Ergo
1214 2719 1287 2788 talis
1307 2741 1438 2788 monar-

324 2829 394 2897 chae
423 2828 483 2896 erit
512 2828 596 2896 hona
625 2827 776 2895 Ecclesia
809 2849 962 2920 suprema
986 2829 1174 2898 auctoritate
1201 2827 1439 2895 administrare.

324 2937 424 3025 Ergo,
455 2935 528 3002 licet
553 2957 592 3002 ex
618 2934 759 3024 legibus,
784 2943 854 3003 tam
874 2959 895 3004 a
919 2957 1049 3005 summo
1068 2937 1139 3027 ipso
1153 2935 1322 3022 Pontifice,
1341 2945 1444 3003 tuma

325 3043 469 3112 conciliis
491 3065 549 3133 par
572 3065 738 3111 summum
767 3043 958 3113 Pontificem
979 3045 1195 3132 confirmatis,
1219 3045 1346 3135 possint
1370 3044 1443 3136 Epi-

324 3151 429 3241 scopi,
457 3159 488 3217 et
518 3150 615 3217 etiam
644 3149 712 3237 alii,
743 3151 901 3219 beneficia
929 3154 1082 3244 quaedam
1112 3152 1271 3238 conferre,
1299 3159 1444 3220 remanet

325 3279 453 3348 semper
480 3257 628 3348 superior
653 3258 687 3325 in
715 3258 836 3328 vicario
867 3259 989 3328 Christi
1019 3260 1168 3348 facultas,
1190 3281 1256 3351 qua
1280 3267 1389 3350 potest
1414 3261 1446 3326 in

326 3365 580 3458 par·ticnlaribus
615 3367 744 3436 casibus
781 3368 833 3435 his
861 3368 989 3458 legibus
1028 3368 1198 3458 derogare,
1228 3378 1260 3436 et
1289 3369 1445 3461 quasdam

326 3473 562 3543 beneficiorum
577 3473 698 3565 species
713 3475 783 3566 ipse
799 3475 864 3543 sihi
881 3497 1058 3546 reservare.

373 3587 405 3650 l·
422 3581 647 3672 Gonfimectur
661 3619 706 3634 -
721 3585 777 3650 Ec
794 3583 954 3674 pellicani
972 3585 1158 3676 systematis
1178 3583 1444 3652 contradictione.

328 3727 373 3744 -·
382 3689 467 3758 [lum
481 3688 648 3780 superiore
663 3691 784 3759 saeculo
801 3713 921 3781 magna
933 3693 989 3760 illa
1003 3695 1142 3761 excitata
1155 3701 1203 3761 est
1212 3694 1445 3778 controversia,

329 3797 553 3866 Innocentium
568 3795 615 3864 XI
628 3798 713 3866 inter
734 3809 766 3866 et
782 3799 986 3869 Ladovicum
1001 3799 1094 3887 lllV,
1120 3801 1243 3870 Natalis
1262 3800 1447 3869 Alexander

331 3917 363 3973 et
391 3906 462 3992 alii,
490 3906 548 3996 qui
575 3929 595 3972 a
618 3927 693 3995 rege
730 3907 870 3994 stabant,
899 3907 1060 4000 numquid
1087 3917 1296 3978 asseruerunt
1321 3909 1446 3976 nullum

331 4036 399 4082 esse
417 4014 476 4104 qui
498 4013 599 4104 possit
621 4013 853 4083 beneficiorum
871 4017 1055 4084 vacantium
1077 4015 1283 4084 collationem
1299 4015 1361 4083 sihi
1375 4016 1446 4082 sin-

334 4123 453 4208 dicare,
478 4130 602 4189 remoto
621 4120 812 4190 collatorum
837 4120 1079 4192 ordinariorum
1104 4124 1202 4214 juret
1231 4122 1376 4190 Minime.
1405 4123 1447 4187 At

334 4230 559 4300 sustinuerant
581 4228 642 4296 hoc
663 4249 852 4320 supremum
877 4231 932 4321 jus
955 4232 995 4300 ad
1020 4253 1129 4321 regem
1158 4232 1336 4322 pertinere!
1361 4229 1445 4312 Quo·
