3042 4946
271 460 330 524 538
520 537 524 546 ⁵
622 481 796 526 amemus
819 480 857 526 mr
880 428 1032 525 rameniis

270 621 411 714 reliquit,
445 631 482 691 ut
516 645 575 714 pro
613 631 800 714 temporum
829 628 862 689 et
897 619 1220 689 circumstantiamm
1250 619 1395 706 ratione,

268 729 341 798 illas
364 730 556 799 immutaret
574 731 626 800 vel
646 731 783 798 omnino
802 730 1033 822 supprimeret.
1055 726 1153 813 Hinc,
1176 725 1326 796 absolate
1341 723 1397 794 lo-

268 837 410 928 quendo,
435 845 468 906 et
487 839 550 906 nisi
569 845 761 908 secuturum
784 837 901 906 merito
922 836 1157 906 formidaretur
1178 834 1312 926 aliquod
1329 835 1399 903 Ec-

269 946 375 1014 clesia
400 947 645 1030 detrimentum,
676 945 865 1016 auctoritate
887 945 982 1015 Sedis
1003 944 1202 1037 Apostolicae
1227 943 1398 1036 supprimi
1508 974 1509 1027 3

270 1064 377 1145 posset
399 1063 463 1125 tota
483 1055 647 1147 graduum
675 1055 908 1147 episcopalium
930 1053 1113 1123 hierarchia
1120 1081 1130 1142 3
1153 1054 1199 1122 ita
1219 1053 1343 1121 scilicet
1357 1061 1399 1120 ut

270 1162 353 1230 nulli
376 1163 447 1254 jam
474 1164 650 1232 existerent
671 1162 883 1250 Patriarchae,
908 1161 991 1231 nulli
1010 1161 1184 1249 Primam,
1212 1159 1298 1230 nulli
1319 1161 1395 1228 Ar·-

270 1269 477 1364 chiepiscopi,
488 1271 545 1340 sed
561 1271 621 1340 soli
636 1271 799 1363 Episcopi.

313 1379 394 1448 item
425 1380 588 1472 supprimi
613 1389 721 1472 posset
740 1391 798 1449 aut
822 1380 916 1451 aliter
944 1381 1091 1450 ordinari
1117 1378 1393 1471 jurisdictionalis

269 1486 463 1576 hierarchia,
487 1495 558 1557 tum
581 1490 905 1582 supra-episcopalis,
928 1513 1003 1583 qaue
1022 1511 1064 1559 er
1077 1489 1270 1582 participata
1285 1487 1394 1556 variis

268 1593 423 1684 gradibus
448 1595 591 1664 Romani
613 1597 780 1666 Pontificio
801 1597 1028 1689 jurisdictione
1060 1597 1176 1684 oritur,
1207 1604 1279 1665 tum
1308 1595 1394 1664 suh-

270 1703 470 1796 cpiscopalis,
496 1727 570 1796 quae
589 1727 631 1772 ex
653 1705 844 1797 participata
859 1706 1010 1798 Episcopi
1033 1705 1259 1798 jurisdictione
1281 1704 1393 1772 dima-

269 1821 335 1881 nat.
362 1814 402 1882 Et
425 1813 533 1905 quoad
545 1813 838 1906 jurisdictionalem
856 1815 1075 1885 hierarchiam
1091 1813 1390 1907 suh-episcopalem

271 1941 391 2009 magna
403 1920 443 1988 dc
458 1921 542 1990 facto
558 1923 733 1992 intervenit
746 1924 932 1993 immutatio
950 1952 958 1991 :
976 1945 1150 2016 suppressa
1164 1923 1285 2014 quippe
1297 1921 1392 2012 jam-

271 2025 398 2096 dudum
412 2027 474 2096 fuit
488 2029 671 2120 jurisdictio
689 2031 1018 2119 Archidiaconorum,
1036 2039 1068 2100 et
1082 2031 1154 2122 ejas
1167 2031 1239 2100 loco
1259 2029 1394 2099 inducta

271 2135 479 2207 Vicariorum
495 2139 701 2230 generalium
718 2148 868 2233 potestas.

313 2244 407 2333 Item,
432 2246 577 2335 absolute
597 2246 772 2340 loquendo,
793 2250 956 2342 supprimi
974 2257 1081 2341 posset
1105 2246 1291 2316 hierarchia
1309 2269 1395 2336 gra·-

271 2352 374 2420 duum
395 2354 667 2446 presbyteralium
683 2382 693 2442 ;
719 2355 764 2425 ita
777 2357 896 2426 scilicet
915 2365 951 2426 ut
967 2355 1049 2424 nulli
1061 2364 1227 2424 exstarent
1240 2353 1391 2446 parochi,

270 2459 327 2526 sed
356 2460 493 2552 ipsemet
523 2461 691 2553 Episcopis
718 2485 832 2532 curam
867 2465 1054 2558 auimatum
1089 2470 1211 2552 ageret,
1242 2461 1395 2530 adhibita

271 2596 369 2664 opera
393 2571 617 2665 quorumlihet
642 2571 826 2643 indistincte
854 2573 916 2642 sibi
938 2572 1019 2641 hene
1045 2571 1194 2642 visorum
1222 2572 1396 2664 presbyte-

272 2705 398 2773 rorum,
427 2694 459 2752 et
482 2683 581 2752 modo
603 2682 662 2752 hos
687 2683 786 2753 modo
806 2682 879 2752 illos
900 2681 941 2752 ad
955 2681 1152 2752 edocendam
1175 2702 1301 2750 sacram
1315 2680 1392 2749 doc-

271 2795 392 2864 trinam
424 2805 456 2865 et
487 2797 705 2868 ministranda
740 2801 943 2862 sacramenta
976 2789 1174 2883 deputando.
1205 2790 1246 2858 Et
1274 2790 1393 2882 primis

271 2903 404 2994 quidam
431 2906 539 2975 tribus
571 2915 751 3000 quatuorve
777 2901 906 2970 seculis
935 2900 1045 2969 nullus
1071 2899 1106 2966 in
1132 2897 1258 2966 mundo
1284 2899 1395 2966 extitit

271 3013 441 3103 parochus.
470 3015 509 3083 ln
526 3015 711 3084 civitatibus
737 3019 847 3080 autem
876 3007 1113 3100 episcopalibus
1142 3005 1295 3075 nonnisi
1319 3013 1395 3098 post

271 3122 360 3190 mille
382 3145 485 3192 annos
511 3122 645 3215 parochi
670 3120 795 3190 inducti
821 3126 908 3187 sunt.
940 3115 1034 3198 Quod
1057 3114 1134 3184 vide
1161 3113 1336 3207 probatum
1357 3114 1394 3182 in

275 3253 348 3298 meo
363 3237 499 3301 lractalu
515 3232 555 3301 de
570 3231 730 3302 Porocho.

316 3341 441 3410 Pariter
472 3343 635 3435 supprimi
667 3347 785 3432 posset,
824 3337 971 3406 absolute
999 3333 1176 3427 loquendo,
1215 3332 1393 3424 peculiaris

272 3451 456 3521 hierarchia
477 3449 743 3544 jurisdictionalis
767 3447 996 3537 religiosarum
1026 3441 1253 3522 familiarum
1282 3441 1328 3510 ita
1357 3449 1395 3509 ut

272 3558 394 3629 scilicet
417 3561 452 3628 in
472 3559 616 3652 qualibet
638 3554 766 3627 dioecesi
779 3555 847 3623 sive
861 3555 1015 3623 vivorum
1032 3551 1102 3621 sive
1118 3549 1298 3618 mulierum
1315 3549 1395 3618 neli-

274 3667 356 3756 giosi
383 3675 561 3738 conventus
585 3667 627 3737 ab
653 3663 811 3756 Episcopo
838 3659 946 3752 quoad
970 3656 1242 3751 jurisdictioualia
1271 3655 1394 3750 depau-

275 3775 400 3845 darent.

318 3883 371 3952 Ad
393 3883 611 3952 hierarchiam
633 3880 832 3971 dignitatum
852 3878 940 3970 quod
956 3876 1080 3963 attinet,
1095 3896 1154 3966 per
1169 3895 1203 3942 se
1216 3879 1306 3964 patet
1320 3894 1394 3941 eam

276 3991 440 4084 supprimi
463 4000 519 4059 aut
536 3990 629 4058 aliter
650 3988 778 4081 disponi
798 4009 902 4079 posse.
927 3985 993 4056 Nec
1007 3992 1056 4052 est
1074 4006 1133 4052 cur
1149 3981 1239 4052 idem
1256 4005 1323 4052 non
1339 3983 1394 4051 di·-

276 4109 366 4168 catur
395 4099 435 4168 de
461 4121 561 4192 supra
585 4095 748 4188 descripta
778 4093 963 4164 hierarchia
994 4091 1160 4162 evolutiva
1185 4091 1313 4160 ordinis
1336 4113 1394 4160 scu

278 4207 457 4276 sacerdotii.
481 4205 590 4274 Posito
612 4204 701 4272 enim
721 4203 808 4294 quod
828 4203 1018 4271 auctoritate
1034 4199 1245 4269 ecclesiastica
1264 4198 1396 4270 inducta
