3072 4948
353 481 413 547 372
703 501 877 550 namins
899 501 938 548 nr
959 499 1112 549 rnrnnrns

800 801 953 860 PUNCTU!
975 799 1017 854 ll'.

446 969 481 1020 oe
497 969 601 1022 attentio
617 971 710 1022 mmmi
727 969 856 1024 Pontificio
877 971 969 1034 iuncto
984 982 1045 1022 eum
1063 968 1185 1020 neiluue
1199 967 1367 1020 mimmii.

397 1181 603 1252 Considerari
628 1191 730 1274 potest
754 1183 817 1251 tale
832 1184 997 1252 silentium
1011 1183 1063 1251 vel
1078 1182 1186 1276 quoad
1198 1181 1467 1250 consuetudinem

352 1302 471 1382 procer
487 1291 554 1382 jus,
583 1291 634 1360 vel
657 1291 763 1383 qnood
786 1291 1051 1360 consuetudinem
1075 1301 1186 1360 contm
1202 1291 1268 1382 joa.
1290 1290 1332 1358 Et
1350 1288 1466 1357 iterum

352 1399 548 1468 considerari
568 1407 672 1490 potest
690 1399 742 1466 vel
762 1399 870 1491 quoad
893 1400 1160 1468 consuetudinem
1176 1407 1263 1468 certo
1289 1397 1467 1467 rationabi-

353 1507 429 1590 lem,
447 1506 499 1574 vel
512 1506 618 1597 quoad
635 1505 902 1574 consuetudinem
918 1505 1016 1574 dubie
1031 1505 1266 1590 rationabilem,
1294 1504 1327 1572 id
1346 1513 1408 1586 est,
1430 1505 1466 1570 de

353 1637 418 1705 qua
436 1612 579 1681 dubitari
601 1621 659 1680 ent
681 1613 877 1681 controverti
899 1621 1002 1704 potest
1017 1621 1127 1681 utrum
1143 1635 1256 1682 revera
1266 1612 1466 1680 sitratioue-

353 1721 438 1790 bilia.

399 1833 432 1896 l⁰
446 1830 655 1899 Consuetudo
680 1840 798 1921 preter
819 1830 875 1920 jus
897 1837 928 1897 et
947 1837 1035 1898 certo
1048 1829 1249 1899 rationabilis
1270 1829 1339 1896 vim
1356 1828 1467 1918 mcipit

352 1936 515 2004 aeilentio
539 1937 649 2027 Papae,
668 1937 783 2027 juncto
803 1959 878 2004 cum
899 1937 1051 2004 facilitate
1075 1935 1283 2004 reclamandi.
1310 1973 1357 1987 -
1370 1936 1466 2004 Casus

353 2044 473 2112 scilicet
495 2053 543 2112 est
568 2043 627 2111 iste
659 2071 666 2112 :
693 2067 843 2112 summus
868 2044 1018 2112 Pontifex
1047 2044 1213 2134 cognoscit
1243 2043 1407 2112 introduci
1437 2043 1466 2108 in

353 2152 462 2244 aliqua
484 2154 615 2242 regione
642 2152 908 2222 consuetudinem
931 2154 971 2222 de
994 2177 1028 2221 se
1051 2163 1084 2222 et
1103 2153 1237 2222 relative
1262 2153 1302 2220 ad
1325 2153 1467 2220 cucum-

354 2261 487 2330 stantias
514 2260 632 2328 bonam
657 2269 714 2330 eut
735 2260 848 2328 saltem
872 2283 930 2352 per
948 2284 982 2328 se
996 2259 1233 2330 indifferentem
1247 2281 1304 2328 seu
1319 2281 1386 2328 non
1404 2282 1466 2327 ma·
1524 2253 1525 2302 ³

352 2369 441 2452 lam;
464 2375 496 2434 et
520 2366 718 2436 consuetudo
744 2367 799 2435 illa
825 2389 891 2436 non
914 2365 1105 2435 contradicit
1121 2367 1189 2458 juri
1211 2367 1394 2451 communi,
1417 2365 1465 2433 sed

354 2477 457 2546 tendit
483 2482 608 2543 tantum
637 2475 677 2542 ad
704 2497 822 2542 novem
847 2474 1075 2563 obligationem
1101 2473 1147 2541 ibi
1176 2473 1464 2546 introducendam:

354 2590 386 2651 et
411 2603 486 2650 oum
509 2589 615 2672 posset
641 2581 782 2648 teudosi
804 2580 901 2648 vellet
924 2603 996 2648 eam
1017 2581 1288 2650 consuetudinem
1309 2580 1465 2672 impedire

354 2690 455 2781 Pupa,
478 2711 543 2756 non
566 2687 713 2780 impedit,
735 2688 791 2756 sed
813 2688 896 2757 silet.
924 2689 1026 2757 Porro
1048 2689 1121 2756 talis
1140 2688 1342 2758 consuetudo
1359 2711 1406 2758 ex
1418 2687 1468 2756 tali
1522 2689 1524 2770 l

354 2795 482 2864 silentio
500 2795 568 2863 vim
590 2797 735 2887 accipere
756 2805 870 2886 potest.
893 2795 977 2864 Nam
995 2805 1122 2865 certum
1137 2805 1185 2865 est
1204 2817 1376 2866 summum
1389 2797 1469 2866 Pon·
1523 2775 1524 2798 ¹

354 2905 488 2990 tilicem,
512 2905 574 2972 nisi
594 2905 794 2974 contrarium
818 2906 992 2997 exprimat,
1019 2928 1084 2974 uon
1109 2905 1193 2974 velle
1211 2906 1373 2996 impedire
1398 2927 1470 2975 oon-

355 3012 542 3082 suetndinos
571 3013 800 3096 rationabiles3
830 3021 863 3080 et
888 3011 949 3082 hoc
973 3013 1078 3103 magis
1101 3013 1208 3106 adhue
1233 3021 1323 3104 petet
1342 3012 1471 3106 qnando

355 3122 427 3190 istae
452 3121 701 3190 consuetudines
721 3142 787 3189 nou
808 3120 1102 3212 prejudicantjuri
1117 3121 1294 3190 mmmuni.
1313 3121 1473 3213 Expressa

356 3231 443 3298 enim
473 3230 507 3296 in
534 3229 603 3321 juri
630 3230 786 3297 canonico
814 3227 998 3296 declaratur
1024 3230 1149 3298 servari
1179 3252 1272 3322 posse
1299 3239 1333 3297 et
1358 3229 1472 3298 debere

356 3335 605 3407 consuetudines
619 3335 826 3404 rationabiles
839 3342 872 3403 et
884 3335 1027 3424 legitime
1041 3337 1245 3428 praescriptas
1268 3337 1316 3427 (in
1338 3337 1435 3406 tinulo
1455 3340 1470 3402 t

357 3447 405 3515 lle
425 3441 673 3530 consuetudine,
693 3442 716 3510 l.
738 3445 749 3508 l
769 3441 1023 3531 Decretelium);
1046 3441 1144 3533 idque
1168 3443 1214 3511 ita
1239 3441 1319 3513 utile
1340 3466 1413 3512 esse
1435 3441 1473 3510 od

358 3554 482 3622 honum
504 3571 678 3618 manuue
700 3548 852 3618 aedesio
874 3547 1017 3616 latentur
1036 3569 1160 3618 omncs.
1180 3549 1268 3639 Ergo
1283 3550 1312 3618 si
1325 3549 1472 3620 Pontifex

360 3660 464 3728 sciens
487 3657 679 3749 predictam
700 3655 967 3725 consuetudinem
992 3655 1168 3744 introduci,
1194 3665 1308 3740 teneat,
1336 3679 1475 3749 praeser-
1520 3643 1521 3692 t

362 3772 421 3839 tim
453 3791 528 3837 cum
559 3767 652 3836 facile
679 3765 836 3858 impedire
870 3765 960 3836 fflem
996 3777 1114 3856 posset,
1151 3767 1268 3836 merito
1297 3767 1472 3838 consentire

361 3885 521 3947 censetur.
550 3877 639 3965 Ergo
668 3877 849 3966 perlatum
876 3896 1070 3944 consensum
1103 3876 1303 3946 consuetudo
1329 3875 1386 3948 ille
1412 3877 1472 3945 nm

362 3989 443 4079 legis
480 3987 647 4079 acquirere
686 3985 814 4077 poterit.
855 3987 984 4067 Quanto
1019 3996 1127 4056 numm
1159 3995 1316 4080 tempore,
1354 3989 1472 4058 dicetur

361 4099 396 4165 in
432 4094 580 4186 sequenti
621 4091 836 4183 paragrapho.
873 4094 909 4160 ln
949 4095 1009 4162 hoo
1040 4103 1160 4186 puncto
1188 4095 1388 4164 concordant
1401 4118 1470 4164 auc-

361 4213 457 4277 tores.
