3042 4946
518 515 602 562 lunis
623 515 776 564 oenomai.

618 825 645 893 1.

99 1011 206 1063 Certum
228 1013 268 1063 eat
286 1016 438 1079 potestatem
459 1012 558 1065 ordinis
578 1025 634 1064 esse
655 1014 682 1065 in
701 1014 823 1066 omnibns
838 1013 973 1080 Episcopla
996 1013 1193 1066 inamissibilem

486 1095 612 1160 aqualem
629 1099 655 1148 el
670 1109 806 1148 summam.

131 1309 186 1380 Sic
213 1309 310 1379 habet
334 1308 509 1378 concilium
535 1309 780 1396 Tridentinum,
799 1310 940 1380 sessione
956 1315 1012 1400 23,
1039 1313 1202 1405 ospitat:

86 1418 256 1502 Quoniam
278 1439 353 1486 vero
374 1419 409 1486 in
429 1432 634 1486 sacramento
650 1419 786 1502 ordinis,
805 1419 888 1488 sicut
903 1432 935 1488 et
949 1421 984 1489 in
1001 1420 1160 1514 baptismo
1176 1434 1207 1491 et

80 1526 346 1616 coadunatione,
374 1522 544 1596 character
567 1527 784 1620 imprimitur,
804 1529 862 1620 qui
881 1551 939 1597 nec
958 1529 1060 1598 deleri
1071 1553 1129 1599 nec
1142 1555 1207 1598 aa·

77 1634 166 1725 ferri
176 1647 305 1726 potest,
317 1636 435 1703 merito
449 1648 562 1705 sancta
576 1636 718 1727 synodus
733 1635 873 1706 damnat
885 1660 997 1707 eorum
1010 1641 1205 1710 sententiam

82 1744 145 1835 qai
165 1756 316 1812 emerunt
341 1743 429 1812 Navi
453 1747 648 1812 Testamenti
668 1745 847 1815 sacerdotes
871 1747 1108 1840 temporariam
1131 1761 1208 1818 tan-

83 1851 256 1921 tummodo
273 1863 475 1943 potestatem
501 1853 631 1942 trabere,
651 1865 682 1922 et
698 1855 799 1922 semel
809 1855 872 1923 rite
889 1856 1067 1940 ordinatos,
1086 1857 1206 1928 iterum

81 1960 185 2028 laicos
207 1961 289 2052 effici
305 1983 412 2054 posse,
438 1961 468 2029 si
493 1962 588 2030 Verbi
613 1963 673 2031 Dei
693 1963 912 2032 ministeriam
933 1988 1000 2034 non
1022 1982 1203 2037 exerceant.

82 2067 204 2137 Sancte
227 2067 372 2160 synodus
402 2068 536 2137 damnat
559 2071 752 2140 sententiam
779 2095 894 2142 eorum
919 2073 977 2164 qui
1004 2076 1205 2146 contendunt

76 2188 276 2267 patestatem
300 2176 504 2246 secerdotum
531 2178 614 2247 Novi
646 2178 843 2248 Testamenti
877 2201 946 2248 esse
972 2184 1203 2270 tantummodo

81 2285 342 2376 temporariam,
372 2307 451 2375 ergo
478 2295 604 2354 certum
619 2285 678 2354 'est
703 2287 893 2379 Episcopos,
918 2290 988 2380 qni,
1013 2314 1053 2358 ex
1085 2292 1201 2362 eodem

80 2390 233 2479 concilio,
257 2399 333 2462 suni
356 2393 551 2485 presbyteris
573 2394 768 2484 superiores,
793 2395 912 2464 habere
935 2395 1078 2488 aliquam
1094 2409 1202 2490 potes-

81 2509 182 2570 tatem
204 2509 395 2592 perpetnam
417 2523 474 2569 seu
490 2500 751 2569 inamissibilem.
772 2501 847 2570 ldeo
863 2509 971 2571 antem
989 2525 1079 2572 sacro
1103 2529 1202 2599 syno-

79 2612 145 2680 dus
177 2609 268 2678 illam
304 2609 553 2678 inamissibilem
590 2618 780 2702 potestatem
821 2612 1040 2682 sacerdotibus
1075 2613 1201 2706 tribuit,

80 2719 239 2812 qnoniam
255 2718 291 2785 in
304 2729 508 2786 sacramenta
525 2717 649 2786 ordinis
663 2721 835 2789 character
854 2721 1060 2813 imprimitur
1074 2719 1132 2816 piri
1146 2749 1202 2794 nec

80 2828 184 2898 deleri
209 2851 264 2896 nec
298 2827 425 2919 anserii
447 2840 576 2919 potest,
608 2828 663 2896 sed
691 2838 831 2922 potestas
860 2853 901 2898 ex
937 2830 1141 2901 ordinatione
1170 2844 1201 2903 el

78 2938 264 3007 charactere
288 2936 414 3005 ordinis
437 2944 485 3005 est
508 2936 564 3004 illa
592 2959 692 3029 quem
719 2961 875 3008 vocamus
899 2946 930 3007 et
957 2963 1058 3032 quam
1086 2952 1203 3011 vocant

80 3069 197 3116 omnes
215 3055 412 3136 potestatem
435 3044 579 3128 ordinis,·
591 3068 669 3136 ergo
689 3055 830 3138 potestas
843 3047 967 3116 ordinis
983 3057 1030 3117 est
1044 3049 1078 3117 in
1092 3052 1204 3119 omni-

79 3154 142 3222 bns
174 3151 341 3244 Episcopis
370 3151 605 3221 inamissibilis.
634 3153 692 3222 Est
718 3153 814 3222 stiam
844 3155 991 3247 aequalis,
1020 3164 1132 3248 utpote
1160 3183 1202 3227 ex

81 3260 201 3353 aequali
227 3268 428 3328 sacramento
449 3268 480 3328 et
501 3261 685 3330 charactere
706 3263 884 3352 profluens.
908 3263 963 3331 Est
985 3264 1082 3332 etiem
1109 3289 1203 3334 sum-

81 3393 149 3456 ma,
194 3370 358 3463 siquidem
397 3372 481 3441 inter
517 3372 625 3441 varios
662 3373 794 3442 ordines
837 3374 947 3443 nullus
984 3399 1130 3468 unquam
1167 3378 1202 3446 in

80 3479 222 3547 Ecclesia
244 3478 374 3547 habitus
400 3487 447 3548 est
474 3481 661 3572 episcopatu
685 3481 792 3570 altior,
821 3482 874 3550 sed
899 3505 916 3550 e
938 3492 1049 3552 contra
1072 3507 1202 3578 semper

79 3586 156 3654 solis
188 3586 367 3678 Episcopis‚
402 3595 514 3679 utpote
544 3587 780 3678 plenitudinem
809 3589 975 3658 sacerdotii
1004 3591 1200 3682 possidenti-

80 3696 153 3782 bus,
183 3693 305 3763 tributa
327 3701 374 3762 est
401 3702 541 3785 potestas
571 3694 650 3763 alios
675 3697 709 3762 in
733 3695 938 3786 presbyteros
966 3707 998 3764 et
1025 3699 1201 3793 Episcopos

80 3802 265 3872 ordinandi.

123 3910 207 3978 Hinc
240 3911 357 3978 invicte
393 3910 539 4000 sequitur
568 3917 758 4002 potestatem
795 3911 920 3980 ordinis
947 3935 1013 3982 non
1044 3937 1137 4005 posse
1166 3917 1201 3985 in

80 4014 259 4108 Episcopis,
277 4017 360 4085 sicul
374 4039 433 4086 nec
448 4018 483 4084 in
494 4017 705 4109 presbyteris,
729 4019 895 4109 restringi,
912 4041 1017 4111 neque
1033 4021 1066 4088 in
1081 4023 1199 4114 seipsa,

80 4147 184 4218 neque
207 4125 314 4217 <moad
340 4125 410 4194 loce
435 4133 491 4193 ant
518 4127 667 4219 populos.
695 4126 851 4196 Connexa
880 4127 971 4194 enim
996 4135 1044 4196 est
1068 4128 1201 4198 charoe-

82 4234 139 4302 leri
154 4231 211 4326 qni
228 4255 357 4323 semper
373 4233 460 4302 idem
477 4243 597 4303 manet.
613 4235 698 4304 Hine
709 4235 946 4328 Hieronymus,
961 4235 1000 4304 de
1012 4235 1068 4304 illa
1079 4237 1203 4309 ordinis
