<?xml version="1.0" encoding="UTF-8"?>
<!DOCTYPE html PUBLIC "-//W3C//DTD XHTML 1.0 Transitional//EN"
    "http://www.w3.org/TR/xhtml1/DTD/xhtml1-transitional.dtd">
<html xmlns="http://www.w3.org/1999/xhtml" xml:lang="en" lang="en">
 <head>
  <title>
</title>
<meta http-equiv="Content-Type" content="text/html;charset=utf-8" />
  <meta name='ocr-system' content='tesseract 3.04.00' />
  <meta name='ocr-capabilities' content='ocr_page ocr_carea ocr_par ocr_line ocrx_word'/>
</head>
<body>
  <div class='ocr_page' id='page_1' title='image "./tractatusdeprin00bouigoog_0160.png"; bbox 0 0 3048 4954; ppageno 0'>
   <div class='ocr_carea' id='block_1_1' title="bbox 534 495 1219 562">
    <p class='ocr_par' dir='ltr' id='par_1_1' title="bbox 534 495 1219 562">
     <span class='ocr_line' id='line_1_1' title="bbox 534 495 1219 562; baseline 0.01 -7"><span class='ocrx_word' id='word_1_1' title='bbox 534 511 618 558; x_wconf 84' lang='lat' dir='ltr'><strong>auars</strong></span> <span class='ocrx_word' id='word_1_2' title='bbox 640 511 790 560; x_wconf 81' lang='lat' dir='ltr'><strong>aauourcr.</strong></span> <span class='ocrx_word' id='word_1_3' title='bbox 1158 495 1219 562; x_wconf 83' lang='lat' dir='ltr'><strong>tta</strong></span> 
     </span>
    </p>
   </div>
   <div class='ocr_carea' id='block_1_2' title="bbox 91 648 1283 2904">
    <p class='ocr_par' dir='ltr' id='par_1_2' title="bbox 98 648 1283 1800">
     <span class='ocr_line' id='line_1_2' title="bbox 99 648 1221 726; baseline 0.007 -10"><span class='ocrx_word' id='word_1_4' title='bbox 99 648 223 726; x_wconf 81' lang='lat' dir='ltr'><strong>tinent;</strong></span> <span class='ocrx_word' id='word_1_5' title='bbox 252 655 528 718; x_wconf 82' lang='lat' dir='ltr'><strong>sacramentorum</strong></span> <span class='ocrx_word' id='word_1_6' title='bbox 551 652 639 719; x_wconf 86' lang='lat' dir='ltr'><strong>eninr</strong></span> <span class='ocrx_word' id='word_1_7' title='bbox 663 652 844 720; x_wconf 85' lang='lat' dir='ltr'><strong>essentialia</strong></span> <span class='ocrx_word' id='word_1_8' title='bbox 874 675 939 721; x_wconf 92' lang='lat' dir='ltr'><strong>aon</strong></span> <span class='ocrx_word' id='word_1_9' title='bbox 964 655 1026 722; x_wconf 86' lang='lat' dir='ltr'><strong>uisi</strong></span> <span class='ocrx_word' id='word_1_10' title='bbox 1050 679 1069 722; x_wconf 87' lang='lat' dir='ltr'><strong>a</strong></span> <span class='ocrx_word' id='word_1_11' title='bbox 1091 654 1221 724; x_wconf 87' lang='lat' dir='ltr'><strong>Christo</strong></span> 
     </span>
     <span class='ocr_line' id='line_1_3' title="bbox 99 756 1222 853; baseline 0.009 -32"><span class='ocrx_word' id='word_1_12' title='bbox 99 756 224 824; x_wconf 89' lang='lat' dir='ltr'><strong>institui</strong></span> <span class='ocrx_word' id='word_1_13' title='bbox 253 767 285 824; x_wconf 91' lang='lat' dir='ltr'><strong>et</strong></span> <span class='ocrx_word' id='word_1_14' title='bbox 306 756 515 830; x_wconf 85' lang='lat' dir='ltr'><strong>determinari</strong></span> <span class='ocrx_word' id='word_1_15' title='bbox 537 767 726 850; x_wconf 87' lang='lat' dir='ltr'><strong>potuerunt.</strong></span> <span class='ocrx_word' id='word_1_16' title='bbox 753 759 959 830; x_wconf 86' lang='lat' dir='ltr'><strong>Traditionea</strong></span> <span class='ocrx_word' id='word_1_17' title='bbox 980 761 1046 830; x_wconf 75' lang='lat' dir='ltr'><strong>illu</strong></span> <span class='ocrx_word' id='word_1_18' title='bbox 1070 771 1158 853; x_wconf 84' lang='lat' dir='ltr'><strong>suat,</strong></span> <span class='ocrx_word' id='word_1_19' title='bbox 1187 776 1222 833; x_wconf 97' lang='lat' dir='ltr'><strong>ut</strong></span> 
     </span>
     <span class='ocr_line' id='line_1_4' title="bbox 98 863 1222 961; baseline 0.009 -32"><span class='ocrx_word' id='word_1_20' title='bbox 98 871 198 952; x_wconf 84' lang='lat' dir='ltr'><strong>patet,</strong></span> <span class='ocrx_word' id='word_1_21' title='bbox 214 885 290 954; x_wconf 87' lang='lat' dir='ltr'><strong>pars</strong></span> <span class='ocrx_word' id='word_1_22' title='bbox 302 863 388 954; x_wconf 84' lang='lat' dir='ltr'><strong>juris</strong></span> <span class='ocrx_word' id='word_1_23' title='bbox 402 864 520 934; x_wconf 80' lang='lat' dir='ltr'><strong>divini.</strong></span> <span class='ocrx_word' id='word_1_24' title='bbox 539 865 734 958; x_wconf 80' lang='lat' dir='ltr'><strong>Apostoliore</strong></span> <span class='ocrx_word' id='word_1_25' title='bbox 749 863 917 954; x_wconf 86' lang='lat' dir='ltr'><strong>dicantar,</strong></span> <span class='ocrx_word' id='word_1_26' title='bbox 933 890 1008 959; x_wconf 80' lang='lat' dir='ltr'><strong>quae</strong></span> <span class='ocrx_word' id='word_1_27' title='bbox 1021 891 1063 938; x_wconf 85' lang='lat' dir='ltr'><strong>ex</strong></span> <span class='ocrx_word' id='word_1_28' title='bbox 1078 871 1222 961; x_wconf 85' lang='lat' dir='ltr'><strong>Aposto-</strong></span> 
     </span>
     <span class='ocr_line' id='line_1_5' title="bbox 98 969 1283 1064; baseline 0.009 -28"><span class='ocrx_word' id='word_1_29' title='bbox 98 969 206 1039; x_wconf 88' lang='lat' dir='ltr'><strong>lorum</strong></span> <span class='ocrx_word' id='word_1_30' title='bbox 232 973 400 1064; x_wconf 76' lang='lat' dir='ltr'><strong>preceptis</strong></span> <span class='ocrx_word' id='word_1_31' title='bbox 429 993 576 1042; x_wconf 85' lang='lat' dir='ltr'><strong>manasse</strong></span> <span class='ocrx_word' id='word_1_32' title='bbox 595 973 837 1062; x_wconf 75' lang='lat' dir='ltr'><strong>existimantur,</strong></span> <span class='ocrx_word' id='word_1_33' title='bbox 862 996 921 1044; x_wconf 88' lang='lat' dir='ltr'><strong>aea</strong></span> <span class='ocrx_word' id='word_1_34' title='bbox 935 984 1044 1045; x_wconf 84' lang='lat' dir='ltr'><strong>tamen</strong></span> <span class='ocrx_word' id='word_1_35' title='bbox 1058 977 1092 1046; x_wconf 94' lang='lat' dir='ltr'><strong>ia</strong></span> <span class='ocrx_word' id='word_1_36' title='bbox 1107 1000 1220 1048; x_wconf 86' lang='lat' dir='ltr'><strong>earum</strong></span> <span class='ocrx_word' id='word_1_37' title='bbox 1280 1030 1283 1036; x_wconf 82' lang='lat'>.</span> 
     </span>
     <span class='ocr_line' id='line_1_6' title="bbox 98 1076 1221 1173; baseline 0.01 -29"><span class='ocrx_word' id='word_1_38' title='bbox 98 1076 226 1169; x_wconf 83' lang='lat' dir='ltr'><strong>seriptis</strong></span> <span class='ocrx_word' id='word_1_39' title='bbox 248 1087 390 1149; x_wconf 78' lang='lat' dir='ltr'><strong>exaralae</strong></span> <span class='ocrx_word' id='word_1_40' title='bbox 413 1089 511 1167; x_wconf 91' lang='lat' dir='ltr'><strong>sunt;</strong></span> <span class='ocrx_word' id='word_1_41' title='bbox 534 1081 647 1173; x_wconf 86' lang='lat' dir='ltr'><strong>quales</strong></span> <span class='ocrx_word' id='word_1_42' title='bbox 675 1089 774 1169; x_wconf 88' lang='lat' dir='ltr'><strong>aaut,</strong></span> <span class='ocrx_word' id='word_1_43' title='bbox 797 1083 884 1152; x_wconf 89' lang='lat' dir='ltr'><strong>trinu</strong></span> <span class='ocrx_word' id='word_1_44' title='bbox 913 1082 1081 1153; x_wconf 82' lang='lat' dir='ltr'>immersio</span> <span class='ocrx_word' id='word_1_45' title='bbox 1108 1107 1221 1155; x_wconf 89' lang='lat' dir='ltr'><strong>aarum</strong></span> 
     </span>
     <span class='ocr_line' id='line_1_7' title="bbox 98 1186 1223 1284; baseline 0.008 -30"><span class='ocrx_word' id='word_1_46' title='bbox 98 1186 156 1278; x_wconf 85' lang='lat' dir='ltr'><strong>qai</strong></span> <span class='ocrx_word' id='word_1_47' title='bbox 180 1187 397 1280; x_wconf 72' lang='lat' dir='ltr'><strong>baptizantur,</strong></span> <span class='ocrx_word' id='word_1_48' title='bbox 423 1188 586 1280; x_wconf 86' lang='lat' dir='ltr'><strong>jejunium</strong></span> <span class='ocrx_word' id='word_1_49' title='bbox 614 1189 893 1281; x_wconf 76' lang='lat' dir='ltr'><strong>quadragesimale</strong></span> <span class='ocrx_word' id='word_1_50' title='bbox 915 1199 1112 1284; x_wconf 81' lang='lat' dir='ltr'><strong>etquattuor</strong></span> <span class='ocrx_word' id='word_1_51' title='bbox 1134 1203 1223 1262; x_wconf 87' lang='lat' dir='ltr'><strong>tean-</strong></span> 
     </span>
     <span class='ocr_line' id='line_1_8' title="bbox 98 1298 1225 1390; baseline 0.004 -25"><span class='ocrx_word' id='word_1_52' title='bbox 98 1317 229 1386; x_wconf 88' lang='lat' dir='ltr'><strong>porum,</strong></span> <span class='ocrx_word' id='word_1_53' title='bbox 251 1306 283 1366; x_wconf 93' lang='lat' dir='ltr'><strong>et</strong></span> <span class='ocrx_word' id='word_1_54' title='bbox 305 1299 368 1367; x_wconf 88' lang='lat' dir='ltr'><strong>alia</strong></span> <span class='ocrx_word' id='word_1_55' title='bbox 384 1298 487 1368; x_wconf 90' lang='lat' dir='ltr'><strong>multa</strong></span> <span class='ocrx_word' id='word_1_56' title='bbox 504 1321 580 1390; x_wconf 74' lang='lat' dir='ltr'><strong>qum</strong></span> <span class='ocrx_word' id='word_1_57' title='bbox 595 1321 706 1390; x_wconf 84' lang='lat' dir='ltr'><strong>parem</strong></span> <span class='ocrx_word' id='word_1_58' title='bbox 723 1301 792 1368; x_wconf 89' lang='lat' dir='ltr'><strong>vina</strong></span> <span class='ocrx_word' id='word_1_59' title='bbox 808 1312 840 1368; x_wconf 90' lang='lat' dir='ltr'><strong>et</strong></span> <span class='ocrx_word' id='word_1_60' title='bbox 860 1301 1086 1371; x_wconf 87' lang='lat' dir='ltr'><strong>auctoritatem</strong></span> <span class='ocrx_word' id='word_1_61' title='bbox 1103 1302 1225 1372; x_wconf 88' lang='lat' dir='ltr'><strong>babent</strong></span> 
     </span>
     <span class='ocr_line' id='line_1_9' title="bbox 99 1407 1223 1501; baseline 0.009 -29"><span class='ocrx_word' id='word_1_62' title='bbox 99 1427 135 1473; x_wconf 88' lang='lat' dir='ltr'><strong>ae</strong></span> <span class='ocrx_word' id='word_1_63' title='bbox 159 1428 209 1494; x_wconf 90' lang='lat' dir='ltr'><strong>ea,</strong></span> <span class='ocrx_word' id='word_1_64' title='bbox 236 1431 313 1498; x_wconf 79' lang='lat' dir='ltr'><strong>quea</strong></span> <span class='ocrx_word' id='word_1_65' title='bbox 326 1408 446 1500; x_wconf 86' lang='lat' dir='ltr'><strong>scripto</strong></span> <span class='ocrx_word' id='word_1_66' title='bbox 464 1407 559 1477; x_wconf 92' lang='lat' dir='ltr'><strong>nobis</strong></span> <span class='ocrx_word' id='word_1_67' title='bbox 584 1408 733 1499; x_wconf 80' lang='lat' dir='ltr'><strong>Apostoli</strong></span> <span class='ocrx_word' id='word_1_68' title='bbox 748 1407 962 1501; x_wconf 84' lang='lat' dir='ltr'><strong>reliquerant.</strong></span> <span class='ocrx_word' id='word_1_69' title='bbox 992 1407 1223 1482; x_wconf 73' lang='lat' dir='ltr'><strong>Ecclesiastico</strong></span> 
     </span>
     <span class='ocr_line' id='line_1_10' title="bbox 99 1513 1223 1610; baseline 0.006 -29"><span class='ocrx_word' id='word_1_70' title='bbox 99 1514 287 1584; x_wconf 85' lang='lat' dir='ltr'><strong>traditiones</strong></span> <span class='ocrx_word' id='word_1_71' title='bbox 313 1525 389 1584; x_wconf 88' lang='lat' dir='ltr'><strong>sant</strong></span> <span class='ocrx_word' id='word_1_72' title='bbox 418 1513 671 1584; x_wconf 88' lang='lat' dir='ltr'><strong>consuetudines</strong></span> <span class='ocrx_word' id='word_1_73' title='bbox 705 1518 848 1609; x_wconf 73' lang='lat' dir='ltr'><strong>antiquar</strong></span> <span class='ocrx_word' id='word_1_74' title='bbox 876 1541 896 1585; x_wconf 86' lang='lat' dir='ltr'><strong>a</strong></span> <span class='ocrx_word' id='word_1_75' title='bbox 924 1517 1039 1610; x_wconf 88' lang='lat' dir='ltr'><strong>primis</strong></span> <span class='ocrx_word' id='word_1_76' title='bbox 1071 1519 1223 1589; x_wconf 77' lang='lat' dir='ltr'><strong>Fnclesiu</strong></span> 
     </span>
     <span class='ocr_line' id='line_1_11' title="bbox 98 1622 1223 1718; baseline 0.003 -27"><span class='ocrx_word' id='word_1_77' title='bbox 98 1623 285 1713; x_wconf 85' lang='lat' dir='ltr'><strong>pastoribus</strong></span> <span class='ocrx_word' id='word_1_78' title='bbox 306 1632 339 1693; x_wconf 88' lang='lat' dir='ltr'><strong>et</strong></span> <span class='ocrx_word' id='word_1_79' title='bbox 362 1623 514 1695; x_wconf 87' lang='lat' dir='ltr'><strong>fidelibus</strong></span> <span class='ocrx_word' id='word_1_80' title='bbox 535 1623 577 1692; x_wconf 88' lang='lat' dir='ltr'><strong>ad</strong></span> <span class='ocrx_word' id='word_1_81' title='bbox 603 1645 662 1692; x_wconf 88' lang='lat' dir='ltr'><strong>nos</strong></span> <span class='ocrx_word' id='word_1_82' title='bbox 686 1622 846 1712; x_wconf 72' lang='lat' dir='ltr'><strong>deductu,</strong></span> <span class='ocrx_word' id='word_1_83' title='bbox 863 1647 938 1716; x_wconf 77' lang='lat' dir='ltr'><strong>qum</strong></span> <span class='ocrx_word' id='word_1_84' title='bbox 953 1625 1022 1696; x_wconf 80' lang='lat' dir='ltr'><strong>vina</strong></span> <span class='ocrx_word' id='word_1_85' title='bbox 1039 1626 1121 1718; x_wconf 78' lang='lat' dir='ltr'><strong>legis</strong></span> <span class='ocrx_word' id='word_1_86' title='bbox 1136 1627 1223 1696; x_wconf 90' lang='lat' dir='ltr'><strong>obti-</strong></span> 
     </span>
     <span class='ocr_line' id='line_1_12' title="bbox 98 1740 253 1800; baseline 0.006 -3"><span class='ocrx_word' id='word_1_87' title='bbox 98 1740 253 1800; x_wconf 85' lang='lat' dir='ltr'><strong>nuerant.</strong></span> 
     </span>
    </p>

    <p class='ocr_par' dir='ltr' id='par_1_3' title="bbox 97 1839 1222 2560">
     <span class='ocr_line' id='line_1_13' title="bbox 142 1839 1222 1932; baseline 0.006 -26"><span class='ocrx_word' id='word_1_88' title='bbox 142 1839 290 1908; x_wconf 84' lang='lat' dir='ltr'><strong>Verbum</strong></span> <span class='ocrx_word' id='word_1_89' title='bbox 314 1839 375 1908; x_wconf 89' lang='lat' dir='ltr'><strong>Dei</strong></span> <span class='ocrx_word' id='word_1_90' title='bbox 406 1861 472 1909; x_wconf 94' lang='lat' dir='ltr'><strong>non</strong></span> <span class='ocrx_word' id='word_1_91' title='bbox 500 1842 656 1932; x_wconf 87' lang='lat' dir='ltr'><strong>seriptum</strong></span> <span class='ocrx_word' id='word_1_92' title='bbox 682 1839 930 1932; x_wconf 88' lang='lat' dir='ltr'><strong>comprehendit</strong></span> <span class='ocrx_word' id='word_1_93' title='bbox 958 1849 1083 1910; x_wconf 85' lang='lat' dir='ltr'><strong>tantum</strong></span> <span class='ocrx_word' id='word_1_94' title='bbox 1116 1843 1222 1912; x_wconf 81' lang='lat' dir='ltr'><strong>tradi—</strong></span> 
     </span>
     <span class='ocr_line' id='line_1_14' title="bbox 98 1947 1222 2022; baseline 0.004 -7"><span class='ocrx_word' id='word_1_95' title='bbox 98 1949 203 2016; x_wconf 85' lang='lat' dir='ltr'><strong>tiones</strong></span> <span class='ocrx_word' id='word_1_96' title='bbox 230 1947 368 2018; x_wconf 89' lang='lat' dir='ltr'><strong>divinas.</strong></span> <span class='ocrx_word' id='word_1_97' title='bbox 399 1949 604 2019; x_wconf 86' lang='lat' dir='ltr'><strong>Traditiones</strong></span> <span class='ocrx_word' id='word_1_98' title='bbox 632 1959 740 2018; x_wconf 81' lang='lat' dir='ltr'><strong>uatem</strong></span> <span class='ocrx_word' id='word_1_99' title='bbox 772 1947 896 2018; x_wconf 81' lang='lat' dir='ltr'><strong>divinae</strong></span> <span class='ocrx_word' id='word_1_100' title='bbox 924 1972 990 2018; x_wconf 94' lang='lat' dir='ltr'><strong>nan</strong></span> <span class='ocrx_word' id='word_1_101' title='bbox 1020 1952 1222 2022; x_wconf 86' lang='lat' dir='ltr'><strong>constituunt</strong></span> 
     </span>
     <span class='ocr_line' id='line_1_15' title="bbox 98 2054 1219 2149; baseline 0.002 -25"><span class='ocrx_word' id='word_1_102' title='bbox 98 2055 229 2147; x_wconf 88' lang='lat' dir='ltr'><strong>proprie</strong></span> <span class='ocrx_word' id='word_1_103' title='bbox 248 2056 303 2148; x_wconf 87' lang='lat' dir='ltr'><strong>jus</strong></span> <span class='ocrx_word' id='word_1_104' title='bbox 326 2058 532 2144; x_wconf 87' lang='lat' dir='ltr'><strong>canonicum,</strong></span> <span class='ocrx_word' id='word_1_105' title='bbox 549 2055 605 2125; x_wconf 85' lang='lat' dir='ltr'><strong>sed</strong></span> <span class='ocrx_word' id='word_1_106' title='bbox 627 2054 791 2125; x_wconf 84' lang='lat' dir='ltr'><strong>divinum.</strong></span> <span class='ocrx_word' id='word_1_107' title='bbox 811 2057 884 2125; x_wconf 90' lang='lat' dir='ltr'><strong>Non</strong></span> <span class='ocrx_word' id='word_1_108' title='bbox 903 2068 1041 2149; x_wconf 87' lang='lat' dir='ltr'><strong>possunt</strong></span> <span class='ocrx_word' id='word_1_109' title='bbox 1061 2081 1141 2148; x_wconf 79' lang='lat' dir='ltr'><strong>ergo</strong></span> <span class='ocrx_word' id='word_1_110' title='bbox 1156 2058 1219 2127; x_wconf 90' lang='lat' dir='ltr'><strong>dici</strong></span> 
     </span>
     <span class='ocr_line' id='line_1_16' title="bbox 97 2163 1222 2257; baseline 0.004 -27"><span class='ocrx_word' id='word_1_111' title='bbox 97 2163 171 2232; x_wconf 86' lang='lat' dir='ltr'><strong>fons</strong></span> <span class='ocrx_word' id='word_1_112' title='bbox 193 2165 281 2255; x_wconf 83' lang='lat' dir='ltr'><strong>juris</strong></span> <span class='ocrx_word' id='word_1_113' title='bbox 307 2166 469 2252; x_wconf 86' lang='lat' dir='ltr'><strong>canonici,</strong></span> <span class='ocrx_word' id='word_1_114' title='bbox 493 2165 556 2234; x_wconf 92' lang='lat' dir='ltr'><strong>nisi</strong></span> <span class='ocrx_word' id='word_1_115' title='bbox 576 2186 615 2232; x_wconf 91' lang='lat' dir='ltr'><strong>ea</strong></span> <span class='ocrx_word' id='word_1_116' title='bbox 639 2165 821 2256; x_wconf 91' lang='lat' dir='ltr'><strong>impropria</strong></span> <span class='ocrx_word' id='word_1_117' title='bbox 847 2187 959 2252; x_wconf 86' lang='lat' dir='ltr'><strong>sensu,</strong></span> <span class='ocrx_word' id='word_1_118' title='bbox 981 2165 1069 2257; x_wconf 89' lang='lat' dir='ltr'><strong>quod</strong></span> <span class='ocrx_word' id='word_1_119' title='bbox 1098 2166 1222 2236; x_wconf 80' lang='lat' dir='ltr'><strong>luerint</strong></span> 
     </span>
     <span class='ocr_line' id='line_1_17' title="bbox 97 2271 1221 2367; baseline 0.004 -28"><span class='ocrx_word' id='word_1_120' title='bbox 97 2271 198 2341; x_wconf 90' lang='lat' dir='ltr'><strong>simul</strong></span> <span class='ocrx_word' id='word_1_121' title='bbox 220 2273 409 2344; x_wconf 83' lang='lat' dir='ltr'><strong>auctoritate</strong></span> <span class='ocrx_word' id='word_1_122' title='bbox 431 2275 644 2344; x_wconf 86' lang='lat' dir='ltr'><strong>ecclesiastica</strong></span> <span class='ocrx_word' id='word_1_123' title='bbox 666 2274 903 2367; x_wconf 70' lang='lat' dir='ltr'><strong>promulgata,</strong></span> <span class='ocrx_word' id='word_1_124' title='bbox 919 2282 951 2342; x_wconf 90' lang='lat' dir='ltr'><strong>et</strong></span> <span class='ocrx_word' id='word_1_125' title='bbox 966 2274 1053 2366; x_wconf 90' lang='lat' dir='ltr'><strong>quod</strong></span> <span class='ocrx_word' id='word_1_126' title='bbox 1079 2276 1221 2345; x_wconf 83' lang='lat' dir='ltr'><strong>Ecclesia</strong></span> 
     </span>
     <span class='ocr_line' id='line_1_18' title="bbox 97 2379 1218 2473; baseline 0.004 -26"><span class='ocrx_word' id='word_1_127' title='bbox 97 2379 186 2470; x_wconf 80' lang='lat' dir='ltr'><strong>leges</strong></span> <span class='ocrx_word' id='word_1_128' title='bbox 211 2382 320 2450; x_wconf 86' lang='lat' dir='ltr'><strong>tulerit</strong></span> <span class='ocrx_word' id='word_1_129' title='bbox 344 2380 385 2450; x_wconf 92' lang='lat' dir='ltr'><strong>ad</strong></span> <span class='ocrx_word' id='word_1_130' title='bbox 407 2381 589 2473; x_wconf 80' lang='lat' dir='ltr'><strong>urgentiam</strong></span> <span class='ocrx_word' id='word_1_131' title='bbox 616 2392 648 2452; x_wconf 90' lang='lat' dir='ltr'><strong>et</strong></span> <span class='ocrx_word' id='word_1_132' title='bbox 675 2382 781 2472; x_wconf 77' lang='lat' dir='ltr'><strong>magis</strong></span> <span class='ocrx_word' id='word_1_133' title='bbox 806 2381 1087 2451; x_wconf 86' lang='lat' dir='ltr'><strong>determinandam</strong></span> <span class='ocrx_word' id='word_1_134' title='bbox 1112 2382 1218 2452; x_wconf 86' lang='lat' dir='ltr'><strong>tradi-</strong></span> 
     </span>
     <span class='ocr_line' id='line_1_19' title="bbox 97 2488 684 2560; baseline 0.003 -5"><span class='ocrx_word' id='word_1_135' title='bbox 97 2488 223 2557; x_wconf 88' lang='lat' dir='ltr'><strong>tionum</strong></span> <span class='ocrx_word' id='word_1_136' title='bbox 239 2488 428 2560; x_wconf 84' lang='lat' dir='ltr'><strong>diriaarum</strong></span> <span class='ocrx_word' id='word_1_137' title='bbox 443 2491 684 2560; x_wconf 83' lang='lat' dir='ltr'><strong>executionem.</strong></span> 
     </span>
    </p>

    <p class='ocr_par' dir='ltr' id='par_1_4' title="bbox 91 2595 1219 2904">
     <span class='ocr_line' id='line_1_20' title="bbox 140 2595 1219 2690; baseline 0.005 -26"><span class='ocrx_word' id='word_1_138' title='bbox 140 2595 193 2664; x_wconf 84' lang='lat' dir='ltr'><strong>Ex</strong></span> <span class='ocrx_word' id='word_1_139' title='bbox 216 2596 268 2665; x_wconf 89' lang='lat' dir='ltr'><strong>bis</strong></span> <span class='ocrx_word' id='word_1_140' title='bbox 292 2607 378 2690; x_wconf 87' lang='lat' dir='ltr'><strong>petet</strong></span> <span class='ocrx_word' id='word_1_141' title='bbox 400 2599 516 2667; x_wconf 87' lang='lat' dir='ltr'><strong>merito</strong></span> <span class='ocrx_word' id='word_1_142' title='bbox 538 2621 558 2666; x_wconf 91' lang='lat' dir='ltr'><strong>a</strong></span> <span class='ocrx_word' id='word_1_143' title='bbox 584 2597 781 2688; x_wconf 89' lang='lat' dir='ltr'><strong>quibusdam</strong></span> <span class='ocrx_word' id='word_1_144' title='bbox 796 2599 984 2668; x_wconf 88' lang='lat' dir='ltr'><strong>auctoribus</strong></span> <span class='ocrx_word' id='word_1_145' title='bbox 1007 2599 1092 2667; x_wconf 82' lang='lat' dir='ltr'><strong>inter</strong></span> <span class='ocrx_word' id='word_1_146' title='bbox 1114 2599 1219 2669; x_wconf 72' lang='lat' dir='ltr'><strong>tantm</strong></span> 
     </span>
     <span class='ocr_line' id='line_1_21' title="bbox 91 2705 1219 2800; baseline 0.002 -26"><span class='ocrx_word' id='word_1_147' title='bbox 91 2705 178 2796; x_wconf 90' lang='lat' dir='ltr'><strong>juris</strong></span> <span class='ocrx_word' id='word_1_148' title='bbox 207 2707 353 2774; x_wconf 88' lang='lat' dir='ltr'><strong>canonici</strong></span> <span class='ocrx_word' id='word_1_149' title='bbox 389 2729 455 2775; x_wconf 94' lang='lat' dir='ltr'><strong>non</strong></span> <span class='ocrx_word' id='word_1_150' title='bbox 482 2707 669 2775; x_wconf 84' lang='lat' dir='ltr'><strong>enumerari</strong></span> <span class='ocrx_word' id='word_1_151' title='bbox 696 2707 840 2783; x_wconf 85' lang='lat' dir='ltr'><strong>Verbum</strong></span> <span class='ocrx_word' id='word_1_152' title='bbox 868 2707 927 2775; x_wconf 88' lang='lat' dir='ltr'><strong>Dei</strong></span> <span class='ocrx_word' id='word_1_153' title='bbox 962 2707 1031 2775; x_wconf 86' lang='lat' dir='ltr'><strong>sive</strong></span> <span class='ocrx_word' id='word_1_154' title='bbox 1062 2708 1219 2800; x_wconf 88' lang='lat' dir='ltr'><strong>scripturn</strong></span> 
     </span>
     <span class='ocr_line' id='line_1_22' title="bbox 95 2813 434 2904; baseline 0 -23"><span class='ocrx_word' id='word_1_155' title='bbox 95 2813 164 2882; x_wconf 81' lang='lat' dir='ltr'><strong>sive</strong></span> <span class='ocrx_word' id='word_1_156' title='bbox 181 2835 248 2882; x_wconf 93' lang='lat' dir='ltr'><strong>nan</strong></span> <span class='ocrx_word' id='word_1_157' title='bbox 266 2814 434 2904; x_wconf 87' lang='lat' dir='ltr'><strong>scriptum.</strong></span> 
     </span>
    </p>
   </div>
   <div class='ocr_carea' id='block_1_3' title="bbox 545 3049 767 3122">
    <p class='ocr_par' dir='ltr' id='par_1_5' title="bbox 545 3049 767 3122">
     <span class='ocr_line' id='line_1_23' title="bbox 545 3049 767 3122; baseline -0.005 -3"><span class='ocrx_word' id='word_1_158' title='bbox 545 3049 688 3122; x_wconf 85' lang='lat' dir='ltr'>CAPUT</span> <span class='ocrx_word' id='word_1_159' title='bbox 711 3051 767 3120; x_wconf 89' lang='lat'><em>111.</em></span> 
     </span>
    </p>
   </div>
   <div class='ocr_carea' id='block_1_4' title="bbox 223 3270 1091 3434">
    <p class='ocr_par' dir='ltr' id='par_1_6' title="bbox 223 3270 1091 3434">
     <span class='ocr_line' id='line_1_24' title="bbox 223 3270 1091 3348; baseline 0.005 -33"><span class='ocrx_word' id='word_1_160' title='bbox 223 3270 262 3316; x_wconf 76' lang='lat' dir='ltr'><strong>tt!</strong></span> <span class='ocrx_word' id='word_1_161' title='bbox 284 3270 358 3317; x_wconf 82' lang='lat' dir='ltr'><strong>Jultlt</strong></span> <span class='ocrx_word' id='word_1_162' title='bbox 380 3271 529 3318; x_wconf 72' lang='lat' dir='ltr'>CANOMCO</span> <span class='ocrx_word' id='word_1_163' title='bbox 557 3271 742 3348; x_wconf 72' lang='lat' dir='ltr'><strong>APOS&#39;l&#39;Ol-lCO</strong></span> <span class='ocrx_word' id='word_1_164' title='bbox 765 3271 819 3316; x_wconf 80' lang='lat' dir='ltr'><strong>satt</strong></span> <span class='ocrx_word' id='word_1_165' title='bbox 843 3271 899 3316; x_wconf 71' lang='lat' dir='ltr'><em>m</em></span> <span class='ocrx_word' id='word_1_166' title='bbox 921 3271 1091 3319; x_wconf 66' lang='lat' dir='ltr'><strong>nostor-tta</strong></span> 
     </span>
     <span class='ocr_line' id='line_1_25' title="bbox 559 3387 755 3434; baseline -0.01 -2"><span class='ocrx_word' id='word_1_167' title='bbox 559 3387 755 3434; x_wconf 77' lang='lat' dir='ltr'><strong>cottsmuao.</strong></span> 
     </span>
    </p>
   </div>
   <div class='ocr_carea' id='block_1_5' title="bbox 92 3576 1250 4320">
    <p class='ocr_par' dir='ltr' id='par_1_7' title="bbox 92 3576 1250 4320">
     <span class='ocr_line' id='line_1_26' title="bbox 138 3576 1215 3670; baseline 0.005 -25"><span class='ocrx_word' id='word_1_168' title='bbox 138 3576 298 3658; x_wconf 83' lang='lat' dir='ltr'><strong>Quaedam</strong></span> <span class='ocrx_word' id='word_1_169' title='bbox 312 3577 469 3646; x_wconf 85' lang='lat' dir='ltr'><strong>babemus</strong></span> <span class='ocrx_word' id='word_1_170' title='bbox 486 3586 573 3646; x_wconf 84' lang='lat' dir='ltr'><strong>certa</strong></span> <span class='ocrx_word' id='word_1_171' title='bbox 595 3601 637 3646; x_wconf 85' lang='lat' dir='ltr'><strong>ex</strong></span> <span class='ocrx_word' id='word_1_172' title='bbox 648 3579 723 3670; x_wconf 86' lang='lat' dir='ltr'><strong>jure</strong></span> <span class='ocrx_word' id='word_1_173' title='bbox 739 3578 915 3668; x_wconf 87' lang='lat' dir='ltr'><strong>apostolico</strong></span> <span class='ocrx_word' id='word_1_174' title='bbox 928 3605 936 3657; x_wconf 91' lang='lat'>;</span> <span class='ocrx_word' id='word_1_175' title='bbox 958 3577 1110 3669; x_wconf 85' lang='lat' dir='ltr'><strong>quaedern</strong></span> <span class='ocrx_word' id='word_1_176' title='bbox 1124 3603 1215 3669; x_wconf 84' lang='lat' dir='ltr'><strong>vera,</strong></span> 
     </span>
     <span class='ocr_line' id='line_1_27' title="bbox 94 3687 1217 3780; baseline 0.005 -28"><span class='ocrx_word' id='word_1_177' title='bbox 94 3708 212 3777; x_wconf 84' lang='lat' dir='ltr'><strong>nempe</strong></span> <span class='ocrx_word' id='word_1_178' title='bbox 227 3709 265 3756; x_wconf 87' lang='lat' dir='ltr'><strong>ea</strong></span> <span class='ocrx_word' id='word_1_179' title='bbox 279 3695 400 3756; x_wconf 84' lang='lat' dir='ltr'><strong>statuta</strong></span> <span class='ocrx_word' id='word_1_180' title='bbox 415 3709 489 3780; x_wconf 82' lang='lat' dir='ltr'><strong>quae</strong></span> <span class='ocrx_word' id='word_1_181' title='bbox 503 3687 660 3756; x_wconf 87' lang='lat' dir='ltr'><strong>dicuntur</strong></span> <span class='ocrx_word' id='word_1_182' title='bbox 684 3709 821 3755; x_wconf 81' lang='lat' dir='ltr'><strong>conones</strong></span> <span class='ocrx_word' id='word_1_183' title='bbox 847 3687 1087 3777; x_wconf 83' lang='lat' dir='ltr'><strong>apostolorum,</strong></span> <span class='ocrx_word' id='word_1_184' title='bbox 1109 3689 1217 3758; x_wconf 82' lang='lat' dir='ltr'><strong>etalio</strong></span> 
     </span>
     <span class='ocr_line' id='line_1_28' title="bbox 94 3793 1250 3887; baseline 0.004 -26"><span class='ocrx_word' id='word_1_185' title='bbox 94 3793 241 3864; x_wconf 84' lang='lat' dir='ltr'><strong>collectio</strong></span> <span class='ocrx_word' id='word_1_186' title='bbox 254 3817 328 3887; x_wconf 76' lang='lat' dir='ltr'><strong>qaae</strong></span> <span class='ocrx_word' id='word_1_187' title='bbox 343 3796 614 3865; x_wconf 81' lang='lat' dir='ltr'><strong>constitutionum</strong></span> <span class='ocrx_word' id='word_1_188' title='bbox 629 3794 886 3887; x_wconf 82' lang='lat' dir='ltr'><strong>apostolicorum</strong></span> <span class='ocrx_word' id='word_1_189' title='bbox 902 3795 1035 3864; x_wconf 87' lang='lat' dir='ltr'><strong>nornine</strong></span> <span class='ocrx_word' id='word_1_190' title='bbox 1049 3796 1215 3887; x_wconf 79' lang='lat' dir='ltr'><strong>designari</strong></span> <span class='ocrx_word' id='word_1_191' title='bbox 1248 3819 1250 3837; x_wconf 80' lang='lat'>¹</span> 
     </span>
     <span class='ocr_line' id='line_1_29' title="bbox 94 3902 1215 3996; baseline 0.006 -26"><span class='ocrx_word' id='word_1_192' title='bbox 94 3902 186 3987; x_wconf 86' lang='lat' dir='ltr'><strong>solet,</strong></span> <span class='ocrx_word' id='word_1_193' title='bbox 215 3903 251 3970; x_wconf 93' lang='lat' dir='ltr'><strong>ia</strong></span> <span class='ocrx_word' id='word_1_194' title='bbox 273 3903 409 3972; x_wconf 91' lang='lat' dir='ltr'><strong>dubium</strong></span> <span class='ocrx_word' id='word_1_195' title='bbox 436 3913 640 3974; x_wconf 83' lang='lat' dir='ltr'><strong>revocantur.</strong></span> <span class='ocrx_word' id='word_1_196' title='bbox 668 3905 815 3992; x_wconf 81' lang='lat' dir='ltr'><strong>ligemus</strong></span> <span class='ocrx_word' id='word_1_197' title='bbox 846 3905 878 3970; x_wconf 76' lang='lat'><strong>1⁰</strong></span> <span class='ocrx_word' id='word_1_198' title='bbox 905 3903 945 3970; x_wconf 87' lang='lat' dir='ltr'><strong>de</strong></span> <span class='ocrx_word' id='word_1_199' title='bbox 973 3903 1069 3972; x_wconf 87' lang='lat' dir='ltr'><strong>certis</strong></span> <span class='ocrx_word' id='word_1_200' title='bbox 1086 3927 1128 3973; x_wconf 86' lang='lat' dir='ltr'><strong>ex</strong></span> <span class='ocrx_word' id='word_1_201' title='bbox 1139 3905 1215 3996; x_wconf 86' lang='lat' dir='ltr'><strong>jure</strong></span> 
     </span>
     <span class='ocr_line' id='line_1_30' title="bbox 93 4010 1217 4104; baseline 0.006 -27"><span class='ocrx_word' id='word_1_202' title='bbox 93 4010 287 4102; x_wconf 84' lang='lat' dir='ltr'><strong>apostolic03</strong></span> <span class='ocrx_word' id='word_1_203' title='bbox 312 4015 347 4078; x_wconf 79' lang='lat'><strong>2⁰</strong></span> <span class='ocrx_word' id='word_1_204' title='bbox 368 4012 409 4080; x_wconf 91' lang='lat' dir='ltr'><strong>de</strong></span> <span class='ocrx_word' id='word_1_205' title='bbox 427 4011 609 4104; x_wconf 88' lang='lat' dir='ltr'><strong>apostolicis</strong></span> <span class='ocrx_word' id='word_1_206' title='bbox 629 4011 933 4098; x_wconf 86' lang='lat' dir='ltr'><strong>constitutionibas;</strong></span> <span class='ocrx_word' id='word_1_207' title='bbox 960 4014 993 4078; x_wconf 75' lang='lat'><strong>3⁹</strong></span> <span class='ocrx_word' id='word_1_208' title='bbox 1015 4011 1055 4081; x_wconf 87' lang='lat' dir='ltr'><strong>de</strong></span> <span class='ocrx_word' id='word_1_209' title='bbox 1081 4017 1217 4084; x_wconf 87' lang='lat' dir='ltr'><strong>canoni-</strong></span> 
     </span>
     <span class='ocr_line' id='line_1_31' title="bbox 92 4117 1216 4212; baseline 0.009 -28"><span class='ocrx_word' id='word_1_210' title='bbox 92 4117 155 4187; x_wconf 88' lang='lat' dir='ltr'><strong>bus</strong></span> <span class='ocrx_word' id='word_1_211' title='bbox 190 4120 442 4212; x_wconf 67' lang='lat' dir='ltr'><strong>apostotorum</strong></span> <span class='ocrx_word' id='word_1_212' title='bbox 475 4123 508 4188; x_wconf 83' lang='lat' dir='ltr'><strong>l·</strong></span> <span class='ocrx_word' id='word_1_213' title='bbox 535 4119 759 4211; x_wconf 85' lang='lat' dir='ltr'><strong>expendemus</strong></span> <span class='ocrx_word' id='word_1_214' title='bbox 787 4141 853 4212; x_wconf 91' lang='lat' dir='ltr'><strong>qua</strong></span> <span class='ocrx_word' id='word_1_215' title='bbox 884 4141 982 4188; x_wconf 87' lang='lat' dir='ltr'><strong>sensu</strong></span> <span class='ocrx_word' id='word_1_216' title='bbox 1018 4120 1147 4192; x_wconf 84' lang='lat' dir='ltr'><strong>decreta</strong></span> <span class='ocrx_word' id='word_1_217' title='bbox 1175 4124 1216 4193; x_wconf 85' lang='lat' dir='ltr'><strong>ab</strong></span> 
     </span>
     <span class='ocr_line' id='line_1_32' title="bbox 94 4228 708 4320; baseline 0.003 -26"><span class='ocrx_word' id='word_1_218' title='bbox 94 4228 260 4320; x_wconf 80' lang='lat' dir='ltr'><strong>Apostolis</strong></span> <span class='ocrx_word' id='word_1_219' title='bbox 275 4229 341 4296; x_wconf 85' lang='lat' dir='ltr'><strong>sint</strong></span> <span class='ocrx_word' id='word_1_220' title='bbox 362 4229 436 4297; x_wconf 84' lang='lat' dir='ltr'><strong>lons</strong></span> <span class='ocrx_word' id='word_1_221' title='bbox 445 4229 532 4319; x_wconf 83' lang='lat' dir='ltr'><strong>juris</strong></span> <span class='ocrx_word' id='word_1_222' title='bbox 550 4229 708 4297; x_wconf 85' lang='lat' dir='ltr'><strong>canonici.</strong></span> 
     </span>
    </p>
   </div>
   <div class='ocr_carea' id='block_1_6' title="bbox 1018 4343 1056 4402">
    <p class='ocr_par' dir='ltr' id='par_1_8' title="bbox 1018 4343 1056 4402">
     <span class='ocr_line' id='line_1_33' title="bbox 1018 4343 1056 4402; baseline 0.053 -2"><span class='ocrx_word' id='word_1_223' title='bbox 1018 4343 1056 4402; x_wconf 79' lang='lat'><strong>{0</strong></span> 
     </span>
    </p>
   </div>
   <div class='ocr_carea' id='block_1_7' title="bbox 0 0 1528 4954">
    <p class='ocr_par' dir='ltr' id='par_1_9' title="bbox 0 0 1528 4954">
     <span class='ocr_line' id='line_1_34' title="bbox 0 0 1528 4954; baseline 0 2"><span class='ocrx_word' id='word_1_224' title='bbox 0 0 1528 4954; x_wconf 95' lang='lat' dir='ltr'><strong> </strong></span> 
     </span>
    </p>
   </div>
  </div>
 </body>
</html>
