3048 4954
324 478 385 546 102
675 495 849 541 aasentias
873 495 911 538 nn
934 493 1089 538 poenotens

368 667 383 704 o
410 638 483 706 4⁰11
505 659 576 706 scra
599 637 709 726 obligo
731 635 773 704 de
789 634 875 703 tenir
893 656 937 702 ou
953 632 1034 701 taire
1049 632 1133 701 tenir
1149 631 1285 721 registro
1302 629 1343 697 de
1364 639 1442 698 tons

323 773 339 811 o
363 748 410 814 les
423 755 508 814 actes
522 745 561 812 de
575 745 607 813 la
617 744 772 834 legation.

367 885 383 922 «
410 863 441 922 5ο
458 859 503 926 La
516 857 658 946 le'gation
672 855 763 939 finio,
780 855 802 922 il
820 861 971 922 remcttra
987 877 1022 921 ce
1038 852 1173 941 registro
1187 861 1219 919 et
1238 853 1267 920 le
1288 875 1386 920 sceau
1403 852 1443 919 de

323 993 338 1030 o
363 989 398 1034 sa
413 966 609 1056 legationen
626 964 794 1031 conseiller
809 945 915 1030 d‘lltat
929 960 1048 1050 charge
1068 958 1108 1028 de
1123 967 1228 1028 tontes
1246 961 1293 1028 les
1310 960 1441 1028 affaires

323 1103 339 1138 o
361 1083 556 1142 concernant
582 1075 611 1142 le
630 1073 727 1160 culte,
749 1073 806 1163 qni
828 1072 858 1138 le
877 1069 1031 1162 deposera
1046 1093 1113 1138 oux
1129 1070 1277 1138 archites
1292 1069 1338 1137 du
1354 1092 1444 1158 gon-

324 1207 340 1246 «
364 1191 565 1252 vernement.

367 1319 383 1357 o
409 1296 441 1359 6ο
458 1291 485 1359 ll
499 1313 539 1360 ne
554 1313 688 1383 ponera,
705 1292 799 1381 apres
808 1290 839 1357 la
852 1290 899 1357 lin
914 1287 1000 1357 desa
1015 1287 1170 1377 legation,
1187 1309 1320 1356 exercet
1332 1286 1446 1354 direc-

323 1433 339 1469 «
361 1413 483 1474 tament
494 1427 537 1472 ou
549 1403 806 1488 indirectement‚
824 1402 885 1470 soit
894 1425 935 1470 on
950 1401 1084 1488 Franco,
1096 1401 1158 1470 soit
1171 1400 1248 1469 hors
1257 1401 1289 1469 la
1301 1400 1444 1486 Franco,

323 1540 339 1576 «
363 1535 469 1581 ancon
486 1519 554 1580 aete
575 1510 719 1579 relatita
740 1493 872 1599 l'Eglise
889 1510 1060 1600 gallicane.

368 1648 384 1685 o
409 1623 489 1688 Ant.
509 1624 540 1686 2.
558 1616 707 1686 Labulle
723 1617 766 1684 dn
784 1617 871 1710 Papc
886 1625 1059 1686 contenent
1075 1615 1122 1684 les
1137 1617 1293 1708 pouvoies
1308 1617 1352 1684 dn
1367 1639 1448 1685 car-

324 1757 340 1795 «
364 1730 570 1820 dinal-legat,
598 1751 669 1794 sera
694 1729 862 1796 transcrite
885 1751 925 1796 en
946 1728 1028 1796 latin
1050 1737 1082 1796 et
1103 1749 1143 1794 en
1160 1727 1302 1812 franceis
1322 1749 1382 1794 sur
1398 1727 1447 1794 les

325 1865 341 1904 «
365 1839 518 1929 registres
531 1838 575 1906 du
590 1836 709 1906 conseil
721 1819 828 1904 d‘lltat
846 1861 853 1901 :
869 1838 929 1905 elle
944 1860 1017 1905 sera
1028 1837 1153 1904 inserte
1167 1859 1209 1904 an
1223 1835 1367 1904 Bulletin
1386 1835 1447 1903 des

325 1973 342 2012 o
364 1947 439 2014 lois.
457 1971 474 2010 n

365 2153 414 2220 Ex
432 2151 492 2219 isto
507 2150 641 2243 quidem
654 2157 777 2217 arresto
791 2157 916 2218 constat
934 2149 1033 2242 (qnod
1056 2149 1135 2218 alias
1156 2149 1254 2217 nimis
1275 2151 1447 2218 notorium
1511 2139 1512 2208 l

322 2268 421 2329 estet
448 2267 544 2347 negat
570 2259 709 2346 nullus),
746 2257 946 2346 gnbernium
978 2257 1132 2344 gallicum
1164 2265 1355 2325 conservata
1385 2281 1448 2324 vo-

320 2369 421 2437 lnisse
443 2389 509 2435 non
528 2373 654 2433 tantum
670 2351 777 2455 prisca
794 2365 946 2432 Ecclesia
972 2365 1141 2452 gallicane
1159 2365 1246 2456 jura,
1265 2364 1320 2432 sed
1342 2375 1374 2432 et
1391 2389 1449 2434 eos

207 2533 215 2546 ,
321 2480 442 2544 abusus
462 2475 520 2566 qni
543 2473 708 2542 libertates
729 2471 942 2556 vocabantur,
968 2480 1000 2539 et
1019 2473 1138 2563 quibus
1154 2471 1254 2540 Sedes
1269 2473 1449 2563 apostolica

321 2594 411 2654 tanto
441 2581 599 2671 temporis
626 2588 731 2649 tractu
766 2587 953 2649 constanter
977 2581 1156 2650 obstiterat.
1192 2579 1256 2648 Sed
1285 2579 1319 2647 id
1350 2591 1451 2650 extra

322 2691 534 2783 quaestionem
557 2710 691 2778 prorsus
710 2695 769 2754 est.
796 2687 962 2755 Nimirum
984 2688 1038 2756 hie
1054 2687 1191 2778 quaestio
1206 2695 1266 2774 est,
1281 2711 1348 2755 non
1364 2688 1450 2779 qnid

323 2797 520 2888 gubernium
549 2793 702 2883 gallicum
730 2793 872 2862 voluerit
894 2803 951 2863 aut
974 2795 1162 2877 intenderit,
1194 2795 1250 2863 sed
1276 2795 1359 2886 qnid
1378 2797 1451 2889 ipse

322 2927 469 2975 summos
491 2903 644 2992 Pontifex
663 2902 795 2992 possetne
814 2913 845 2969 et
868 2901 1092 2972 consentiendo
1117 2903 1315 2994 firmaverit.
1341 2904 1451 2974 Porro

322 3013 408 3083 nihil
423 3011 557 3080 omnino
575 3011 662 3078 valet
683 3009 806 3077 dictum
826 3019 1001 3096 arrestum,
1026 3010 1066 3079 ad
1082 3011 1290 3103 probandum
1304 3011 1449 3080 Romani
1510 3079 1511 3096 ¹

323 3120 505 3208 Pontificio,
525 3119 631 3212 ‹looad
657 3119 753 3188 istius
772 3119 862 3187 modi
881 3121 987 3211 prisco
1005 3120 1156 3189 Ecclesiae
1179 3121 1347 3210 gallicanae
1368 3123 1451 3215 jura
1510 3145 1511 3184 l

322 3231 540 3313 libertatesve,
580 3249 784 3295 consensum.
823 3227 950 3295 Nedum
983 3227 1060 3296 huic
1089 3237 1213 3298 arresto
1245 3231 1451 3300 consensisse

324 3340 421 3409 Pium
438 3337 500 3409 Vll
517 3336 597 3425 fingi
619 3337 731 3426 possit,
759 3359 911 3427 expresse
931 3346 1126 3428 conquestus
1145 3345 1192 3405 est
1207 3339 1307 3430 qnod,
1331 3349 1452 3409 contra

323 3471 361 3515 ea
387 3445 572 3536 quocirca
602 3443 715 3532 Legati
741 3443 958 3533 receptionem
991 3453 1106 3513 mutuo
1136 3467 1296 3514 consensu
1325 3454 1451 3515 statuta

323 3557 465 3638 fuerant,
493 3551 534 3622 ad
560 3549 773 3620 emittendum
794 3549 1018 3641 juramentum
1040 3553 1126 3621 idem
1143 3555 1283 3643 Legatos
1296 3557 1451 3647 compul-

319 3685 379 3732 sos
396 3661 509 3746 luerit;
528 3667 626 3751 prout
638 3680 680 3728 ex
691 3658 839 3750 sequenti
848 3657 1043 3728 documento
1056 3669 1191 3729 constat.
