3022 4950
250 489 290 556 ll
598 513 769 562 reserares
793 513 831 560 nn
858 513 1010 560 amoenus

251 678 268 717 u
291 652 389 722 ticam
402 653 591 746 reipublicae
607 654 712 724 civilis
721 655 1006 745 gubernationem,
1022 677 1149 748 pacem,
1162 653 1365 746 salutemque

251 787 269 828 a
292 762 506 854 temporalem
522 764 646 834 civium
660 766 920 856 promovendam
931 773 964 834 et
977 763 1234 835 conservandam
1245 765 1365 834 imme·
1497 779 1498 784 ’

253 894 271 935 a
293 868 378 939 diate
392 871 591 943 ordinatum.
611 899 628 937 u
651 872 802 961 (Pichler,
819 873 879 942 Jus
892 873 1100 959 mnonicum,
1115 871 1364 962 Prolegomcna,

249 998 273 1044 n
293 978 472 1176 dullino,
486 1090 582 1182 juxta
596 1090 890 1182 Schmalzgrueber
903 1091 1051 1181 (Dissert.
1069 1088 1280 1182 prooemialis,
1294 1088 1315 1179 ξ
1331 1092 1363 1174 6,

250 1213 286 1264 n⁰
317 1199 404 1290 146),
421 1201 552 1292 proprie
571 1201 728 1292 accipitur
746 1227 763 1266 u
778 1223 837 1292 pro
851 1201 925 1291 jura
940 1199 1092 1292 positivo,
1110 1197 1198 1292 quod
1213 1218 1366 1288 expresso
1497 1211 1498 1260 t

253 1329 270 1371 a
292 1305 486 1394 legislatoris
500 1330 657 1391 consensu
673 1331 733 1400 pro
748 1317 836 1376 certa
850 1307 1016 1399 republica
1029 1307 1064 1375 in
1079 1304 1193 1374 ordine
1208 1303 1249 1373 ad
1265 1303 1366 1372 linem

256 1439 273 1479 a
295 1417 510 1508 temporalem
523 1417 712 1486 ordinatum
728 1427 787 1485 est.
804 1442 821 1482 »

294 1532 488 1603 Describunt
502 1543 649 1602 auctores
663 1534 711 1602 illi
723 1534 779 1625 jus
792 1533 886 1603 civile
902 1534 936 1600 in
950 1533 1062 1601 stricto
1076 1553 1186 1600 sensu.
1202 1531 1287 1600 Nam
1302 1530 1367 1599 lato

253 1640 396 1731 quodam
412 1664 508 1710 sensu
520 1642 575 1733 jus
588 1641 683 1711 civile
692 1642 868 1732 aliquando
881 1641 1000 1711 dieitur
1012 1664 1110 1711 omne
1121 1642 1176 1732 jus
1189 1663 1254 1734 quo
1268 1650 1367 1707 utun·
1497 1671 1498 1724 3

251 1757 306 1816 tur
328 1750 426 1836 cives,
451 1759 483 1819 et
504 1750 550 1819 sic
565 1750 812 1843 comprehendit
827 1753 928 1820 etiam
946 1753 1000 1844 jus
1016 1751 1163 1821 naturale
1176 1758 1206 1818 et
1218 1750 1276 1841 jus
1288 1769 1367 1838 gen-

252 1859 351 1927 tium.

298 1965 456 2035 Peculiari
476 1969 575 2037 etiam
598 1978 629 2037 et
650 1971 832 2062 improprio
853 1993 952 2040 sensu
971 1971 1026 2063 jus
1048 1971 1145 2040 civile
1172 1966 1368 2038 onomastiee
1497 2031 1498 2056 ἶ

253 2083 387 2143 vocatur
398 2077 453 2168 jus
465 2098 654 2162 romanum,
669 2084 758 2170 quod
774 2102 891 2172 nempe
904 2081 1065 2172 plurimas
1078 2087 1190 2170 gentes
1203 2098 1261 2169 per
1274 2075 1370 2170 plura

256 2181 375 2252 secula
389 2183 451 2254 hoc
463 2185 518 2276 jus
534 2187 667 2255 rexerit.

762 2521 847 2611 an.

624 2726 729 2778 Partitis
738 2726 764 2778 in
775 2725 858 2778 varias
874 2727 983 2792 specics

301 2941 333 3004 1ο
348 2939 515 3010 Dividitur
529 2941 565 3009 in
579 2941 748 3032 publicum
761 2948 793 3010 et
809 2942 987 3034 privatum.

300 3049 359 3115 lus
367 3047 539 3138 publicum
553 3059 669 3118 vocant
682 3049 777 3136 illud,
803 3048 889 3141 quod
904 3049 946 3118 ad
959 3049 1124 3141 publicam
1140 3071 1196 3116 seu
1220 3068 1369 3115 commu·
1497 3081 1498 3158 ξ

257 3177 332 3224 nem
346 3155 498 3224 omnium
514 3156 687 3227 utilitatem
699 3157 888 3225 immediate
903 3165 952 3226 est
966 3159 1191 3227 constitutum.

301 3268 359 3332 lus
379 3265 553 3356 privatum
572 3265 654 3332 illud
678 3273 739 3351 est,
756 3265 843 3356 quod
859 3263 1047 3332 immediate
1060 3273 1092 3333 ct
1108 3264 1227 3332 directe
1244 3260 1373 3353 respicit

257 3375 422 3464 privatam
450 3374 575 3441 civium
606 3373 793 3454 utilitatem,
816 3381 846 3440 et
876 3372 1015 3441 mediate
1042 3381 1170 3441 tuntum
1199 3369 1371 3438 utilitatem

255 3481 433 3571 publicam.
466 3481 582 3570 Leges,
616 3481 706 3548 verbi
735 3480 853 3570 gratia,
883 3504 958 3572 quse
989 3480 1209 3549 determinant
1230 3479 1372 3546 formam

255 3589 406 3677 gubernii
435 3596 468 3655 et
496 3589 749 3678 magistratuum
779 3588 888 3656 officia
913 3598 944 3657 et
967 3589 1244 3681 jurisdictionem,
1274 3585 1374 3676 perti-

257 3705 336 3765 nent
350 3697 456 3788 adjus
469 3697 651 3788 publicum,
678 3697 755 3788 quia
776 3698 964 3767 immediate
986 3696 1125 3766 tendunt
1144 3698 1185 3766 ad
1204 3696 1373 3766 utilitatem

259 3809 470 3874 communem
490 3805 588 3874 totius
611 3805 811 3896 reipublicae.
838 3805 942 3896 Leges
966 3828 1045 3875 vero
1065 3829 1141 3897 quaa
1156 3804 1375 3874 determinant
1497 3869 1498 3904 ᾖ

254 3913 330 4004 jura
343 3913 481 4000 civium,
507 3934 573 3981 non
595 3919 756 4002 quatenus
775 3925 895 4002 gerunt
911 3914 1017 3984 officia
1030 3914 1172 4006 publica,
1189 3912 1246 3981 sed
1262 3919 1376 4003 quate-

258 4043 323 4090 nus
337 4029 414 4088 sunt
427 4028 554 4088 tantum
569 4021 688 4111 privati
704 4023 803 4110 cives,
819 4023 929 4115 adjus
945 4024 1113 4115 privatum
1128 4023 1303 4115 pertinent.

197 4176 200 4186 .
306 4129 483 4219 «Nempe,
510 4128 555 4195 ait
582 4127 875 4220 Sohmalzgrueber
894 4131 974 4220 (loco
997 4134 1104 4220 uitato,
1130 4141 1165 4198 n⁰
1192 4131 1279 4221 149),
1301 4151 1375 4220 quae
1497 4185 1498 4202 t

264 4265 281 4302 a
303 4237 373 4325 lege
387 4235 516 4327 publica
529 4235 732 4326 sanciuntur,
756 4237 791 4306 in
814 4239 1001 4310 executione
1026 4239 1134 4332 primo
1156 4239 1190 4309 in
1205 4238 1374 4308 utilitatem
1497 4295 1498 4342 3
