3064 4952
578 498 661 544 aunis
683 497 835 544 canonici.
1200 475 1259 538 187
1340 560 1343 571 Ι

149 663 166 704 ιι
188 659 265 706 rum
289 637 503 724 Pontificum,
523 639 802 730 conciliorumque
823 637 960 704 decretis
982 633 1190 703 confirmavit
1194 685 1260 702 .....

149 769 165 807 «
188 749 242 828 Au
266 746 405 814 fanatica
431 744 568 815 dicenda
581 755 628 815 tot
648 744 809 814 solemnia
828 745 985 838 totiesque
1001 747 1136 838 repetita
1150 747 1263 816 Ponti-

149 853 289 924 aficnm
312 855 568 924 conciliorumve
595 855 741 940 decreta,
768 854 887 945 quibus
917 854 966 922 illi
993 853 1140 924 damnati
1168 865 1261 946 suut,

149 989 166 1026 ι
188 964 245 1054 qui
273 971 430 1053 negarent
456 964 491 1031 in
513 964 606 1032 heato
630 964 727 1032 Petro
753 961 988 1053 Apostolorum
1019 964 1166 1056 principe
1188 987 1263 1035 suc-

151 1092 347 1138 accssorem
381 1072 452 1162 ejus
473 1072 662 1141 Romanum
688 1069 880 1139 Pontificem
909 1069 1166 1140 constituturus
1196 1073 1263 1141 Deo

150 1191 285 1272 «capnt
306 1181 458 1250 Ecclesia
482 1183 609 1252 visibile
635 1206 671 1251 ac
697 1184 857 1252 vicarium
885 1183 963 1252 lesu
987 1182 1129 1264 Christi;
1157 1184 1186 1251 ei
1206 1207 1263 1252 re-

150 1317 166 1356 a
189 1289 305 1381 ganda
335 1291 487 1360 Ecclesiae
516 1293 646 1384 plenam
681 1301 870 1384 potestatam
901 1291 1055 1360 traditam
1084 1314 1263 1384 veramque

149 1400 230 1468 aab
254 1400 427 1488 omnibus,
447 1401 504 1492 qui
524 1401 700 1470 christiano
727 1402 860 1470 nomine
885 1409 1076 1488 censentur,
1103 1400 1263 1470 ohedien-

151 1534 167 1570 ι
192 1507 270 1576 tiam
294 1508 424 1594 deberi3
449 1516 545 1600 atque
565 1509 635 1576 vim
659 1533 732 1576 eam
759 1531 827 1578 esse
844 1510 1008 1600 primatus
1024 1531 1123 1600 quem
1151 1507 1264 1577 divino

151 1615 261 1704 ajune
290 1616 430 1704 obtinet,
460 1626 496 1684 ut
523 1617 648 1684 certeris
676 1617 845 1708 Epist-opis
875 1639 941 1686 non
969 1616 1106 1684 honoris
1134 1622 1263 1684 tantum

150 1723 315 1813 «gradu,
358 1725 415 1794 sed
448 1737 480 1793 et
515 1749 679 1817 supremae
723 1727 886 1817 potestatis
918 1723 1135 1817 amplitudine
1173 1734 1266 1794 ante-

152 1833 309 1902 ucellut?
312 1885 379 1903 .....

195 1967 212 2004 ι
239 1943 424 2034 Cyprianus
450 1945 531 2034 ipse,
553 1944 647 2034 cujus
671 1943 742 2010 haec
762 1951 838 2010 sunt
859 1943 959 2010 verba
978 1969 985 2009 :
1001 1946 1088 2010 Deru
1103 1959 1188 2010 unus
1203 1918 1259 2023 esi,

153 2077 169 2114 ιι
192 2064 223 2118 et
241 2052 390 2120 Christus
413 2075 520 2134 nnus;
546 2065 577 2119 et
591 2075 659 2119 una
675 2050 832 2132 Ecclesia,
849 2062 881 2118 et
904 2049 1062 2119 cathedra
1085 2073 1153 2118 una
1169 2074 1265 2142 super

152 2185 169 2222 ιι
193 2161 328 2228 Petrum
345 2161 480 2228 Domini
493 2183 566 2228 ooce
574 2159 742 2251 mndata:
758 2160 816 2250 qui
828 2159 917 2226 Petri
930 2157 1116 2227 cathedram
1131 2162 1264 2250 prolite-

153 2293 169 2330 ι
193 2277 246 2336 tur
266 2270 446 2338 Ecclesiam
454 2270 687 2361 principalem,
705 2268 792 2337 unde
802 2268 914 2336 unitas
927 2268 1136 2337 sacerdotalis
1152 2281 1266 2336 eaorta

155 2403 170 2440 ιι
193 2391 248 2458 est,
265 2379 313 2447 ad
326 2401 427 2470 quam
434 2378 578 2471 perfidia
590 2401 657 2445 non
668 2377 773 2469 poscit
787 2377 906 2444 dedere
920 2397 1092 2444 accessum.

197 2513 213 2552 ιι
240 2487 487 2577 Cdryrostomus
520 2495 629 2579 aperte
659 2485 827 2553 declarans
855 2484 998 2575 potuisse
1029 2485 1163 2553 Petrum
1191 2487 1265 2575 jure

153 2621 171 2660 ι
195 2618 254 2663 suo
277 2618 495 2664 successorem
526 2596 560 2662 in
592 2595 769 2685 proditoris
797 2593 907 2662 locum
936 2594 1066 2683 eligere.
1098 2593 1171 2675 Quo
1191 2593 1265 2685 jure

154 2727 233 2772 aex
262 2704 407 2795 primatu
427 2703 541 2789 ducto,
561 2704 676 2772 Petrus
697 2705 765 2794 ipse
792 2703 959 2793 deinceps,
988 2702 1152 2794 primique
1178 2703 1265 2772 Petri

154 2841 170 2878 ι
192 2835 374 2882 succesores
392 2814 443 2881 usi
466 2820 559 2898 sunt,
582 2813 663 2880 dum
688 2835 744 2903 per
760 2811 873 2880 orbem
890 2810 1047 2879 Ecclesiae
1065 2811 1263 2900 fundarunt,

153 2923 302 3012 reisque
323 2922 375 2989 vel
398 2929 472 2989 anta
498 2943 631 2989 omnem
659 2920 824 3011 synodum
846 2921 1020 3012 Episcopos
1035 2921 1263 3011 praefecerunt,

154 3059 171 3096 ι
193 3031 312 3123 quibus
324 3031 433 3120 gregis
447 3029 582 3121 regendi
597 3031 780 3123 portionem
795 3030 1004 3120 assignarunt
1008 3081 1074 3098 .....

197 3165 213 3204 ιι
236 3140 439 3208 limacentius
459 3142 478 3206 l
557 3161 654 3230 quern
734 3147 939 3230 cunipertum
959 3147 1007 3206 est
1026 3139 1263 3208 Antiochenam

155 3249 367 3318 «Ecclesiam
384 3255 482 3338 caput
509 3247 676 3315 orientalis
714 3246 886 3316 dioeccseos
914 3247 1050 3316 decretis
1078 3249 1148 3316 suis
1176 3247 1266 3318 ordi-

156 3358 336 3426 «novisse.

197 3491 214 3530 ιι
245 3464 469 3558 Epiphanius,
503 3464 561 3555 qui
597 3463 770 3532 Ursacium
804 3473 836 3532 ct
864 3465 1037 3533 Valentem
1078 3465 1268 3557 poenitentia

156 3601 172 3640 ι
194 3575 306 3644 ductos
326 3581 462 3642 testatur
487 3573 574 3642 lulio
597 3573 746 3642 Romano
770 3573 919 3643 Pontifici
948 3573 1075 3642 libellos
1097 3573 1265 3662 obtulisse,

156 3709 172 3748 ι
193 3683 313 3775 quihus
338 3703 484 3750 errorem
511 3703 609 3750 suum
638 3678 901 3772 deprecarentur,
927 3689 1023 3771 atque
1046 3682 1088 3750 ad
1115 3703 1266 3750 commu·

157 3823 171 3858 ιι
195 3796 325 3864 nionem
341 3801 373 3861 et
390 3789 615 3885 paenitentiam
634 3786 896 3856 admitterentur.

197 3931 213 3968 ιι
237 3903 472 3992 Hieronymus,
507 3898 560 3965 cui
595 3895 753 3988 profanus
788 3903 858 3964 erat
887 3897 1034 3989 quisquis
1064 3919 1128 3965 non
1157 3897 1268 3967 cathe-

157 4043 171 4077 ιι
193 4014 261 4082 drae
291 4013 379 4082 Petri
408 4008 642 4078 communione
666 4008 919 4096 consociaretur,
949 4029 1047 4100 super
1078 4031 1178 4100 quam
1210 4033 1267 4102 pe-

156 4130 278 4191 rtram
312 4120 406 4188 sciret
441 4114 635 4185 edificatam
671 4115 864 4202 Ecclesiam,
894 4123 989 4207 atque
1022 4114 1103 4185 adeo
1130 4115 1171 4184 ab
1199 4135 1266 4186 uno

158 4258 172 4296 ιι
193 4231 333 4299 Damaso
370 4229 404 4295 in
441 4224 649 4316 gravissimis
686 4225 996 4312 concertationibus,
1027 4233 1064 4292 ut
1093 4225 1265 4318 loquendi,
