3022 4950
495 516 579 564 runis
600 517 752 564 omnuim.
1144 499 1181 564 5³

107 637 215 729 Atque
242 636 410 730 imprimis
427 637 467 708 de
491 645 607 710 natura
626 638 712 732 juris
738 637 884 709 munnici
903 647 988 710 recte
1004 641 1124 710 sentire
1142 665 1181 711 eo

71 748 200 839 majoris
220 747 381 818 momenti
399 755 463 836 est,
484 747 573 840 quod
593 746 635 818 ab
653 747 725 840 ipsa
737 745 825 838 juris
849 745 947 838 hujus
965 745 1102 818 subdola
1119 747 1181 818 dc-

70 856 226 934 finitione,
247 855 371 924 fallacis
391 877 459 924 suae
479 865 576 950 alque
594 865 761 924 venenatae
781 851 937 924 doctrina
952 862 1100 926 auctores
1114 879 1181 926 non

68 963 173 1056 pauci,
188 987 208 1032 a
223 972 333 1034 sancta
349 963 433 1035 Sede
449 964 567 1034 merito
588 963 748 1052 damnati,
766 961 900 1032 exordia
914 961 1099 1034 desumant.

524 1355 667 1427 CAPUT
689 1359 715 1425 1.

347 1569 384 1614 nr
413 1569 496 1616 runis
524 1569 664 1616 cruorum
695 1569 897 1617 osrmmorcr.
1003 1605 1013 1640 ,

108 1784 155 1852 dd
182 1782 432 1853 discernendam
458 1785 636 1875 genuinam
662 1785 797 1876 dejure
819 1785 977 1854 canonico
998 1785 1178 1873 notionem,

70 1894 303 1984 expendemus,
336 1897 367 1960 l·
392 1894 512 1985 quibus
538 1891 728 1962 nominibus
753 1894 788 1961 in
816 1900 944 1984 recepto
968 1893 1180 1962 ecclesiastico

69 2001 145 2091 stylo
165 2000 282 2070 donari
302 2001 418 2080 soleat;
443 2006 476 2068 2⁰
498 1999 665 2092 quomodo
685 2001 897 2070 communius
914 2001 997 2071 illud
1020 2001 1180 2071 deliniant

70 2111 185 2198 probati
218 2119 365 2179 auctores
372 2138 381 2197 ;
416 2115 449 2176 3ο
476 2133 519 2179 an
548 2119 633 2179 recta
661 2111 703 2178 eit
722 2109 870 2179 delinitio
898 2133 973 2203 quae
1000 2133 1066 2180 non
1096 2112 1181 2181 soloe

69 2217 227 2287 Romanos
254 2218 441 2304 Pontifices,
471 2217 527 2286 sed
554 2227 585 2287 et
609 2219 777 2311 episcopos
802 2239 863 2310 pro
887 2220 1073 2289 auctoribus
1095 2220 1179 2310 juris

69 2327 206 2395 canonici
222 2325 334 2413 haben
353 2331 385 2396 ⁴⁰
401 2327 569 2420 quomodo
583 2327 810 2399 definiendum
825 2327 988 2398 videatur.

580 2645 657 2736 §r

481 2832 541 2898 Ejue
558 2833 629 2886 varia
645 2831 761 2886 nomina.

110 3025 139 3086 1⁰
157 3021 288 3090 Dicitur
309 3021 364 3114 jus
388 3022 601 3104 cunonicum,
626 3045 739 3092 avoce
762 3044 869 3114 graeca
893 3033 985 3096 κανών,
1009 3047 1083 3118 quae
1106 3049 1179 3095 eor-

69 3129 232 3221 respoudet
248 3131 319 3199 voci
335 3131 443 3200 latinae
458 3132 590 3222 repula;
606 3131 680 3202 ideo
696 3154 813 3226 nempe
827 3131 905 3224 quia
919 3141 1043 3204 constat
1057 3135 1180 3226 regulis

69 3260 139 3326 quas
166 3238 309 3306 Ecclesia
351 3238 506 3330 proponit
532 3247 565 3307 et
592 3240 705 3308 statuit
733 3238 775 3308 ad
815 3238 1003 3330 dirigendas
1039 3241 1180 3312 actiones

70 3343 226 3415 christiani
261 3345 390 3440 populi,
420 3347 454 3414 in
483 3346 597 3416 ordine
621 3347 662 3416 ad
689 3346 876 3416 felicitatem
908 3354 1085 3418 aeternam.
1111 3352 1179 3420 Hoc

68 3453 208 3545 equidem
234 3454 367 3524 nomine
389 3453 535 3545 rigorose
547 3455 711 3548 loquendo
734 3456 790 3548 jus
805 3455 1000 3525 canonicum
1027 3479 1092 3526 non
1114 3460 1165 3528 dis

70 3563 264 3654 tingueretur
286 3564 395 3655 ajure
416 3563 523 3652 civili,
545 3587 649 3657 neque
671 3566 712 3634 ab
734 3565 824 3648 aliis;
848 3589 924 3636 cum
941 3566 996 3657 jus
1013 3567 1181 3660 quodlibet
1236 3651 1243 3660 ι

70 3679 182 3740 constet
202 3669 347 3760 legibus,
372 3678 403 3738 et
421 3670 509 3762 leges
527 3670 610 3740 nihil
627 3670 721 3741 aliud
739 3671 804 3740 sint
826 3695 927 3764 quam
950 3694 1088 3742 canones
1112 3675 1180 3744 sive

68 3777 181 3868 regulae
195 3775 236 3844 ad
252 3773 461 3867 dirigendam
478 3777 652 3846 hominum
667 3777 787 3868 agendi
801 3779 975 3868 rationem,
991 3803 1027 3848 ae
1042 3781 1179 3873 proinde

70 3916 157 3962 omne
167 3899 224 3986 jus
238 3893 280 3962 sit
297 3892 509 3963 mannicum.
535 3893 758 3964 Nihilominus
774 3895 816 3964 oh
831 3895 1011 3988 quamdam
1025 3897 1179 3968 eminen-

71 4002 138 4070 tiam
164 4003 221 4094 jus
248 4000 501 4072 ecclesiasticum
527 4002 783 4072 autonomastice
809 4001 871 4073 hoc
899 4005 994 4075 titulo
1024 4015 1179 4099 tanquam

71 4111 193 4201 proprio
207 4109 402 4200 insignitum
423 4133 481 4179 nec
496 4110 573 4179 siuit
588 4133 666 4180 usus
681 4111 875 4181 canonicum
892 4113 1001 4182 vocari
1013 4113 1067 4205 jus
1092 4115 1182 4185 aliud

74 4239 162 4308 quam
185 4217 450 4290 ecclesiasticum.
