3050 4946
287 435 348 502 lib
638 459 811 506 ruactu'sns
834 461 872 504 un
895 461 1049 506 reinnerus

290 623 306 660 r<
330 596 468 664 coelestis
483 599 575 688 regui
591 598 737 666 clavibus
753 600 893 686 traditis,
912 623 988 670 suas
1006 623 1084 669 uvcs
1103 622 1233 692 pascere
1249 601 1415 692 jusserat,

290 729 306 766 n
330 703 447 796 cuique
466 704 582 772 fratres
606 728 682 774 suos
700 707 735 774 in
754 706 865 775 eadem
895 706 959 774 lide
984 707 1178 776 confirmare
1194 719 1416 800 praeceperat.

290 835 306 872 u
330 810 432 901 Cujus
456 819 521 882 tam
542 814 804 882 excellentissimi
822 814 987 905 privilegii
1005 814 1149 904 insignia
1172 837 1310 882 munera
1330 814 1419 884 dili-

289 945 305 982 «
331 929 446 1008 genter
465 921 665 991 attendentes
687 927 750 991 318
766 925 879 991 Patres
897 924 956 1014 qui
976 925 1010 991 in
1030 924 1166 992 Nicaenu
1190 925 1419 994 consederunt

290 1051 307 1090 «
330 1027 478 1115 concilio,
494 1037 677 1099 statuerunt
694 1033 742 1122 (ut
754 1030 953 1100 Athanasius
967 1031 1146 1123 Episcopus
1159 1030 1419 1100 Alexandrinus

290 1161 307 1199 u
331 1136 442 1205 scribit
457 1139 496 1206 Β.
513 1138 612 1208 Felici
627 1141 751 1232 Papae),
770 1163 836 1208 uun
852 1138 970 1209 debere
989 1141 1111 1231 absque
1133 1140 1274 1208 Romani
1290 1139 1418 1207 Ponti-

290 1269 306 1307 α
331 1244 400 1312 licis
415 1247 574 1314 sententia
589 1248 726 1316 concilia
741 1247 910 1333 celebrari,
928 1270 987 1315 nec
1002 1248 1176 1339 Episcopus
1195 1245 1362 1332 damnari,
1382 1257 1417 1314 et

290 1377 306 1414 u
330 1353 439 1421 omnia
453 1354 577 1445 majora
591 1355 721 1445 negotia
735 1353 776 1422 ad
791 1353 938 1446 ejusdem
957 1355 1120 1446 judicium
1139 1354 1256 1422 debere
1272 1353 1412 1422 deferri.

290 1482 306 1522 u
329 1456 393 1526 Sed
415 1467 447 1526 et
469 1459 662 1528 Sardiceuse
684 1461 858 1528 concilium
879 1459 967 1552 quud
992 1463 1054 1526 3⁰0
1078 1460 1254 1550 Episcopus
1277 1458 1412 1544 habuit,

289 1590 306 1630 u
329 1575 407 1634 teste
423 1569 602 1638 universali
618 1569 744 1661 syuodo
813 1569 926 1638 eadem
941 1569 1063 1654 statuit,
1080 1577 1111 1636 et
1130 1569 1175 1635 ita
1188 1569 1273 1636 inter
1289 1577 1415 1636 caetera

290 1699 306 1736 ι(
329 1674 367 1742 Β.
391 1675 488 1768 Papae
512 1677 599 1746 Juliu
621 1679 775 1770 scripsit:
797 1679 971 1768 Optimum
990 1688 1022 1744 et
1042 1674 1137 1744 ualde
1153 1677 1413 1767 cunqrueutissi-

290 1807 307 1844 u
331 1805 424 1850 mum
440 1807 503 1852 esse
516 1785 688 1866 uidebitur,
702 1784 789 1853 sind
802 1797 914 1876 caput,
927 1783 964 1851 id
977 1795 1034 1866 est,
1051 1783 1098 1852 ud
1106 1787 1147 1852 B.
1159 1785 1251 1853 Petri
1261 1786 1403 1876 Apustul
1410 1786 1416 1796 '

290 1914 306 1952 u
331 1889 461 1974 Sedem,
474 1893 513 1961 de
523 1895 658 1984 sinqulis
667 1894 845 1985 quibusque
854 1893 1032 1985 provinciis
1045 1893 1179 1961 Domini
1188 1895 1332 1984 referunt
1340 1897 1411 1960 Sc-

291 2024 307 2062 «
330 2000 481 2069 cerdutes.
498 2003 583 2070 Huic
598 2003 697 2071 etiam
716 2009 790 2070 aute
810 2002 900 2070 illam
922 2003 1085 2094 synodum
1105 2011 1233 2070 tantum
1254 2025 1411 2070 reveren-

290 2130 307 2170 «
332 2108 384 2174 tiae
403 2109 445 2176 ab
467 2109 610 2202 antiquis
632 2110 786 2179 Patribus
808 2110 929 2200 legitur
951 2110 1136 2200 impensum
1160 2109 1274 2195 luisse,
1294 2119 1331 2177 ut
1354 2109 1412 2177 ille
1507 2179 1508 2200 ,

290 2239 306 2277 u
330 2214 469 2306 insignis
486 2226 610 2308 martyr
622 2219 819 2310 Cyprianus,
831 2217 997 2285 Africanae
1015 2216 1193 2308 provincias
1208 2217 1347 2303 Primos,
1363 2219 1412 2284 le·

291 2347 307 2386 u
330 2331 427 2412 gutur
441 2325 476 2392 in
499 2325 568 2393 suis
591 2325 736 2418 epistolis
759 2326 1026 2417 presbyterorum
1041 2332 1073 2392 et
1091 2323 1320 2410 diaconorum,
1336 2325 1412 2393 Ru·
1507 2321 1508 2380 ἐ

290 2455 306 2492 u
332 2453 460 2498 monam
483 2431 659 2502 Ecclesiam
683 2441 754 2524 post
769 2423 967 2523 martyrium
982 2431 1118 2499 Fabiani
1139 2431 1410 2520 gubernantium,
1507 2493 1508 2504 2

289 2563 305 2601 u
329 2539 457 2606 statutis
479 2538 647 2608 humiliter
667 2541 827 2630 paruisse,
844 2548 1005 2608 eteorum
1028 2561 1103 2630 quea
1119 2537 1207 2631 apud
1222 2562 1317 2607 suam
1333 2562 1409 2630 pru·
1507 2539 1508 2592 ἓ

289 2672 305 2710 u
330 2647 469 2715 vinciam
506 2650 716 2739 gerebantur,
745 2648 877 2717 directis
905 2648 947 2716 ad
974 2671 1029 2716 eos
1063 2647 1219 2739 epistulis,
1249 2649 1411 2718 rationem
1507 2647 1508 2664 ³

289 2781 307 2816 u
330 2754 517 2825 reddidisse.
540 2756 626 2837 Quin
646 2757 744 2824 etiam
768 2757 855 2826 idem
876 2757 982 2824 clerus
1005 2757 1126 2846 legitur
1146 2755 1181 2822 in
1204 2757 1347 2848 epistulis
1366 2758 1412 2826 ad
1507 2765 1508 2776 ¹

288 2888 305 2926 u
329 2863 480 2932 eumdem
503 2856 705 2956 Cyprianum
726 2865 844 2952 missis,
862 2871 893 2931 et
915 2863 956 2932 ad
973 2863 1131 2952 Siciliam,
1149 2873 1181 2934 et
1202 2865 1244 2933 ad
1261 2864 1411 2934 diversas

288 2997 305 3036 u
328 2981 434 3063 partes
447 2973 598 3064 epistolas
614 2973 785 3058 direxisse,
803 2983 836 3041 et
851 2971 998 3042 nundum
1020 2973 1216 3066 presidente
1240 2975 1410 3061 Cornelio,

289 3105 305 3143 u
329 3104 389 3174 pro
402 3081 649 3152 imminentibus
667 3093 745 3151 tnnc
769 3084 905 3173 negotiis
921 3083 1017 3150 etiam
1042 3083 1083 3150 ad
1098 3082 1325 3151 celebrandam
1341 3083 1412 3152 Ro·

289 3219 305 3258 «
330 3213 392 3260 mae
408 3191 571 3281 synodum
585 3193 760 3284 Episcopus
773 3215 978 3261 convocasse.
993 3193 1074 3275 Quae
1087 3216 1163 3260 cum
1179 3191 1225 3259 ita
1238 3193 1316 3276 siut,
1331 3193 1412 3260 satis

290 3327 306 3365 a
329 3301 467 3393 impium
486 3300 628 3388 videtur,
649 3301 826 3392 quemlibet
848 3302 906 3392 qui
926 3301 1102 3368 christiano
1127 3300 1259 3368 numine
1281 3301 1412 3390 glutie-

289 3434 306 3472 u
329 3417 394 3489 tur,
409 3409 592 3476 christianis
613 3409 813 3499 temporibus
833 3409 992 3477 Romane
1016 3407 1171 3476 Ecclesiae
1193 3409 1326 3476 munitis
1342 3431 1411 3476 nun
1507 3433 1508 3442 ¹

290 3542 307 3580 u
330 3515 543 3606 acquiescere,
567 3539 642 3583 cum
666 3517 727 3585 sub
752 3515 989 3607 persecutionis
1012 3515 1201 3584 crudelitate
1225 3517 1294 3584 Deo
1315 3515 1410 3606 digni

288 3649 304 3686 a
329 3622 501 3690 Pontifices
517 3631 581 3690 tam
605 3622 720 3690 devote
740 3623 921 3714 paruerint,
936 3623 1033 3691 etiam
1054 3621 1133 3690 dum
1155 3632 1279 3690 careret
1294 3622 1412 3691 Ponti·
1507 3641 1508 3644 ’

289 3757 305 3796 «
328 3731 398 3799 lice.
418 3757 435 3797 a
453 3731 682 3799 praefationem
698 3730 782 3799 hanc
796 3733 957 3821 integram
974 3730 1150 3799 ediderunt
1162 3731 1331 3798 Balleriui.
1349 3732 1411 3823 (De
1507 3803 1508 3814 ,

286 3841 428 3932 antiquis
441 3840 564 3909 collect.
583 3863 760 3930 canonum,
778 3849 868 3934 parte
884 3845 917 3927 l,
933 3863 962 3910 c.
984 3843 1050 3932 ll.)

329 3953 510 4024 Cardinalis
534 3953 711 4022 Deusdedit
734 3955 836 4023 multa
863 3977 904 4023 cx
930 3955 1083 4022 archiviis
1107 3954 1337 4022 Laterauensis
1356 3977 1409 4022 ec·
1507 4019 1508 4026 ,

286 4060 389 4129 clesiae
412 4061 592 4153 desumpsit
615 4060 657 4128 ad
683 4061 922 4130 Patrimonium
949 4061 1059 4130 Sancti
1082 4060 1171 4130 Petri
1199 4061 1405 4151 pertinentia,

283 4179 314 4237 et
336 4192 476 4260 qnorum
493 4170 587 4260 plura
608 4170 755 4238 noudum
777 4171 910 4240 luerunt
932 4169 1029 4238 edita.
1048 4169 1176 4239 Profert
1192 4169 1320 4258 integra
1338 4169 1408 4260 pri·
1507 4157 1508 4218 ἕ
