3064 4952
525 527 609 576 rums
631 527 783 576 mnorru.
1147 511 1207 578 231

96 669 181 756 sacto
205 667 321 736 nolunt
345 667 472 758 legibus
497 667 577 754 suis,
600 675 774 759 antequam
800 670 1061 760 promulgentur,
1085 670 1211 762 obliga-

99 777 217 846 tionem
245 777 367 848 induci.
395 778 489 862 Quod
515 779 594 847 satis
621 788 746 848 constat
771 801 812 848 ex
836 779 930 850 solita
955 803 1069 850 eorum
1093 782 1212 872 agendi

98 885 230 955 ratione.
248 885 378 956 Etenim
401 887 472 979 ipsa
493 887 590 956 etiam
612 887 711 956 Sedes
725 886 913 980 Apostolica
932 911 999 958 non
1017 888 1112 959 aliter
1126 889 1213 960 obli-

98 1016 172 1084 gare
187 995 274 1086 lege's
288 1019 364 1064 suas
383 1004 493 1064 censet
507 1001 545 1065 at
559 995 712 1083 declarat,
729 1019 828 1088 quam
847 996 931 1066 lacta
950 981 1045 1067 solita
1064 1000 1211 1089 promul-

97 1101 236 1192 gatione.
269 1103 311 1172 Et
333 1102 422 1197 quod
446 1104 647 1174 contrarium
674 1105 783 1196 quoad
809 1106 938 1197 regulas
966 1107 1213 1177 cancellariae

97 1219 240 1302 tempore
253 1210 379 1281 Urbani
399 1211 474 1282 VIII
496 1211 657 1281 sancitum
680 1209 791 1298 luerit,
807 1235 860 1282 eas
879 1234 994 1304 nempe
1008 1212 1078 1282 vim
1092 1212 1212 1284 habere

98 1319 168 1388 licet
183 1342 251 1388 non
268 1321 334 1389 sint
349 1319 457 1390 adhuc
467 1321 692 1415 promulgata·
708 1321 797 1412 (snut
811 1322 912 1392 verbe
924 1321 1002 1391 dicti
1017 1323 1211 1413 Pontificis),

97 1425 284 1495 habendum
305 1435 353 1496 est
369 1436 526 1520 tanquam
550 1429 806 1520 exceptioque
831 1430 978 1520 regulam
1002 1429 1106 1522 ipsam
1133 1453 1213 1500 oon-

98 1533 216 1602 firmat.
236 1533 329 1604 Unde
343 1535 402 1603 ‘hic
421 1533 528 1626 quoad
551 1534 640 1626 leges
660 1534 841 1628 pontificias
864 1536 1135 1627 promulgationis
1155 1559 1214 1606 nc-

98 1641 289 1728 cessitatem,
312 1650 350 1709 ut
375 1641 519 1732 obligare
546 1642 715 1734 incipiant,
741 1643 974 1734 supponimus;
1003 1643 1214 1734 intelligendo

98 1749 311 1819 necessariam
333 1771 404 1818 cam
426 1771 508 1832 esse,
530 1751 647 1820 saltem
669 1749 709 1818 de
728 1751 831 1842 sacto,
853 1749 888 1818 id
908 1759 968 1838 est,
985 1773 1027 1820 ex
1048 1751 1214 1821 voluntate

99 1859 276 1928 Pontificis.

139 1965 301 2050 Quaenam
331 1989 409 2036 vero
439 1967 605 2036 sufficiens
633 1967 675 2035 sit
703 1967 878 2037 notificatio
907 1989 964 2035 seu
997 1968 1215 2059 promulgatio

99 2077 366 2147 constitutionum
403 2077 664 2170 pontificiarum,
694 2086 806 2147 utrum
834 2077 955 2146 scilicet
982 2079 1058 2146 satis
1087 2078 1132 2147 sit
1161 2101 1215 2147 eas

99 2186 256 2277 publicari
277 2186 405 2273 Romae,
422 2209 464 2254 an
486 2186 583 2255 ctiam
607 2187 786 2255 necessario
806 2184 1011 2277 promulgari
1029 2183 1166 2255 debeant
1180 2187 1216 2255 iu

100 2293 242 2384 qualibet
256 2293 437 2385 provincie,
454 2295 570 2363 acriter
584 2302 616 2362 ct
630 2316 650 2362 a
664 2294 764 2383 longo
788 2301 933 2384 tempore
948 2293 1211 2362 controvertitur.

141 2401 258 2494 Aliqui
272 2400 448 2470 canonista
465 2402 592 2495 antiqui
608 2410 807 2494 putaverunt
821 2422 888 2471 non
904 2400 1054 2470 sulficere
1070 2401 1215 2492 publice-

101 2511 222 2579 tionem
246 2509 361 2579 Romae
387 2509 517 2597 lectam,
546 2531 584 2578 ea
610 2509 818 2602 potissimum
844 2508 968 2577 ratione
994 2508 1101 2577 innixi
1128 2509 1216 2600 quod

101 2617 236 2687 Novella
259 2617 502 2705 testimoniet
519 2620 619 2708 facta·
641 2640 744 2698 nove,
761 2617 835 2686 coll.
855 2621 886 2704 5,
904 2615 1048 2708 requirat
1067 2615 1216 2707 prolege

101 2729 187 2798 civili
212 2729 508 2822 promulgationem
531 2728 565 2797 iu
584 2728 776 2820 provinciis,
793 2736 825 2797 et
845 2728 933 2820 qnod
950 2729 1005 2820 jus
1024 2728 1216 2799 canonicum

101 2837 133 2904 iu
158 2837 222 2906 hoc
245 2836 442 2906 censendum
470 2837 512 2905 sit
538 2845 717 2928 acceptasse
742 2836 826 2928 juris
852 2835 958 2905 civilis
983 2858 1143 2905 normam.
1171 2838 1219 2905 lta

101 2945 213 3014 Abba-s
226 2944 493 3024 Panormitanus,
508 2943 654 3031 Felinus,
674 2943 855 3030 Navarrns,
873 2941 1015 3028 Medius,
1031 2951 1063 3012 et
1083 2943 1217 3034 quidem

101 3052 166 3120 elii.
192 3051 286 3120 Hanc
305 3053 497 3121 sententiam
523 3051 592 3120 zelo
615 3050 843 3121 ardentissimo
869 3051 970 3120 secuti
994 3059 1071 3119 sunt
1096 3060 1128 3120 ct
1154 3050 1217 3119 im-

103 3159 223 3228 mensis
237 3159 406 3228 conatibus
420 3167 671 3252 propugnarunt
686 3166 846 3251 quotquot
859 3159 996 3227 extitere
1010 3157 1217 3228 Jansenianae

103 3266 236 3336 haeresis
257 3276 288 3335 et
310 3267 479 3356 gallicanae
501 3265 657 3336 doctrinae
679 3267 818 3357 patroni.
842 3266 930 3334 Inter
949 3265 1125 3354 gallicanos
1140 3288 1218 3357 pro·

103 3383 298 3466 pugnatores
312 3375 454 3442 eminent
467 3374 584 3442 Petrus
597 3372 637 3442 de
652 3373 761 3441 Marce
776 3370 983 3464 (Concordia,
1002 3372 1024 3440 l.
1042 3372 1085 3458 11,
1098 3395 1127 3439 c.
1148 3371 1216 3462 te),

103 3484 175 3554 Van
200 3484 308 3577 Espen
334 3484 517 3576 (Tractatus
541 3482 581 3551 dc
600 3482 771 3574 promulp.
797 3481 906 3571 lequm
931 3481 1051 3562 eccles„
1080 3488 1163 3572 part.
1192 3482 1216 3567 l,

104 3615 129 3659 c.
146 3617 194 3679 nr,
214 3593 235 3684 ξ
251 3595 270 3659 2
285 3600 316 3661 ct
332 3591 430 3684 seq),
447 3589 571 3660 Natalis
585 3588 784 3676 Alexander,
801 3597 832 3657 et
848 3587 1002 3657 Zalwein.

146 3701 216 3772 Cur
244 3708 353 3770 autem
382 3701 462 3768 tanti
498 3699 655 3769 momenti
688 3697 845 3767 duxerint
884 3697 1012 3789 praelati
1047 3694 1220 3788 scriptores

105 3808 213 3898 legum
239 3806 353 3876 Romae
382 3811 508 3876 tantum
532 3805 813 3898 promulgatarum
838 3804 906 3874 vim
932 3802 1117 3894 explodere,
1143 3804 1221 3872 satis

106 3915 224 3984 indicat
240 3914 340 4007 hujus
360 3913 459 3984 thesis
478 3937 551 3982 cum
567 3913 638 3982 aliis
653 3911 843 3982 eorumdem
864 3918 1034 3980 auctorum
1054 3908 1222 4001 opinioni-

106 4025 166 4094 bus
178 4024 349 4094 connexio.
364 4021 506 4093 Aliunde
518 4022 604 4091 enim
619 4021 780 4091 sustinent
791 4019 996 4112 principibus
1009 4017 1223 4088 saecularibus
1248 4031 1256 4048 ·

109 4141 287 4224 competere
315 4132 370 4222 jus
396 4128 592 4223 impediendi
628 4127 923 4220 promulgationem
954 4126 1222 4195 constitutionum

111 4240 359 4332 pontificiarum,
373 4239 497 4333 placito
517 4239 605 4330 regio
627 4259 693 4310 non
716 4237 936 4317 munitarum
956 4236 1034 4304 item
1052 4235 1227 4330 Episcopis'
