3050 4946
538 441 620 486 runis
644 439 794 488 canonici.
1164 419 1222 481 ill

107 580 142 648 in
156 579 357 650 Bibliotheca
369 580 527 650 Vaticana
538 582 713 668 asservari,
729 580 790 649 hec
804 581 876 671 ipsa
891 603 956 671 qua
971 579 1040 648 baec
1056 577 1229 648 scribimus

106 689 160 758 die
174 689 327 758 certiores
342 689 418 758 lacti
431 711 557 760 sumus.

615 972 720 1062 siv.

169 1163 317 1227 Divulgetus
338 1161 442 1213 tende·
462 1173 532 1211 anno
549 1163 608 1210 irat
626 1159 693 1211 liber
706 1160 818 1210 Diumus
834 1157 970 1222 ltolstenii,
986 1163 1010 1211 ct
1024 1161 1164 1224 quomodo.

149 1377 232 1445 Cum
249 1375 423 1444 Ecclesiam
445 1382 571 1465 regeret
592 1396 679 1442 anno
699 1377 782 1441 1724
799 1373 994 1443 Benedictus
1010 1373 1099 1462 Xlll,
1115 1396 1226 1466 reper-

104 1495 175 1553 tum
196 1495 244 1553 est
265 1487 299 1553 in
321 1485 444 1574 angulo
459 1485 628 1553 Vaticanm
653 1483 864 1551 Bibliothecae
888 1483 1091 1552 Holsteniani
1107 1483 1230 1551 Diurni

102 1593 282 1684 exemplar.
312 1592 429 1660 Deerat
453 1591 580 1676 titulus,
609 1613 707 1681 quem
733 1590 867 1681 propria
892 1613 993 1659 manu
1019 1589 1225 1660 Holstenium

102 1701 270 1794 supplesse
284 1723 384 1792 supra
400 1699 563 1784 diximus;
581 1697 715 1767 deerant
730 1707 762 1766 et
779 1702 817 1766 16
834 1699 958 1766 ultimae
983 1699 1125 1790 paginae.
1142 1700 1225 1768 Edi-

103 1818 191 1877 tores
204 1808 336 1876 titulum
352 1809 397 1874 ita
413 1805 582 1874 finxerunt
599 1834 605 1873 :
622 1805 719 1874 Liber
735 1807 880 1873 Dicimus
895 1809 1121 1875 Romanorum
1136 1812 1227 1878 Porr-

101 1917 243 2007 ciprum,
260 1941 300 1984 esc
315 1915 543 2007 antiquissimo
560 1914 666 1983 codice
680 1915 904 2006 morrrrscripto
921 1937 1009 1982 nunc
1021 1917 1174 2006 primum
1190 1919 1227 1984 in

101 2027 208 2093 lucem
235 2025 350 2092 editus.
378 2026 490 2091 Rome
518 2023 605 2113 typis
638 2023 812 2103 Vannacct',
845 2025 949 2100 tttt;
978 2022 1039 2090 sub
1066 2047 1131 2114 quo
1157 2026 1226 2093 solo

101 2134 197 2201 titulo
218 2141 296 2200 nota
316 2141 364 2198 est
384 2153 472 2198 nunc
492 2130 579 2220 apud
603 2129 748 2197 eruditos
769 2128 929 2197 Holstenii
955 2129 1064 2198 editio.
1089 2131 1227 2199 Ultimas

99 2250 212 2308 autem
239 2244 278 2306 16
306 2239 441 2330 paginas
463 2261 505 2306 ex
533 2237 692 2308 Garnerio
718 2237 963 2328 suppleverunt.
992 2238 1122 2307 Titulus
1146 2262 1225 2328 ergo

100 2349 157 2417 ille
177 2357 247 2416 tum
268 2349 374 2440 quoad
399 2371 537 2432 annum,
556 2357 626 2415 tum
647 2345 754 2437 quoad
779 2345 1020 2437 typographum
1045 2357 1092 2414 est
1112 2370 1225 2415 emen-

100 2463 198 2543 titus;
226 2482 284 2525 nec
310 2459 444 2526 sincerae
468 2467 545 2525 suut
571 2461 610 2523 16
637 2456 763 2524 ultimae
790 2455 932 2546 paginae,
955 2461 1066 2546 utpote
1091 2479 1158 2524 non
1184 2480 1224 2524 cx

100 2567 251 2634 Romano
266 2565 387 2650 codice,
406 2567 461 2633 sed
478 2588 519 2633 ex
533 2564 683 2632 Gesnerii
699 2563 785 2631 libro
805 2562 998 2653 desumptae.

146 2672 233 2740 Hinc
247 2673 357 2763 plures
377 2673 417 2739 de
437 2673 514 2740 libri
536 2670 655 2739 Diurni
673 2693 757 2738 nova
776 2678 808 2736 et
828 2669 974 2736 numeris
998 2671 1152 2738 omnibus
1167 2672 1225 2739 ab·

100 2781 207 2850 soluta
232 2781 372 2850 editione
395 2781 569 2850 consilium
593 2781 709 2863 iniere,
737 2781 821 2848 iuter
846 2801 928 2869 quos
952 2780 1084 2863 Beluze,
1107 2781 1226 2870 jesuita

101 2889 242 2974 Daville,
263 2899 294 2958 et
307 2889 454 2980 ejusdem
474 2889 634 2957 societatis
646 2887 887 2957 eruditissimus
902 2887 1062 2958 Zaccaria.
1072 2887 1226 2968 Quorum

102 3009 210 3066 tamen
225 2998 336 3066 nullus
350 2999 431 3065 tanti
449 2996 605 3065 momenti
621 2998 825 3088 propositum
841 3004 1013 3064 exsecutus
1029 3005 1086 3064 est.

618 3329 705 3418 gv.

60 3505 64 3512 ¹
178 3519 274 3579 Quanti
290 3519 416 3570 momenti
432 3519 466 3568 sit
479 3517 591 3568 Diumus
606 3517 673 3568 liber
687 3517 719 3568 ad
736 3515 795 3567 fidei
812 3515 991 3570 confirmanda
1008 3519 1114 3570 decreta
1131 3523 1156 3571 et

367 3606 570 3658 ecclesiasticum
592 3606 769 3658 illustrandam
787 3607 960 3671 disciplinam.

147 3827 238 3894 Hanc
268 3827 330 3894 sibi
358 3826 561 3918 provinciam
590 3825 767 3916 assumpsit
796 3825 946 3894 Zaccaria
974 3835 1011 3894 ut
1046 3827 1231 3896 ostenderet

103 3933 268 4026 quomodo
288 3934 419 4023 singula
444 3932 520 4000 lidei
543 3931 696 4022 dogmate
718 3933 812 4002 novis
838 3941 937 4024 atque
959 3933 1163 4024 gravissimis
1186 3959 1228 4004 ex
1252 3959 1258 3967 ·

104 4044 188 4110 libro
209 4035 334 4109 Diirrno
361 4041 554 4110 fulcirentur
579 4042 792 4128 argumentis.
819 4042 899 4109 litem
924 4042 964 4108 ed
990 4043 1173 4133 precipuas
1189 4047 1230 4114 de

105 4149 276 4242 disciplina
296 4149 494 4242 quaestiones
515 4148 591 4216 hinc
615 4148 727 4216 lumen
749 4147 873 4216 effundi
896 4148 1166 4239 fulgidissimum.
1185 4156 1231 4226 lle
