3072 4948
547 497 630 546 ruere
651 499 803 546 eruemur.
1169 483 1231 549 ert

122 643 207 702 taret
226 661 237 700 :
261 634 324 704 hue
343 635 414 727 ipso
435 637 523 706 enirn
542 637 629 728 quod
646 639 844 709 eonsuetudo
858 641 966 732 alique
979 642 1163 734 corruptela
1177 643 1230 728 sit,

118 742 191 832 jum
209 741 288 818 sulit
305 753 450 815 rumenel
467 766 509 814 ex
525 745 667 834 generali
682 745 833 816 Eouleoiae
847 747 993 818 doctriua
1007 747 1236 833 condemnata,

121 847 251 920 etiamsi
273 848 315 919 ad
336 859 466 942 tempus
484 852 669 942 Apostolicu
690 851 791 924 Sedes
812 853 917 940 silent,
941 857 1175 946 opportuniora
1193 855 1236 926 ad

122 958 357 1028 comunionem
382 969 573 1050 exspeotans
597 967 752 1052 tempure.
782 961 821 1030 Et
844 971 1000 1054 prestares
1022 987 1087 1033 non
1111 963 1165 1034 ille
1186 974 1235 1033 est

120 1065 230 1136 altem
261 1066 429 1138 mutire
456 1089 587 1154 murus,
617 1069 727 1138 statim
758 1089 797 1138 ae
823 1069 941 1140 alieubi
970 1069 1094 1161 aliquid
1123 1083 1239 1140 eontra·

122 1173 228 1246 bonus
249 1197 355 1244 mores
376 1176 494 1261 oritur,
519 1177 697 1248 numerario
716 1177 891 1246 Ecclesiam
909 1176 1011 1270 loqui,
1036 1187 1068 1246 et
1082 1201 1154 1247 eam
1167 1202 1234 1248 nou

123 1311 221 1379 posse
241 1298 369 1380 tempus
388 1297 608 1382 opportunum
629 1287 671 1357 ad
689 1285 911 1380 prodigendos
923 1287 1044 1357 musas
1059 1285 1235 1380 prudentor
1342 1337 1349 1354 ,

124 1395 257 1485 eligere

171 1502 315 1573 Omnino
347 1527 427 1595 ergo
459 1513 614 1597 tauquam
647 1515 769 1574 eertum
799 1504 1037 1574 admittendum
1068 1513 1116 1574 eet
1144 1527 1235 1596 posse

122 1612 346 1703 Apostoliuam
367 1612 497 1698 Sedom,
522 1612 653 1704 quando
676 1611 871 1682 reclamandi
893 1613 1078 1682 taoilitutem
1095 1635 1161 1681 nun
1177 1613 1237 1680 lra-

125 1722 195 1807 hot,
220 1744 262 1790 er
284 1721 416 1792 silentio
437 1743 525 1792 mere
546 1723 757 1807 ooooomieo,
779 1721 907 1790 nullum
920 1741 1114 1791 mosomum
1129 1720 1236 1789 invol-

126 1838 237 1916 vente,
259 1829 366 1917 silere,
391 1839 424 1898 et
441 1829 708 1899 consuetudinem
726 1829 791 1918 lagi
808 1829 1004 1898 eontrarium
1019 1850 1079 1920 pro
1093 1835 1237 1919 tempore

127 1937 345 2006 dissimulare.
373 1937 462 2028 Ergo
481 1938 516 2006 in
538 1937 595 2006 tali
618 1957 694 2008 oasa
716 1959 758 2006 ax
781 1935 908 2006 silentio
929 1938 1051 2006 summi
1070 1934 1237 2006 Pontifiois

127 2044 300 2133 illessn'time
313 2045 558 2115 concluderetur
570 2047 679 2136 ipsum
695 2045 790 2114 diutae
804 2042 1030 2114 consuetudini
1044 2043 1236 2117 eonsentire.

128 2151 397 2223 Concludendum
421 2154 528 2243 potius
547 2153 656 2244 ipsum
678 2151 869 2230 dissentire;
895 2151 975 2242 quia
989 2151 1017 2219 si
1029 2151 1236 2236 eomautiret,

129 2259 213 2328 illud
235 2257 397 2330 ordinarie
421 2262 643 2353 exprimeret:
668 2259 729 2330 hoa
749 2259 837 2328 anim
859 2267 989 2346 gratum
1011 2265 1095 2328 esset
1111 2258 1238 2347 regioni

129 2367 250 2438 dietam
280 2367 546 2438 eonsuetudinom
576 2366 755 2452 indurenti,
786 2374 819 2433 et
848 2366 956 2458 potins
984 2363 1164 2435 censendus
1190 2375 1238 2434 eat

130 2475 220 2566 Pepa
247 2485 379 2566 gratum
407 2477 511 2546 lauare
540 2476 623 2546 velle
647 2503 655 2544 :
685 2499 759 2544 oum
785 2495 865 2564 ergo
894 2473 989 2544 sileat
1012 2484 1044 2544 et
1069 2474 1182 2544 sedulo
1207 2483 1239 2542 at

130 2584 223 2673 quusi
248 2605 289 2654 ex
311 2585 477 2675 proposita
498 2585 595 2654 evitet
615 2582 775 2675 quidquid
794 2582 966 2674 prestetum
979 2603 1171 2652 mosomum
1187 2583 1239 2652 in·

131 2700 259 2779 nueret,
291 2693 398 2784 potius
426 2692 598 2762 dissentire
625 2690 804 2762 censendus
832 2699 890 2760 est.
924 2690 990 2760 Sed
1017 2688 1101 2760 illud
1128 2691 1239 2760 sultem

132 2810 257 2870 eertum
289 2811 452 2886 remanet,
486 2823 529 2870 ex
560 2801 632 2893 ejus
663 2800 791 2868 silentio
821 2821 887 2869 non
918 2799 1061 2890 legitime
1093 2799 1242 2870 eouuludi

131 2931 345 2996 uomensum3
368 2931 445 2978 oum
463 2909 558 2978 silere
578 2909 613 2977 in
638 2909 694 2977 teli
716 2929 793 2977 ausu
814 2907 927 2998 possit,
950 2929 1017 2978 uon
1034 2931 1076 2976 ex
1095 2907 1241 3000 eoquod

131 3016 321 3110 consentiat,
345 3015 551 3106 reddantur]
575 3016 617 3085 ob
641 3015 781 3107 praevisu
801 3025 834 3083 et
857 3014 1069 3106 praeuavenda
1090 3016 1241 3105 graviora

83 3317 87 3326 ι
177 3232 362 3302 Pnorosrrro
391 3235 438 3302 ³⁸.
464 3269 508 3286 -··
536 3231 690 3315 Quoerdiu
713 3237 810 3322 Papa
834 3255 902 3301 non
926 3233 1024 3300 ludet
1046 3233 1242 3323 sueidtutom

132 3339 347 3422 rotmundi,
380 3339 575 3410 monetario
603 3363 669 3408 non
693 3353 799 3433 potest
826 3352 941 3410 contra
968 3341 1071 3430 Iepem
1100 3340 1243 3429 lepitr‘me

129 3447 350 3540 prasci-idere.
369 3483 413 3500 -
428 3447 485 3516 Est
505 3449 594 3516 enim
618 3447 815 3539 principium
836 3455 960 3516 certum
980 3455 1013 3514 et
1031 3445 1072 3514 ab
1091 3446 1243 3516 omuibus

132 3553 324 3642 admissum,
349 3553 472 3624 nullam
495 3553 762 3624 eonsuetudinem
786 3575 879 3644 posse
900 3561 1013 3623 eontra
1029 3554 1134 3644 legem
1156 3553 1245 3642 lagi·

134 3664 213 3732 time
232 3663 443 3754 proscribere
464 3665 529 3734 uisi
549 3661 718 3734 aooedeute
733 3661 844 3752 aliquo
858 3660 1052 3750 legislatoris
1065 3681 1242 3740 consenum

134 3769 268 3840 aliunde
288 3769 434 3861 quaudiu
457 3771 545 3861 Papa
565 3767 763 3840 reclamandi
783 3766 937 3838 facilitate
957 3767 1154 3855 destituitur,
1178 3791 1245 3838 non

134 3886 240 3971 potest
266 3877 409 3969 legitime
434 3878 582 3948 eoneludi
608 3877 711 3969 ipsius
736 3895 923 3963 cousensus,
948 3885 986 3944 ut
1009 3876 1105 3945 modo
1130 3877 1166 3944 in
1189 3899 1244 3946 se-

136 3985 246 4056 ounda
272 3986 490 4078 propositione
516 3985 717 4056 ostendimus
729 4012 738 4071 3
767 3983 898 4053 aliunde
926 4006 969 4052 ex
994 3984 1100 4074 prima
1126 4007 1247 4077 propo-

137 4093 268 4180 sitione,
294 4091 425 4186 quaudo
449 4101 638 4182 nonpotest
659 4091 801 4180 legitime
822 4089 973 4160 oonaludi
988 4091 1042 4160 ille
1058 4113 1245 4182 consensus,

138 4201 304 4292 legislator
334 4199 513 4272 censendus
538 4211 587 4270 est
614 4199 694 4270 velle
721 4199 827 4290 legem
856 4221 949 4270 suam
978 4200 1101 4270 servari
1113 4225 1122 4286 3
1155 4221 1247 4291 ergo,
