3064 4952
530 551 612 598 ruars
635 549 786 600 curourcr.
1156 533 1214 598 att

96 681 276 779 pontificiae
299 691 435 779 actibus,
461 713 577 784 nempe
595 693 694 762 bullis
716 692 758 761 ad
774 692 958 762 universam
981 692 1157 762 Ecclesiam
1169 693 1219 762 di·

96 799 207 868 rectis.
234 797 297 868 Sed
311 801 447 892 ipsemet
460 801 610 886 Bossuet,
633 809 664 868 et
678 800 836 870 Gallicani
848 801 979 892 proprie
994 800 1084 888 dicti,
1100 811 1220 892 negant

93 905 281 976 Romanam
299 907 425 978 *Sedcm
453 931 559 1001 posse,
584 908 648 978 nisi
672 929 729 1000 per
744 909 973 978 brevissimum
988 908 1120 1001 aliquod
1136 918 1219 977 tem-

94 1037 176 1104 pus,
202 1015 236 1084 in
259 1039 402 1086 errorem
426 1017 558 1104 cadere;
585 1040 664 1108 ergo
687 1017 875 1107 negandum
891 1025 941 1086 est
953 1041 1012 1110 per
1027 1041 1085 1086 sex
1101 1017 1220 1088 nacula

92 1144 223 1191 errasse
239 1146 384 1192 summos
399 1123 570 1193 Pontifices
593 1125 628 1191 in
648 1123 748 1194 bullis
772 1133 963 1212 asserentes,
979 1123 1128 1194 sufficere
1141 1148 1220 1216 pro-

92 1229 332 1320 mulgationem
354 1232 468 1301 Romae
495 1232 625 1318 factam,
643 1255 712 1320 seu,
737 1231 824 1324 quod
838 1231 925 1301 idem
938 1240 999 1321 cst,
1016 1255 1081 1302 non
1097 1233 1219 1324 requiri

93 1342 134 1408 in
164 1362 358 1433 unaquaque
387 1341 555 1434 provincia
585 1341 891 1434 promulgationem.
925 1379 969 1394 -
996 1341 1219 1412 Confirmatur

92 1458 206 1516 autem
234 1448 305 1516 haec
332 1447 555 1518 Romanorum
589 1447 784 1518 Pontificum
815 1449 965 1518 voluutas
984 1457 1015 1518 et
1037 1449 1216 1541 persuasio,
1250 1505 1255 1510 .

93 1578 158 1646 per
173 1557 377 1648 exceptiones
398 1555 555 1648 quasdam
571 1555 612 1626 ad
627 1565 813 1626 consuetam
834 1578 927 1626 suam
941 1556 1059 1646 agendi
1075 1557 1216 1648 praxim.

98 1693 117 1728 α
141 1665 299 1755 Magnum
329 1673 561 1758 argumentum
583 1674 644 1754 est,
663 1667 709 1734 ait
721 1664 854 1750 Suarez‚
871 1665 948 1756 quia
960 1665 1091 1756 quando
1105 1665 1220 1734 Ponti-

96 1799 117 1836 α
141 1773 219 1842 lices
234 1775 349 1844 volunt
364 1775 581 1843 necessariam
597 1795 665 1842 esse
689 1771 983 1865 promulgationem
1007 1795 1075 1842 suae
1087 1773 1169 1864 legis
1185 1774 1219 1842 in

96 1907 117 1946 a
136 1881 277 1970 singulis
298 1882 536 1975 episcopatibus
562 1904 620 1952 seu
645 1879 836 1972 provinciis,
866 1879 926 1948 hoc
957 1881 1139 1974 specialiter
1161 1880 1219 1950 (le-

97 2017 116 2055 a
141 1989 266 2059 clarent
296 2018 304 2058 ι
336 2012 410 2059 raro
439 2003 548 2060 autem
576 1988 609 2057 id
637 1988 774 2075 iaciunt,
790 1987 870 2056 etin
887 1988 984 2056 rebus
1000 1988 1133 2080 majoris
1148 2013 1219 2059 mo·

96 2125 115 2162 a
143 2100 243 2167 menti
269 2108 324 2168 aut
345 2099 500 2192 periculi;
528 2121 606 2188 ergo
630 2099 761 2188 signum
785 2104 833 2164 est
857 2097 1023 2166 extrahos
1038 2116 1131 2166 casus
1144 2121 1220 2191 spe-

99 2235 118 2274 «
144 2208 242 2277 ciales
278 2209 571 2300 promulgationem
610 2230 675 2276 non
711 2207 844 2298 requiri.
890 2208 970 2275 Item
997 2231 1015 2275 c
1056 2210 1217 2278 contrario

97 2345 114 2382 a
141 2316 308 2386 interdum
332 2317 512 2386 extendunt
525 2325 655 2408 tempus
670 2338 809 2406 proquo
826 2314 940 2383 volunt
954 2313 1078 2383 differri
1090 2315 1217 2406 obliga-

97 2453 115 2490 «
142 2426 263 2495 tionem
278 2425 359 2515 legis
371 2425 468 2494 ctiam
484 2434 555 2517 post
568 2423 880 2516 promulgationem;
900 2431 935 2489 ut
950 2421 1030 2490 Pius
1042 2423 1090 2491 lv
1114 2423 1218 2492 voluit

98 2562 116 2598 a
141 2542 180 2602 ut
203 2533 329 2602 decreta
354 2532 484 2602 concilii
506 2531 690 2603 Tridentini
710 2553 775 2598 non
790 2529 972 2619 obligarent
986 2531 1049 2598 nisi
1064 2537 1136 2623 post
1151 2540 1218 2601 tras

99 2665 270 2712 «menses
295 2667 315 2711 a
344 2642 615 2735 promulgatione.
648 2639 834 2733 inquibus
869 2639 996 2730 legibus
1028 2651 1217 2732 supponunt

99 2781 116 2818 a
141 2752 437 2844 promulgationem
453 2753 488 2818 in
504 2750 593 2820 Urbe
609 2751 726 2818 factam
743 2747 903 2835 sufficere,
919 2747 997 2839 quia
1010 2748 1037 2816 si
1052 2748 1124 2816 aliae
1139 2773 1217 2841 par-

100 2887 119 2924 a
144 2861 297 2929 ticulares
311 2859 521 2953 expectanda
538 2868 656 2946 essent,
673 2858 728 2926 illa
742 2857 898 2948 temporis
912 2855 1023 2925 dilatio
1039 2861 1217 2928 necessaria

100 2997 118 3034 a
144 2991 210 3038 non
226 2979 318 3038 esset.
344 2994 361 3034 a
383 2969 441 3058 (De
456 2968 606 3058 Legibus,
626 2966 648 3034 l.
667 2971 700 3051 t,
718 2989 744 3035 c.
769 2969 822 3051 15,
838 2981 873 3033 11⁰
892 2964 937 3054 6.)

141 3077 629 3170 Vl⁰Reselluuturoljectioncs.
639 3079 722 3142 -1¹
735 3074 904 3164 objectio:
918 3072 1034 3164 Populi
1045 3095 1103 3165 per
1111 3083 1215 3144 totum

96 3186 211 3256 orbern
239 3185 373 3276 dispersi
393 3185 508 3254 Romae
536 3207 603 3252 non
626 3181 757 3267 adsunt,
774 3180 906 3273 quando
921 3179 967 3247 ibi
983 3180 1037 3248 lex
1054 3181 1217 3272 pontificia

94 3293 346 3386 promulgatur;
372 3315 430 3361 nec
449 3301 584 3384 possunt
609 3289 771 3382 perillam
788 3288 1084 3381 promulgationem
1099 3290 1216 3358 imme-

96 3403 183 3471 diate
203 3413 365 3496 acceptam
389 3403 472 3492 legis
485 3400 637 3470 notitiam
657 3399 810 3490 adipisci;
829 3420 907 3486 ergo
923 3394 1054 3487 speciali
1071 3397 1217 3486 indigent

95 3513 131 3580 in
155 3511 222 3580 suis
244 3511 421 3603 provinciis
445 3508 714 3600 promulgatione.
736 3544 780 3558 -
794 3503 1048 3596 Respondelur:
1070 3526 1135 3572 non
1160 3526 1215 3574 co-

95 3628 259 3710 gnoscunt
286 3618 391 3708 legem
417 3641 475 3710 per
504 3614 798 3708 promulgationem
827 3634 997 3681 romanam
1030 3611 1216 3680 immediato

96 3735 259 3818 acceptam
279 3755 286 3793 :
307 3724 447 3795 concedo
469 3723 670 3792 antecedens.
688 3721 776 3812 Ergo
793 3719 942 3809 indigent
955 3719 1215 3810 promulgatione

97 3835 228 3928 speciali
252 3836 288 3903 in
307 3835 375 3904 suis
397 3833 575 3926 provinciis
597 3860 604 3900 ε
630 3853 713 3920 nego
736 3850 936 3921 consequens
957 3835 989 3895 et
1015 3848 1215 3918 consequen-

96 3947 187 4014 tiam.
214 3945 298 4014 Nam
319 3944 441 4036 absque
464 3943 531 4013 ulla
557 3940 818 4034 promulgatione
844 3937 975 4030 speciali
988 3937 1023 4004 in
1039 3937 1215 4029 provinciis

97 4053 202 4122 mmta
220 4061 298 4122 sunt
318 4052 424 4120 media
444 4053 565 4145 quibus
585 4059 672 4119 certa
696 4047 840 4138 cognitio
857 4046 1021 4114 bullarum
1034 4044 1214 4136 pontificia·

96 4185 172 4229 rum
190 4159 230 4230 ad
256 4183 368 4230 omnes
397 4160 545 4228 ecclesias
565 4157 716 4227 facillime
742 4154 922 4246 perveniat,
943 4161 1092 4244 utsupra
1107 4161 1214 4222 osten·

96 4269 225 4356 ‹limus3
252 4277 284 4336 et
305 4267 384 4336 adeo
412 4267 552 4336 efficacia
577 4273 653 4334 sunt
678 4260 867 4353 hujusmodi
897 4259 1014 4346 media,
1038 4267 1076 4328 ut
1090 4261 1217 4332 etiamsi

1022 4377 1060 4436 16
