<?xml version="1.0" encoding="UTF-8"?>
<!DOCTYPE html PUBLIC "-//W3C//DTD XHTML 1.0 Transitional//EN"
    "http://www.w3.org/TR/xhtml1/DTD/xhtml1-transitional.dtd">
<html xmlns="http://www.w3.org/1999/xhtml" xml:lang="en" lang="en">
 <head>
  <title>
</title>
<meta http-equiv="Content-Type" content="text/html;charset=utf-8" />
  <meta name='ocr-system' content='tesseract 3.04.00' />
  <meta name='ocr-capabilities' content='ocr_page ocr_carea ocr_par ocr_line ocrx_word'/>
</head>
<body>
  <div class='ocr_page' id='page_1' title='image "./tractatusdeprin00bouigoog_0410.png"; bbox 0 0 3072 4948; ppageno 0'>
   <div class='ocr_carea' id='block_1_1' title="bbox 595 491 1281 562">
    <p class='ocr_par' dir='ltr' id='par_1_1' title="bbox 595 491 1281 562">
     <span class='ocr_line' id='line_1_1' title="bbox 595 491 1281 562; baseline -0.006 -1"><span class='ocrx_word' id='word_1_1' title='bbox 595 511 678 562; x_wconf 77' lang='lat' dir='ltr'><strong>iners</strong></span> <span class='ocrx_word' id='word_1_2' title='bbox 702 513 855 562; x_wconf 69' lang='lat' dir='ltr'><strong>cononici.</strong></span> <span class='ocrx_word' id='word_1_3' title='bbox 1220 491 1281 560; x_wconf 77' lang='lat'><strong>397</strong></span> 
     </span>
    </p>
   </div>
   <div class='ocr_carea' id='block_1_2' title="bbox 165 649 1283 748">
    <p class='ocr_par' dir='ltr' id='par_1_2' title="bbox 165 649 1283 748">
     <span class='ocr_line' id='line_1_2' title="bbox 165 649 1283 748; baseline 0.005 -32"><span class='ocrx_word' id='word_1_4' title='bbox 165 677 183 716; x_wconf 79' lang='lat' dir='ltr'><strong>c</strong></span> <span class='ocrx_word' id='word_1_5' title='bbox 205 649 303 722; x_wconf 86' lang='lat' dir='ltr'><strong>etiem</strong></span> <span class='ocrx_word' id='word_1_6' title='bbox 327 673 440 723; x_wconf 87' lang='lat' dir='ltr'><strong>eorum</strong></span> <span class='ocrx_word' id='word_1_7' title='bbox 462 654 665 748; x_wconf 82' lang='lat' dir='ltr'><strong>frequentis;</strong></span> <span class='ocrx_word' id='word_1_8' title='bbox 692 677 771 744; x_wconf 81' lang='lat' dir='ltr'><strong>ergo</strong></span> <span class='ocrx_word' id='word_1_9' title='bbox 792 653 833 722; x_wconf 84' lang='lat' dir='ltr'><strong>nd</strong></span> <span class='ocrx_word' id='word_1_10' title='bbox 853 651 1089 746; x_wconf 82' lang='lat' dir='ltr'>prohibendam</span> <span class='ocrx_word' id='word_1_11' title='bbox 1109 661 1283 722; x_wconf 88' lang='lat' dir='ltr'><strong>consuetu-</strong></span> 
     </span>
    </p>
   </div>
   <div class='ocr_carea' id='block_1_3' title="bbox 164 757 1285 4302">
    <p class='ocr_par' dir='ltr' id='par_1_3' title="bbox 165 757 1285 3330">
     <span class='ocr_line' id='line_1_3' title="bbox 166 757 1284 851; baseline 0.005 -27"><span class='ocrx_word' id='word_1_12' title='bbox 166 787 184 824; x_wconf 78' lang='grc' dir='ltr'><strong>ιι</strong></span> <span class='ocrx_word' id='word_1_13' title='bbox 207 761 317 830; x_wconf 90' lang='lat' dir='ltr'><strong>dinem</strong></span> <span class='ocrx_word' id='word_1_14' title='bbox 341 762 416 830; x_wconf 82' lang='lat' dir='ltr'><strong>tecti</strong></span> <span class='ocrx_word' id='word_1_15' title='bbox 436 783 501 831; x_wconf 94' lang='lat' dir='ltr'><strong>non</strong></span> <span class='ocrx_word' id='word_1_16' title='bbox 524 769 617 830; x_wconf 83' lang='lat' dir='ltr'><strong>erent</strong></span> <span class='ocrx_word' id='word_1_17' title='bbox 636 761 817 830; x_wconf 80' lang='lat' dir='ltr'><strong>necessarie</strong></span> <span class='ocrx_word' id='word_1_18' title='bbox 830 761 888 829; x_wconf 80' lang='lat' dir='ltr'><strong>ilie</strong></span> <span class='ocrx_word' id='word_1_19' title='bbox 902 762 1025 840; x_wconf 88' lang='lat' dir='ltr'><strong>vsrbs;</strong></span> <span class='ocrx_word' id='word_1_20' title='bbox 1044 757 1123 851; x_wconf 80' lang='lat' dir='ltr'><strong>er&#39;go</strong></span> <span class='ocrx_word' id='word_1_21' title='bbox 1141 761 1284 830; x_wconf 80' lang='lat' dir='ltr'><strong>maxime</strong></span> 
     </span>
     <span class='ocr_line' id='line_1_4' title="bbox 166 869 1284 963; baseline 0.005 -31"><span class='ocrx_word' id='word_1_22' title='bbox 166 869 381 938; x_wconf 74' lang='lat' dir='ltr'><strong>«intendunt</strong></span> <span class='ocrx_word' id='word_1_23' title='bbox 413 869 585 961; x_wconf 88' lang='lat' dir='ltr'><strong>prohibere</strong></span> <span class='ocrx_word' id='word_1_24' title='bbox 610 869 879 940; x_wconf 88' lang='lat' dir='ltr'><strong>consuetudinem</strong></span> <span class='ocrx_word' id='word_1_25' title='bbox 906 869 1004 960; x_wconf 86' lang='lat' dir='ltr'><strong>juris,</strong></span> <span class='ocrx_word' id='word_1_26' title='bbox 1041 893 1083 940; x_wconf 88' lang='lat' dir='ltr'><strong>ne</strong></span> <span class='ocrx_word' id='word_1_27' title='bbox 1121 870 1284 963; x_wconf 83' lang='lat' dir='ltr'><strong>superflue</strong></span> 
     </span>
     <span class='ocr_line' id='line_1_5' title="bbox 166 975 1283 1070; baseline 0.003 -29"><span class='ocrx_word' id='word_1_28' title='bbox 166 1003 185 1042; x_wconf 78' lang='grc' dir='ltr'><strong>ιι</strong></span> <span class='ocrx_word' id='word_1_29' title='bbox 206 975 312 1068; x_wconf 82' lang='lat' dir='ltr'><strong>posite</strong></span> <span class='ocrx_word' id='word_1_30' title='bbox 326 1000 396 1047; x_wconf 88' lang='lat' dir='ltr'><strong>esse</strong></span> <span class='ocrx_word' id='word_1_31' title='bbox 407 988 620 1066; x_wconf 78' lang='lat' dir='ltr'><strong>censeantur;</strong></span> <span class='ocrx_word' id='word_1_32' title='bbox 638 1001 717 1070; x_wconf 78' lang='lat' dir='ltr'><strong>ergo</strong></span> <span class='ocrx_word' id='word_1_33' title='bbox 732 983 789 1047; x_wconf 84' lang='lat' dir='ltr'><strong>eut</strong></span> <span class='ocrx_word' id='word_1_34' title='bbox 803 975 975 1046; x_wconf 75' lang='lat' dir='ltr'><strong>efficaciter</strong></span> <span class='ocrx_word' id='word_1_35' title='bbox 987 976 1076 1046; x_wconf 83' lang='lat' dir='ltr'><strong>ilium</strong></span> <span class='ocrx_word' id='word_1_36' title='bbox 1097 977 1283 1070; x_wconf 88' lang='lat' dir='ltr'><strong>prohibent,</strong></span> 
     </span>
     <span class='ocr_line' id='line_1_6' title="bbox 166 1084 1285 1178; baseline 0.004 -28"><span class='ocrx_word' id='word_1_37' title='bbox 166 1110 184 1150; x_wconf 85' lang='grc' dir='ltr'><strong>ιι</strong></span> <span class='ocrx_word' id='word_1_38' title='bbox 207 1085 252 1153; x_wconf 84' lang='lat' dir='ltr'><strong>itu</strong></span> <span class='ocrx_word' id='word_1_39' title='bbox 266 1093 302 1154; x_wconf 93' lang='lat' dir='ltr'><strong>ut</strong></span> <span class='ocrx_word' id='word_1_40' title='bbox 315 1094 428 1155; x_wconf 79' lang='lat' dir='ltr'><strong>contre</strong></span> <span class='ocrx_word' id='word_1_41' title='bbox 437 1087 542 1177; x_wconf 77' lang='lat' dir='ltr'><strong>legem</strong></span> <span class='ocrx_word' id='word_1_42' title='bbox 557 1086 668 1155; x_wconf 90' lang='lat' dir='ltr'><strong>induci</strong></span> <span class='ocrx_word' id='word_1_43' title='bbox 681 1108 748 1154; x_wconf 94' lang='lat' dir='ltr'><strong>non</strong></span> <span class='ocrx_word' id='word_1_44' title='bbox 769 1085 882 1178; x_wconf 78' lang='lat' dir='ltr'><strong>possit,</strong></span> <span class='ocrx_word' id='word_1_45' title='bbox 903 1093 961 1153; x_wconf 85' lang='lat' dir='ltr'><strong>eut</strong></span> <span class='ocrx_word' id='word_1_46' title='bbox 972 1085 1000 1152; x_wconf 91' lang='lat' dir='ltr'><strong>si</strong></span> <span class='ocrx_word' id='word_1_47' title='bbox 1012 1084 1097 1154; x_wconf 82' lang='lat' dir='ltr'><strong>beno</strong></span> <span class='ocrx_word' id='word_1_48' title='bbox 1111 1084 1285 1154; x_wconf 77' lang='lat' dir='ltr'><strong>efficaciam</strong></span> 
     </span>
     <span class='ocr_line' id='line_1_7' title="bbox 165 1192 1285 1285; baseline 0.002 -27"><span class='ocrx_word' id='word_1_49' title='bbox 165 1221 183 1258; x_wconf 86' lang='grc' dir='ltr'><strong>ιι</strong></span> <span class='ocrx_word' id='word_1_50' title='bbox 207 1215 274 1262; x_wconf 92' lang='lat' dir='ltr'><strong>non</strong></span> <span class='ocrx_word' id='word_1_51' title='bbox 301 1193 421 1263; x_wconf 83' lang='lat' dir='ltr'><strong>babent</strong></span> <span class='ocrx_word' id='word_1_52' title='bbox 448 1195 505 1262; x_wconf 87' lang='lat' dir='ltr'><strong>illa</strong></span> <span class='ocrx_word' id='word_1_53' title='bbox 528 1194 642 1282; x_wconf 86' lang='lat' dir='ltr'><strong>verbs,</strong></span> <span class='ocrx_word' id='word_1_54' title='bbox 666 1192 831 1285; x_wconf 80' lang='lat' dir='ltr'><strong>superflue</strong></span> <span class='ocrx_word' id='word_1_55' title='bbox 845 1193 942 1261; x_wconf 83' lang='lat' dir='ltr'><strong>etism</strong></span> <span class='ocrx_word' id='word_1_56' title='bbox 965 1200 1054 1277; x_wconf 91' lang='lat' dir='ltr'><strong>sunt,</strong></span> <span class='ocrx_word' id='word_1_57' title='bbox 1069 1192 1147 1283; x_wconf 82' lang='lat' dir='ltr'><strong>quie</strong></span> <span class='ocrx_word' id='word_1_58' title='bbox 1160 1192 1285 1261; x_wconf 81' lang='lat' dir='ltr'><strong>ratione</strong></span> 
     </span>
     <span class='ocr_line' id='line_1_8' title="bbox 165 1299 1284 1392; baseline -0.001 -23"><span class='ocrx_word' id='word_1_59' title='bbox 165 1302 340 1371; x_wconf 75' lang='lat' dir='ltr'><strong>«illorum</strong></span> <span class='ocrx_word' id='word_1_60' title='bbox 369 1303 569 1372; x_wconf 84' lang='lat' dir='ltr'><strong>consuetudo</strong></span> <span class='ocrx_word' id='word_1_61' title='bbox 597 1325 663 1372; x_wconf 93' lang='lat' dir='ltr'><strong>non</strong></span> <span class='ocrx_word' id='word_1_62' title='bbox 690 1309 738 1370; x_wconf 90' lang='lat' dir='ltr'><strong>est</strong></span> <span class='ocrx_word' id='word_1_63' title='bbox 761 1301 866 1391; x_wconf 81' lang='lat' dir='ltr'><strong>magis</strong></span> <span class='ocrx_word' id='word_1_64' title='bbox 891 1299 1065 1392; x_wconf 87' lang='lat' dir='ltr'><strong>prohibite,</strong></span> <span class='ocrx_word' id='word_1_65' title='bbox 1099 1322 1158 1368; x_wconf 88' lang='lat' dir='ltr'><strong>nec</strong></span> <span class='ocrx_word' id='word_1_66' title='bbox 1183 1300 1284 1369; x_wconf 80' lang='lat' dir='ltr'><strong>alium</strong></span> 
     </span>
     <span class='ocr_line' id='line_1_9' title="bbox 165 1405 1284 1500; baseline 0.002 -26"><span class='ocrx_word' id='word_1_67' title='bbox 165 1435 184 1474; x_wconf 85' lang='grc' dir='ltr'><strong>ιι</strong></span> <span class='ocrx_word' id='word_1_68' title='bbox 208 1420 343 1500; x_wconf 75' lang='lat' dir='ltr'>possunt</span> <span class='ocrx_word' id='word_1_69' title='bbox 359 1410 478 1478; x_wconf 83' lang='lat' dir='ltr'><strong>hebere</strong></span> <span class='ocrx_word' id='word_1_70' title='bbox 494 1410 650 1478; x_wconf 78' lang='lat' dir='ltr'><strong>moralem</strong></span> <span class='ocrx_word' id='word_1_71' title='bbox 664 1409 828 1478; x_wconf 80' lang='lat' dir='ltr'><strong>effectum.</strong></span> <span class='ocrx_word' id='word_1_72' title='bbox 847 1413 879 1477; x_wconf 80' lang='grc'><strong>3·</strong></span> <span class='ocrx_word' id='word_1_73' title='bbox 891 1410 928 1476; x_wconf 94' lang='lat' dir='ltr'><strong>ln</strong></span> <span class='ocrx_word' id='word_1_74' title='bbox 947 1405 1183 1477; x_wconf 85' lang='lat' dir='ltr'><strong>consuetudine</strong></span> <span class='ocrx_word' id='word_1_75' title='bbox 1197 1429 1284 1500; x_wconf 77' lang='lat' dir='ltr'><strong>prse-</strong></span> 
     </span>
     <span class='ocr_line' id='line_1_10' title="bbox 166 1516 1285 1610; baseline 0.002 -28"><span class='ocrx_word' id='word_1_76' title='bbox 166 1541 184 1580; x_wconf 87' lang='grc' dir='ltr'><strong>ιι</strong></span> <span class='ocrx_word' id='word_1_77' title='bbox 206 1517 393 1607; x_wconf 79' lang='lat' dir='ltr'><strong>scriptionis</strong></span> <span class='ocrx_word' id='word_1_78' title='bbox 414 1539 453 1586; x_wconf 91' lang='lat' dir='ltr'><strong>eo</strong></span> <span class='ocrx_word' id='word_1_79' title='bbox 475 1518 558 1610; x_wconf 88' lang='lat' dir='ltr'><strong>ipso,</strong></span> <span class='ocrx_word' id='word_1_80' title='bbox 582 1517 670 1608; x_wconf 91' lang='lat' dir='ltr'><strong>quod</strong></span> <span class='ocrx_word' id='word_1_81' title='bbox 698 1518 752 1586; x_wconf 84' lang='lat' dir='ltr'><strong>lex</strong></span> <span class='ocrx_word' id='word_1_82' title='bbox 767 1516 917 1608; x_wconf 87' lang='lat' dir='ltr'><strong>probibet</strong></span> <span class='ocrx_word' id='word_1_83' title='bbox 932 1539 973 1583; x_wconf 88' lang='lat' dir='ltr'><strong>ne</strong></span> <span class='ocrx_word' id='word_1_84' title='bbox 995 1516 1105 1607; x_wconf 81' lang='lat' dir='ltr'><strong>alique</strong></span> <span class='ocrx_word' id='word_1_85' title='bbox 1125 1538 1177 1584; x_wconf 89' lang='lat' dir='ltr'><strong>res</strong></span> <span class='ocrx_word' id='word_1_86' title='bbox 1197 1537 1285 1606; x_wconf 81' lang='lat' dir='ltr'><strong>prse-</strong></span> 
     </span>
     <span class='ocr_line' id='line_1_11' title="bbox 167 1622 1282 1715; baseline 0.004 -29"><span class='ocrx_word' id='word_1_87' title='bbox 167 1647 183 1686; x_wconf 82' lang='grc' dir='ltr'><strong>ιι</strong></span> <span class='ocrx_word' id='word_1_88' title='bbox 208 1623 304 1692; x_wconf 81' lang='lat' dir='ltr'><strong>scribi</strong></span> <span class='ocrx_word' id='word_1_89' title='bbox 318 1625 431 1715; x_wconf 90' lang='lat' dir='ltr'><strong>possit,</strong></span> <span class='ocrx_word' id='word_1_90' title='bbox 443 1623 779 1694; x_wconf 80' lang='lat' dir='ltr'><strong>nuiteconsuetudinc</strong></span> <span class='ocrx_word' id='word_1_91' title='bbox 792 1625 864 1692; x_wconf 86' lang='lat' dir='ltr'><strong>fleri</strong></span> <span class='ocrx_word' id='word_1_92' title='bbox 876 1631 981 1714; x_wconf 87' lang='lat' dir='ltr'><strong>potest</strong></span> <span class='ocrx_word' id='word_1_93' title='bbox 990 1632 1026 1692; x_wconf 92' lang='lat' dir='ltr'><strong>ut</strong></span> <span class='ocrx_word' id='word_1_94' title='bbox 1036 1622 1282 1714; x_wconf 67' lang='lat' dir='ltr'><strong>proscribatur:</strong></span> 
     </span>
     <span class='ocr_line' id='line_1_12' title="bbox 168 1731 1283 1822; baseline 0.004 -26"><span class='ocrx_word' id='word_1_95' title='bbox 168 1753 287 1820; x_wconf 78' lang='lat' dir='ltr'><strong>«ergo</strong></span> <span class='ocrx_word' id='word_1_96' title='bbox 309 1731 457 1799; x_wconf 86' lang='lat' dir='ltr'><strong>similiter</strong></span> <span class='ocrx_word' id='word_1_97' title='bbox 486 1753 525 1798; x_wconf 89' lang='lat' dir='ltr'><strong>eo</strong></span> <span class='ocrx_word' id='word_1_98' title='bbox 551 1731 622 1822; x_wconf 92' lang='lat' dir='ltr'><strong>ipso</strong></span> <span class='ocrx_word' id='word_1_99' title='bbox 649 1731 737 1822; x_wconf 92' lang='lat' dir='ltr'><strong>quod</strong></span> <span class='ocrx_word' id='word_1_100' title='bbox 765 1731 817 1799; x_wconf 87' lang='lat' dir='ltr'><strong>lex</strong></span> <span class='ocrx_word' id='word_1_101' title='bbox 841 1731 993 1822; x_wconf 82' lang='lat' dir='ltr'><strong>probibet</strong></span> <span class='ocrx_word' id='word_1_102' title='bbox 1014 1733 1283 1802; x_wconf 85' lang='lat' dir='ltr'><strong>consuetudinem</strong></span> 
     </span>
     <span class='ocr_line' id='line_1_13' title="bbox 167 1836 1283 1930; baseline 0.004 -28"><span class='ocrx_word' id='word_1_103' title='bbox 167 1845 319 1906; x_wconf 75' lang='lat' dir='ltr'><strong>«eontra</strong></span> <span class='ocrx_word' id='word_1_104' title='bbox 344 1838 462 1927; x_wconf 77' lang='lat' dir='ltr'><strong>legem,</strong></span> <span class='ocrx_word' id='word_1_105' title='bbox 489 1836 661 1906; x_wconf 79' lang='lat' dir='ltr'><strong>efficaciter</strong></span> <span class='ocrx_word' id='word_1_106' title='bbox 680 1847 847 1930; x_wconf 79' lang='lat' dir='ltr'><strong>operetur,</strong></span> <span class='ocrx_word' id='word_1_107' title='bbox 870 1847 907 1906; x_wconf 93' lang='lat' dir='ltr'><strong>ut</strong></span> <span class='ocrx_word' id='word_1_108' title='bbox 931 1849 1044 1908; x_wconf 82' lang='lat' dir='ltr'><strong>contra</strong></span> <span class='ocrx_word' id='word_1_109' title='bbox 1066 1840 1164 1909; x_wconf 78' lang='lat' dir='ltr'><strong>telem</strong></span> <span class='ocrx_word' id='word_1_110' title='bbox 1178 1840 1283 1930; x_wconf 76' lang='lat' dir='ltr'><strong>legens</strong></span> 
     </span>
     <span class='ocr_line' id='line_1_14' title="bbox 167 1943 1283 2036; baseline 0.004 -26"><span class='ocrx_word' id='word_1_111' title='bbox 167 1971 184 2010; x_wconf 82' lang='grc' dir='ltr'>ι</span> <span class='ocrx_word' id='word_1_112' title='bbox 208 1943 300 2013; x_wconf 84' lang='lat' dir='ltr'><strong>nulls</strong></span> <span class='ocrx_word' id='word_1_113' title='bbox 323 1944 524 2013; x_wconf 76' lang='lat' dir='ltr'><strong>consuetudo</strong></span> <span class='ocrx_word' id='word_1_114' title='bbox 545 1945 712 2036; x_wconf 85' lang='lat' dir='ltr'><strong>praesoribi</strong></span> <span class='ocrx_word' id='word_1_115' title='bbox 732 1946 832 2036; x_wconf 83' lang='lat' dir='ltr'><strong>possit</strong></span> <span class='ocrx_word' id='word_1_116' title='bbox 849 1955 905 2013; x_wconf 80' lang='lat' dir='ltr'><strong>eut</strong></span> <span class='ocrx_word' id='word_1_117' title='bbox 918 1947 1038 2015; x_wconf 85' lang='lat' dir='ltr'><strong>velere.</strong></span> <span class='ocrx_word' id='word_1_118' title='bbox 1057 1951 1090 2014; x_wconf 74' lang='lat'><strong>4⁰</strong></span> <span class='ocrx_word' id='word_1_119' title='bbox 1104 1946 1189 2028; x_wconf 83' lang='lat' dir='ltr'><strong>Quis</strong></span> <span class='ocrx_word' id='word_1_120' title='bbox 1205 1970 1283 2017; x_wconf 92' lang='lat' dir='ltr'><strong>con-</strong></span> 
     </span>
     <span class='ocr_line' id='line_1_15' title="bbox 167 2050 1284 2144; baseline 0.006 -28"><span class='ocrx_word' id='word_1_121' title='bbox 167 2077 185 2116; x_wconf 79' lang='grc' dir='ltr'><strong>ιι</strong></span> <span class='ocrx_word' id='word_1_122' title='bbox 208 2050 345 2120; x_wconf 88' lang='lat' dir='ltr'><strong>suetudo</strong></span> <span class='ocrx_word' id='word_1_123' title='bbox 367 2073 432 2120; x_wconf 93' lang='lat' dir='ltr'><strong>non</strong></span> <span class='ocrx_word' id='word_1_124' title='bbox 449 2060 552 2144; x_wconf 88' lang='lat' dir='ltr'><strong>potest</strong></span> <span class='ocrx_word' id='word_1_125' title='bbox 575 2053 735 2141; x_wconf 80' lang='lat' dir='ltr'><strong>obrogare</strong></span> <span class='ocrx_word' id='word_1_126' title='bbox 754 2053 861 2142; x_wconf 79' lang='lat' dir='ltr'><strong>legem</strong></span> <span class='ocrx_word' id='word_1_127' title='bbox 876 2055 939 2120; x_wconf 92' lang='lat' dir='ltr'><strong>nisi</strong></span> <span class='ocrx_word' id='word_1_128' title='bbox 958 2077 1000 2122; x_wconf 84' lang='lat' dir='ltr'><strong>ex</strong></span> <span class='ocrx_word' id='word_1_129' title='bbox 1014 2055 1109 2124; x_wconf 79' lang='lat' dir='ltr'><strong>tacito</strong></span> <span class='ocrx_word' id='word_1_130' title='bbox 1123 2077 1284 2125; x_wconf 82' lang='lat' dir='ltr'><strong>consensu</strong></span> 
     </span>
     <span class='ocr_line' id='line_1_16' title="bbox 167 2159 1284 2255; baseline 0.005 -30"><span class='ocrx_word' id='word_1_131' title='bbox 167 2185 183 2224; x_wconf 78' lang='grc' dir='ltr'>ι</span> <span class='ocrx_word' id='word_1_132' title='bbox 207 2159 385 2250; x_wconf 82' lang='lat' dir='ltr'><strong>Principis,</strong></span> <span class='ocrx_word' id='word_1_133' title='bbox 414 2169 450 2228; x_wconf 92' lang='lat' dir='ltr'><strong>ut</strong></span> <span class='ocrx_word' id='word_1_134' title='bbox 474 2159 598 2229; x_wconf 92' lang='lat' dir='ltr'><strong>dictum</strong></span> <span class='ocrx_word' id='word_1_135' title='bbox 620 2169 687 2246; x_wconf 87' lang='lat' dir='ltr'><strong>est;</strong></span> <span class='ocrx_word' id='word_1_136' title='bbox 718 2160 769 2228; x_wconf 91' lang='lat' dir='ltr'><strong>bic</strong></span> <span class='ocrx_word' id='word_1_137' title='bbox 792 2182 871 2229; x_wconf 88' lang='lat' dir='ltr'><strong>vero</strong></span> <span class='ocrx_word' id='word_1_138' title='bbox 892 2181 1067 2230; x_wconf 87' lang='lat' dir='ltr'><strong>consensus</strong></span> <span class='ocrx_word' id='word_1_139' title='bbox 1091 2185 1157 2232; x_wconf 92' lang='lat' dir='ltr'><strong>non</strong></span> <span class='ocrx_word' id='word_1_140' title='bbox 1178 2172 1284 2255; x_wconf 90' lang='lat' dir='ltr'><strong>potest</strong></span> 
     </span>
     <span class='ocr_line' id='line_1_17' title="bbox 167 2267 1283 2360; baseline 0.007 -28"><span class='ocrx_word' id='word_1_141' title='bbox 167 2293 184 2332; x_wconf 83' lang='grc' dir='ltr'><strong>ιι</strong></span> <span class='ocrx_word' id='word_1_142' title='bbox 207 2268 377 2358; x_wconf 75' lang='lat' dir='ltr'><strong>presumi,</strong></span> <span class='ocrx_word' id='word_1_143' title='bbox 405 2269 460 2336; x_wconf 94' lang='lat' dir='ltr'><strong>ubi</strong></span> <span class='ocrx_word' id='word_1_144' title='bbox 485 2267 651 2357; x_wconf 78' lang='lat' dir='ltr'><strong>legislator</strong></span> <span class='ocrx_word' id='word_1_145' title='bbox 662 2289 813 2358; x_wconf 83' lang='lat' dir='ltr'><strong>expresse</strong></span> <span class='ocrx_word' id='word_1_146' title='bbox 835 2268 928 2336; x_wconf 91' lang='lat' dir='ltr'><strong>illum</strong></span> <span class='ocrx_word' id='word_1_147' title='bbox 950 2277 1046 2357; x_wconf 75' lang='lat' dir='ltr'><strong>neget</strong></span> <span class='ocrx_word' id='word_1_148' title='bbox 1062 2291 1119 2360; x_wconf 86' lang='lat' dir='ltr'><strong>per</strong></span> <span class='ocrx_word' id='word_1_149' title='bbox 1132 2272 1283 2360; x_wconf 92' lang='lat' dir='ltr'><strong>probibi-</strong></span> 
     </span>
     <span class='ocr_line' id='line_1_18' title="bbox 166 2374 1282 2466; baseline 0.005 -26"><span class='ocrx_word' id='word_1_150' title='bbox 166 2402 183 2440; x_wconf 85' lang='grc' dir='ltr'><strong>ιι</strong></span> <span class='ocrx_word' id='word_1_151' title='bbox 207 2379 328 2446; x_wconf 87' lang='lat' dir='ltr'><strong>tionem</strong></span> <span class='ocrx_word' id='word_1_152' title='bbox 350 2377 472 2446; x_wconf 73' lang='lat' dir='ltr'><strong>future</strong></span> <span class='ocrx_word' id='word_1_153' title='bbox 487 2374 732 2444; x_wconf 82' lang='lat' dir='ltr'><strong>consuetudinis</strong></span> <span class='ocrx_word' id='word_1_154' title='bbox 747 2397 815 2444; x_wconf 77' lang='lat' dir='ltr'><strong>sum</strong></span> <span class='ocrx_word' id='word_1_155' title='bbox 829 2374 893 2465; x_wconf 73' lang='lat' dir='ltr'><strong>legi</strong></span> <span class='ocrx_word' id='word_1_156' title='bbox 907 2376 1071 2462; x_wconf 77' lang='lat' dir='ltr'><strong>additem3</strong></span> <span class='ocrx_word' id='word_1_157' title='bbox 1088 2399 1178 2466; x_wconf 82' lang='lat' dir='ltr'><strong>ergo.</strong></span> <span class='ocrx_word' id='word_1_158' title='bbox 1199 2382 1231 2444; x_wconf 85' lang='lat' dir='ltr'><strong>o·</strong></span> <span class='ocrx_word' id='word_1_159' title='bbox 1245 2379 1282 2447; x_wconf 91' lang='lat' dir='ltr'><strong>Si</strong></span> 
     </span>
     <span class='ocr_line' id='line_1_19' title="bbox 168 2483 1284 2577; baseline 0.004 -27"><span class='ocrx_word' id='word_1_160' title='bbox 168 2511 186 2550; x_wconf 83' lang='grc' dir='ltr'><strong>ιι</strong></span> <span class='ocrx_word' id='word_1_161' title='bbox 208 2487 365 2577; x_wconf 85' lang='lat' dir='ltr'><strong>Princeps</strong></span> <span class='ocrx_word' id='word_1_162' title='bbox 386 2485 473 2553; x_wconf 87' lang='lat' dir='ltr'><strong>diost</strong></span> <span class='ocrx_word' id='word_1_163' title='bbox 499 2493 536 2553; x_wconf 92' lang='lat' dir='ltr'><strong>ut</strong></span> <span class='ocrx_word' id='word_1_164' title='bbox 559 2485 613 2552; x_wconf 84' lang='lat' dir='ltr'><strong>tex</strong></span> <span class='ocrx_word' id='word_1_165' title='bbox 638 2484 690 2552; x_wconf 86' lang='lat' dir='ltr'><strong>vel</strong></span> <span class='ocrx_word' id='word_1_166' title='bbox 708 2483 918 2574; x_wconf 79' lang='lat' dir='ltr'><strong>privilegium</strong></span> <span class='ocrx_word' id='word_1_167' title='bbox 934 2505 1001 2552; x_wconf 91' lang='lat' dir='ltr'><strong>non</strong></span> <span class='ocrx_word' id='word_1_168' title='bbox 1017 2486 1118 2575; x_wconf 84' lang='lat' dir='ltr'><strong>possit</strong></span> <span class='ocrx_word' id='word_1_169' title='bbox 1131 2487 1284 2576; x_wconf 78' lang='lat' dir='ltr'><strong>abrogari</strong></span> 
     </span>
     <span class='ocr_line' id='line_1_20' title="bbox 168 2589 1283 2684; baseline 0.004 -26"><span class='ocrx_word' id='word_1_170' title='bbox 168 2620 185 2658; x_wconf 80' lang='grc' dir='ltr'><strong>ιι</strong></span> <span class='ocrx_word' id='word_1_171' title='bbox 209 2595 272 2662; x_wconf 92' lang='lat' dir='ltr'><strong>nisi</strong></span> <span class='ocrx_word' id='word_1_172' title='bbox 291 2615 457 2684; x_wconf 82' lang='lat' dir='ltr'><strong>expresse,</strong></span> <span class='ocrx_word' id='word_1_173' title='bbox 486 2614 552 2660; x_wconf 92' lang='lat' dir='ltr'><strong>non</strong></span> <span class='ocrx_word' id='word_1_174' title='bbox 573 2592 690 2683; x_wconf 90' lang='lat' dir='ltr'><strong>poterit</strong></span> <span class='ocrx_word' id='word_1_175' title='bbox 717 2591 810 2659; x_wconf 82' lang='lat' dir='ltr'><strong>tscite</strong></span> <span class='ocrx_word' id='word_1_176' title='bbox 834 2589 920 2670; x_wconf 87' lang='lat' dir='ltr'><strong>tulli;</strong></span> <span class='ocrx_word' id='word_1_177' title='bbox 938 2591 994 2659; x_wconf 87' lang='lat' dir='ltr'><strong>sod</strong></span> <span class='ocrx_word' id='word_1_178' title='bbox 1009 2590 1070 2660; x_wconf 92' lang='lat' dir='ltr'><strong>boc</strong></span> <span class='ocrx_word' id='word_1_179' title='bbox 1083 2593 1192 2682; x_wconf 87' lang='lat' dir='ltr'><strong>ipsum</strong></span> <span class='ocrx_word' id='word_1_180' title='bbox 1207 2594 1283 2663; x_wconf 82' lang='lat' dir='ltr'><strong>fecit</strong></span> 
     </span>
     <span class='ocr_line' id='line_1_21' title="bbox 167 2699 1281 2791; baseline 0.004 -26"><span class='ocrx_word' id='word_1_181' title='bbox 167 2701 339 2791; x_wconf 80' lang='lat' dir='ltr'><strong>squendo</strong></span> <span class='ocrx_word' id='word_1_182' title='bbox 370 2699 519 2791; x_wconf 87' lang='lat' dir='ltr'><strong>probibet</strong></span> <span class='ocrx_word' id='word_1_183' title='bbox 547 2719 678 2768; x_wconf 90' lang='lat' dir='ltr'><strong>omnem</strong></span> <span class='ocrx_word' id='word_1_184' title='bbox 707 2699 903 2768; x_wconf 79' lang='lat' dir='ltr'><strong>contrariam</strong></span> <span class='ocrx_word' id='word_1_185' title='bbox 933 2701 1202 2769; x_wconf 88' lang='lat' dir='ltr'><strong>consuetudinem</strong></span> <span class='ocrx_word' id='word_1_186' title='bbox 1231 2703 1281 2770; x_wconf 92' lang='lat' dir='ltr'><strong>in-</strong></span> 
     </span>
     <span class='ocr_line' id='line_1_22' title="bbox 167 2806 1281 2898; baseline 0.003 -23"><span class='ocrx_word' id='word_1_187' title='bbox 167 2809 302 2897; x_wconf 81' lang='lat' dir='ltr'><strong>«duoi;</strong></span> <span class='ocrx_word' id='word_1_188' title='bbox 328 2830 419 2898; x_wconf 76' lang='lat' dir='ltr'><strong>ergo.</strong></span> <span class='ocrx_word' id='word_1_189' title='bbox 444 2811 476 2874; x_wconf 65' lang='grc' dir='ltr'><strong>θ’</strong></span> <span class='ocrx_word' id='word_1_190' title='bbox 498 2807 658 2898; x_wconf 86' lang='lat' dir='ltr'><strong>Denique,</strong></span> <span class='ocrx_word' id='word_1_191' title='bbox 684 2806 850 2896; x_wconf 76' lang='lat' dir='ltr'><strong>legislstor</strong></span> <span class='ocrx_word' id='word_1_192' title='bbox 869 2815 974 2898; x_wconf 89' lang='lat' dir='ltr'><strong>potest</strong></span> <span class='ocrx_word' id='word_1_193' title='bbox 999 2807 1126 2876; x_wconf 84' lang='lat' dir='ltr'><strong>imitere</strong></span> <span class='ocrx_word' id='word_1_194' title='bbox 1153 2810 1281 2880; x_wconf 83' lang='lat' dir='ltr'><strong>tuturos</strong></span> 
     </span>
     <span class='ocr_line' id='line_1_23' title="bbox 168 2916 1280 3007; baseline 0.002 -24"><span class='ocrx_word' id='word_1_195' title='bbox 168 2927 392 2987; x_wconf 77' lang='lat' dir='ltr'><strong>«contractus</strong></span> <span class='ocrx_word' id='word_1_196' title='bbox 421 2926 457 2984; x_wconf 93' lang='lat' dir='ltr'><strong>ut</strong></span> <span class='ocrx_word' id='word_1_197' title='bbox 485 2938 551 2984; x_wconf 94' lang='lat' dir='ltr'><strong>non</strong></span> <span class='ocrx_word' id='word_1_198' title='bbox 582 2916 732 2995; x_wconf 83' lang='lat' dir='ltr'><strong>volesnt;</strong></span> <span class='ocrx_word' id='word_1_199' title='bbox 763 2936 843 3005; x_wconf 79' lang='lat' dir='ltr'><strong>ergo</strong></span> <span class='ocrx_word' id='word_1_200' title='bbox 878 2917 976 2984; x_wconf 82' lang='lat' dir='ltr'><strong>etiam</strong></span> <span class='ocrx_word' id='word_1_201' title='bbox 1003 2918 1125 3007; x_wconf 89' lang='lat' dir='ltr'><strong>poterit</strong></span> <span class='ocrx_word' id='word_1_202' title='bbox 1152 2919 1280 2987; x_wconf 78' lang='lat' dir='ltr'><strong>irritare</strong></span> 
     </span>
     <span class='ocr_line' id='line_1_24' title="bbox 168 3022 1281 3114; baseline 0.004 -24"><span class='ocrx_word' id='word_1_203' title='bbox 168 3026 354 3094; x_wconf 79' lang='lat' dir='ltr'><strong>ctutumm</strong></span> <span class='ocrx_word' id='word_1_204' title='bbox 382 3024 671 3101; x_wconf 68' lang='lat' dir='ltr'><strong>consuetudinem</strong></span> <span class='ocrx_word' id='word_1_205' title='bbox 701 3027 758 3090; x_wconf 91' lang='lat' dir='ltr'><strong>sed</strong></span> <span class='ocrx_word' id='word_1_206' title='bbox 784 3025 845 3091; x_wconf 91' lang='lat' dir='ltr'><strong>boc</strong></span> <span class='ocrx_word' id='word_1_207' title='bbox 867 3022 1006 3091; x_wconf 84' lang='lat' dir='ltr'><strong>intendit</strong></span> <span class='ocrx_word' id='word_1_208' title='bbox 1029 3022 1161 3114; x_wconf 80' lang='lat' dir='ltr'><strong>quando</strong></span> <span class='ocrx_word' id='word_1_209' title='bbox 1191 3025 1281 3094; x_wconf 89' lang='lat' dir='ltr'><strong>illum</strong></span> 
     </span>
     <span class='ocr_line' id='line_1_25' title="bbox 167 3129 1282 3224; baseline 0.001 -25"><span class='ocrx_word' id='word_1_210' title='bbox 167 3159 184 3199; x_wconf 83' lang='grc' dir='ltr'><strong>ιι</strong></span> <span class='ocrx_word' id='word_1_211' title='bbox 209 3132 369 3224; x_wconf 86' lang='lat' dir='ltr'><strong>probibet,</strong></span> <span class='ocrx_word' id='word_1_212' title='bbox 387 3129 557 3222; x_wconf 81' lang='lat' dir='ltr'><strong>quisalius</strong></span> <span class='ocrx_word' id='word_1_213' title='bbox 572 3130 697 3198; x_wconf 86' lang='lat' dir='ltr'><strong>inutilis</strong></span> <span class='ocrx_word' id='word_1_214' title='bbox 712 3140 795 3199; x_wconf 89' lang='lat' dir='ltr'><strong>esset</strong></span> <span class='ocrx_word' id='word_1_215' title='bbox 810 3129 997 3220; x_wconf 87' lang='lat' dir='ltr'><strong>prohibitio,</strong></span> <span class='ocrx_word' id='word_1_216' title='bbox 1022 3140 1057 3200; x_wconf 91' lang='lat' dir='ltr'><strong>ut</strong></span> <span class='ocrx_word' id='word_1_217' title='bbox 1072 3142 1282 3220; x_wconf 78' lang='lat' dir='ltr'><strong>argumentu-</strong></span> 
     </span>
     <span class='ocr_line' id='line_1_26' title="bbox 167 3237 1180 3330; baseline 0 -24"><span class='ocrx_word' id='word_1_218' title='bbox 167 3266 185 3306; x_wconf 81' lang='grc' dir='ltr'><strong>ιι</strong></span> <span class='ocrx_word' id='word_1_219' title='bbox 208 3241 341 3319; x_wconf 77' lang='lat' dir='ltr'><strong>bemur3</strong></span> <span class='ocrx_word' id='word_1_220' title='bbox 358 3260 449 3328; x_wconf 79' lang='lat' dir='ltr'><strong>ergo.</strong></span> <span class='ocrx_word' id='word_1_221' title='bbox 468 3263 484 3303; x_wconf 81' lang='lat' dir='ltr'><strong>o</strong></span> <span class='ocrx_word' id='word_1_222' title='bbox 504 3239 564 3329; x_wconf 67' lang='lat' dir='ltr'><strong>(De</strong></span> <span class='ocrx_word' id='word_1_223' title='bbox 578 3237 728 3328; x_wconf 74' lang='lat' dir='ltr'><strong>Lepidus,</strong></span> <span class='ocrx_word' id='word_1_224' title='bbox 747 3237 803 3304; x_wconf 89' lang='lat' dir='ltr'><strong>lib.</strong></span> <span class='ocrx_word' id='word_1_225' title='bbox 823 3241 855 3322; x_wconf 89' lang='grc'><strong>7,</strong></span> <span class='ocrx_word' id='word_1_226' title='bbox 871 3259 899 3305; x_wconf 92' lang='lat' dir='ltr'><strong>c.</strong></span> <span class='ocrx_word' id='word_1_227' title='bbox 914 3261 984 3320; x_wconf 81' lang='lat' dir='ltr'><strong>xix,</strong></span> <span class='ocrx_word' id='word_1_228' title='bbox 1000 3261 1093 3308; x_wconf 89' lang='lat' dir='ltr'><strong>num.</strong></span> <span class='ocrx_word' id='word_1_229' title='bbox 1113 3240 1180 3330; x_wconf 83' lang='lat'>19.)</span> 
     </span>
    </p>

    <p class='ocr_par' dir='ltr' id='par_1_4' title="bbox 164 3345 1283 4302">
     <span class='ocr_line' id='line_1_27' title="bbox 208 3345 1283 3436; baseline 0.002 -22"><span class='ocrx_word' id='word_1_230' title='bbox 208 3349 250 3414; x_wconf 87' lang='lat'><strong>11.</strong></span> <span class='ocrx_word' id='word_1_231' title='bbox 282 3345 454 3414; x_wconf 82' lang='lat' dir='ltr'><strong>Sententia</strong></span> <span class='ocrx_word' id='word_1_232' title='bbox 482 3365 617 3436; x_wconf 77' lang='lat' dir='ltr'><strong>nepam.</strong></span> <span class='ocrx_word' id='word_1_233' title='bbox 645 3381 690 3396; x_wconf 95' lang='lat'>—</span> <span class='ocrx_word' id='word_1_234' title='bbox 715 3345 810 3414; x_wconf 88' lang='lat' dir='ltr'><strong>lllsm</strong></span> <span class='ocrx_word' id='word_1_235' title='bbox 839 3345 1090 3436; x_wconf 77' lang='lat' dir='ltr'><strong>probabiliorem</strong></span> <span class='ocrx_word' id='word_1_236' title='bbox 1119 3348 1283 3417; x_wconf 82' lang='lat' dir='ltr'><strong>existimet</strong></span> 
     </span>
     <span class='ocr_line' id='line_1_28' title="bbox 164 3451 1281 3545; baseline -0.001 -20"><span class='ocrx_word' id='word_1_237' title='bbox 164 3455 297 3539; x_wconf 78' lang='lat' dir='ltr'><strong>Sueten,</strong></span> <span class='ocrx_word' id='word_1_238' title='bbox 315 3461 347 3520; x_wconf 90' lang='lat' dir='ltr'><strong>et</strong></span> <span class='ocrx_word' id='word_1_239' title='bbox 360 3454 405 3520; x_wconf 87' lang='lat' dir='ltr'><strong>sio</strong></span> <span class='ocrx_word' id='word_1_240' title='bbox 419 3453 562 3520; x_wconf 83' lang='lat' dir='ltr'><strong>defundit</strong></span> <span class='ocrx_word' id='word_1_241' title='bbox 578 3479 585 3519; x_wconf 94' lang='lat'>:</span> <span class='ocrx_word' id='word_1_242' title='bbox 604 3451 708 3521; x_wconf 78' lang='lat' dir='ltr'><strong>«Non</strong></span> <span class='ocrx_word' id='word_1_243' title='bbox 724 3452 870 3520; x_wconf 77' lang='lat' dir='ltr'><strong>obstante</strong></span> <span class='ocrx_word' id='word_1_244' title='bbox 884 3453 940 3520; x_wconf 84' lang='lat' dir='ltr'><strong>tuli</strong></span> <span class='ocrx_word' id='word_1_245' title='bbox 955 3453 1173 3543; x_wconf 89' lang='lat' dir='ltr'><strong>prohibitione</strong></span> <span class='ocrx_word' id='word_1_246' title='bbox 1186 3455 1281 3545; x_wconf 78' lang='lat' dir='ltr'><strong>legis,</strong></span> 
     </span>
     <span class='ocr_line' id='line_1_29' title="bbox 170 3560 1282 3654; baseline 0.003 -25"><span class='ocrx_word' id='word_1_247' title='bbox 170 3590 187 3629; x_wconf 88' lang='grc' dir='ltr'><strong>ιι</strong></span> <span class='ocrx_word' id='word_1_248' title='bbox 210 3569 315 3654; x_wconf 91' lang='lat' dir='ltr'><strong>potest</strong></span> <span class='ocrx_word' id='word_1_249' title='bbox 338 3560 537 3630; x_wconf 86' lang='lat' dir='ltr'><strong>consuetudo</strong></span> <span class='ocrx_word' id='word_1_250' title='bbox 562 3562 764 3651; x_wconf 82' lang='lat' dir='ltr'><strong>subsequens</strong></span> <span class='ocrx_word' id='word_1_251' title='bbox 789 3582 855 3629; x_wconf 93' lang='lat' dir='ltr'><strong>non</strong></span> <span class='ocrx_word' id='word_1_252' title='bbox 876 3583 945 3628; x_wconf 86' lang='lat' dir='ltr'><strong>esse</strong></span> <span class='ocrx_word' id='word_1_253' title='bbox 973 3561 1217 3651; x_wconf 75' lang='lat' dir='ltr'><strong>irrationabilis,</strong></span> <span class='ocrx_word' id='word_1_254' title='bbox 1245 3576 1282 3632; x_wconf 89' lang='lat' dir='ltr'><strong>ut</strong></span> 
     </span>
     <span class='ocr_line' id='line_1_30' title="bbox 169 3667 1283 3764; baseline 0.004 -28"><span class='ocrx_word' id='word_1_255' title='bbox 169 3669 430 3755; x_wconf 77' lang='lat' dir='ltr'><strong>«ostendimus3</strong></span> <span class='ocrx_word' id='word_1_256' title='bbox 447 3670 615 3759; x_wconf 80' lang='lat' dir='ltr'><strong>supposita</strong></span> <span class='ocrx_word' id='word_1_257' title='bbox 642 3690 720 3737; x_wconf 86' lang='lat' dir='ltr'><strong>vero</strong></span> <span class='ocrx_word' id='word_1_258' title='bbox 754 3669 814 3736; x_wconf 83' lang='lat' dir='ltr'><strong>hnc</strong></span> <span class='ocrx_word' id='word_1_259' title='bbox 841 3667 1025 3738; x_wconf 89' lang='lat' dir='ltr'><strong>conditione</strong></span> <span class='ocrx_word' id='word_1_260' title='bbox 1054 3671 1146 3739; x_wconf 85' lang='lat' dir='ltr'><strong>facile</strong></span> <span class='ocrx_word' id='word_1_261' title='bbox 1179 3682 1283 3764; x_wconf 85' lang='lat' dir='ltr'><strong>potest</strong></span> 
     </span>
     <span class='ocr_line' id='line_1_31' title="bbox 167 3775 1282 3872; baseline 0.004 -28"><span class='ocrx_word' id='word_1_262' title='bbox 167 3805 185 3844; x_wconf 79' lang='lat' dir='ltr'><strong>c</strong></span> <span class='ocrx_word' id='word_1_263' title='bbox 207 3777 344 3868; x_wconf 80' lang='lat' dir='ltr'><strong>adjungi</strong></span> <span class='ocrx_word' id='word_1_264' title='bbox 367 3777 467 3844; x_wconf 83' lang='lat' dir='ltr'><strong>ultore</strong></span> <span class='ocrx_word' id='word_1_265' title='bbox 491 3776 531 3844; x_wconf 88' lang='lat' dir='ltr'><strong>de</strong></span> <span class='ocrx_word' id='word_1_266' title='bbox 547 3777 701 3866; x_wconf 89' lang='lat' dir='ltr'><strong>temporis</strong></span> <span class='ocrx_word' id='word_1_267' title='bbox 725 3795 837 3862; x_wconf 89' lang='lat' dir='ltr'><strong>cursu,</strong></span> <span class='ocrx_word' id='word_1_268' title='bbox 864 3775 1033 3867; x_wconf 85' lang='lat' dir='ltr'><strong>vetusque</strong></span> <span class='ocrx_word' id='word_1_269' title='bbox 1051 3779 1282 3872; x_wconf 80' lang='lat' dir='ltr'><strong>adpraesorip-</strong></span> 
     </span>
     <span class='ocr_line' id='line_1_32' title="bbox 167 3885 1282 3979; baseline 0.005 -25"><span class='ocrx_word' id='word_1_270' title='bbox 167 3889 343 3972; x_wconf 80' lang='lat' dir='ltr'><strong>ctionem,</strong></span> <span class='ocrx_word' id='word_1_271' title='bbox 365 3889 601 3956; x_wconf 84' lang='lat' dir='ltr'><strong>interveniente</strong></span> <span class='ocrx_word' id='word_1_272' title='bbox 627 3886 812 3974; x_wconf 76' lang='lat' dir='ltr'><strong>ignorantie</strong></span> <span class='ocrx_word' id='word_1_273' title='bbox 830 3885 1004 3976; x_wconf 85' lang='lat' dir='ltr'><strong>Principis,</strong></span> <span class='ocrx_word' id='word_1_274' title='bbox 1032 3887 1085 3954; x_wconf 85' lang='lat' dir='ltr'><strong>vel</strong></span> <span class='ocrx_word' id='word_1_275' title='bbox 1108 3911 1209 3979; x_wconf 87' lang='lat' dir='ltr'><strong>usque</strong></span> <span class='ocrx_word' id='word_1_276' title='bbox 1240 3893 1282 3960; x_wconf 82' lang='lat' dir='ltr'><strong>ud</strong></span> 
     </span>
     <span class='ocr_line' id='line_1_33' title="bbox 166 3995 1281 4091; baseline 0.004 -27"><span class='ocrx_word' id='word_1_277' title='bbox 166 4025 185 4064; x_wconf 86' lang='grc' dir='ltr'><strong>ιι</strong></span> <span class='ocrx_word' id='word_1_278' title='bbox 207 3996 418 4066; x_wconf 79' lang='lat' dir='ltr'><strong>indicendum</strong></span> <span class='ocrx_word' id='word_1_279' title='bbox 459 3995 656 4064; x_wconf 86' lang='lat' dir='ltr'><strong>sufficienter</strong></span> <span class='ocrx_word' id='word_1_280' title='bbox 704 3997 903 4064; x_wconf 81' lang='lat' dir='ltr'><strong>voluntatem</strong></span> <span class='ocrx_word' id='word_1_281' title='bbox 951 3997 1077 4064; x_wconf 75' lang='lat' dir='ltr'><strong>tacitum</strong></span> <span class='ocrx_word' id='word_1_282' title='bbox 1119 3997 1281 4091; x_wconf 85' lang='lat' dir='ltr'><strong>Principis</strong></span> 
     </span>
     <span class='ocr_line' id='line_1_34' title="bbox 167 4103 1281 4197; baseline 0.004 -25"><span class='ocrx_word' id='word_1_283' title='bbox 167 4107 338 4174; x_wconf 73' lang='lat' dir='ltr'><strong>«scientis</strong></span> <span class='ocrx_word' id='word_1_284' title='bbox 362 4114 394 4172; x_wconf 91' lang='lat' dir='ltr'><strong>et</strong></span> <span class='ocrx_word' id='word_1_285' title='bbox 417 4104 585 4174; x_wconf 81' lang='lat' dir='ltr'><strong>tolerantis</strong></span> <span class='ocrx_word' id='word_1_286' title='bbox 610 4103 878 4173; x_wconf 87' lang='lat' dir='ltr'><strong>consuetudinem</strong></span> <span class='ocrx_word' id='word_1_287' title='bbox 906 4114 942 4172; x_wconf 89' lang='lat' dir='ltr'><strong>ut</strong></span> <span class='ocrx_word' id='word_1_288' title='bbox 968 4107 1067 4172; x_wconf 85' lang='lat' dir='ltr'><strong>etium</strong></span> <span class='ocrx_word' id='word_1_289' title='bbox 1093 4115 1142 4172; x_wconf 83' lang='lat' dir='ltr'><strong>est</strong></span> <span class='ocrx_word' id='word_1_290' title='bbox 1162 4128 1221 4197; x_wconf 88' lang='lat' dir='ltr'><strong>per</strong></span> <span class='ocrx_word' id='word_1_291' title='bbox 1247 4131 1281 4176; x_wconf 89' lang='lat' dir='ltr'><strong>se</strong></span> 
     </span>
     <span class='ocr_line' id='line_1_35' title="bbox 168 4211 1282 4302; baseline -0.002 -14"><span class='ocrx_word' id='word_1_292' title='bbox 168 4240 187 4288; x_wconf 83' lang='grc' dir='ltr'><strong>ιι</strong></span> <span class='ocrx_word' id='word_1_293' title='bbox 209 4213 458 4284; x_wconf 75' lang='lat' dir='ltr'><strong>menifestum...</strong></span> <span class='ocrx_word' id='word_1_294' title='bbox 484 4213 571 4302; x_wconf 77' lang='lat' dir='ltr'><strong>Ergo</strong></span> <span class='ocrx_word' id='word_1_295' title='bbox 595 4213 704 4280; x_wconf 83' lang='lat' dir='ltr'><strong>intuli</strong></span> <span class='ocrx_word' id='word_1_296' title='bbox 725 4211 960 4282; x_wconf 86' lang='lat' dir='ltr'><strong>consuetudine</strong></span> <span class='ocrx_word' id='word_1_297' title='bbox 979 4213 1076 4280; x_wconf 87' lang='lat' dir='ltr'><strong>bsbet</strong></span> <span class='ocrx_word' id='word_1_298' title='bbox 1091 4213 1211 4300; x_wconf 89' lang='lat' dir='ltr'><strong>locum,</strong></span> <span class='ocrx_word' id='word_1_299' title='bbox 1231 4217 1282 4286; x_wconf 86' lang='lat' dir='ltr'><strong>vel</strong></span> 
     </span>
    </p>
   </div>
   <div class='ocr_carea' id='block_1_4' title="bbox 0 0 1542 4948">
    <p class='ocr_par' dir='ltr' id='par_1_5' title="bbox 0 0 1542 4948">
     <span class='ocr_line' id='line_1_36' title="bbox 0 0 1542 4948; baseline 0 0"><span class='ocrx_word' id='word_1_300' title='bbox 0 0 1542 4948; x_wconf 95' lang='lat' dir='ltr'><strong> </strong></span> 
     </span>
    </p>
   </div>
  </div>
 </body>
</html>
