3068 4948
548 491 629 537 suuis
651 491 800 538 csuourcr.
1167 468 1227 532 313

163 629 362 700 Universitas
388 629 459 722 ipsa
485 631 689 717 Parisiensis,
717 651 791 721 quae
820 627 997 720 aliquando
1023 627 1119 697 devia
1143 635 1232 696 tanta

112 739 321 808 contentione
341 737 466 807 studuit
486 737 720 808 beneficiorum
740 736 946 805 collationem
962 759 979 804 e
999 737 1150 805 manibus
1164 736 1232 804 Ro-

115 847 208 915 mani
231 845 396 915 Pontificio
418 847 555 939 eripere,
581 846 669 915 illem
693 845 791 937 Papae
813 852 1002 934 potestatem
1023 866 1089 914 non
1107 851 1232 914 tentum

114 966 309 1046 agnoverat,
332 953 388 1024 scd
410 965 442 1023 et
464 979 551 1049 sape
575 954 828 1048 imploraverat:
856 953 941 1022 inter
963 954 1065 1023 multa
1085 954 1235 1050 exempla

116 1061 306 1155 hujusmodi
342 1085 493 1132 recursus
528 1086 593 1155 quo
622 1061 815 1131 Parisiensis
848 1061 1049 1130 Universitas
1079 1061 1234 1136 memhris

116 1173 187 1241 sois
210 1195 229 1238 a
249 1171 337 1264 Papa
358 1171 498 1240 conteni
519 1171 678 1240 beneficia
700 1171 901 1264 procuravit,
928 1192 1030 1238 unum
1051 1168 1233 1237 citabimus.

116 1282 263 1351 Porreoti
290 1289 367 1349 sunt
392 1281 578 1351 MartinoV
601 1305 620 1350 a
641 1281 726 1348 dicta
746 1278 965 1350 Universitate
987 1279 1072 1346 varii
1093 1278 1234 1364 articuli,

118 1393 206 1461 inter
227 1415 309 1485 qnos
332 1393 378 1460 sic
398 1391 506 1484 legere
527 1403 621 1462 orat:
649 1396 743 1474 ltern,
769 1415 843 1462 cnm
865 1390 1015 1460 nonnulli
1037 1389 1181 1460 doctores
1206 1400 1236 1456 et

119 1500 275 1590 maqistri
300 1501 505 1593 infrascripti
532 1525 553 1569 a
582 1501 768 1570 Sanctitate
794 1503 903 1568 Vestra
923 1500 1050 1590 qratias
1069 1510 1236 1590 exspecta-

119 1609 212 1676 uiuas
234 1607 446 1690 obtinuerint,
470 1609 507 1676 in
525 1611 638 1701 primo
661 1623 691 1678 ct
708 1609 895 1701 principali
914 1609 1022 1677 rotulo
1042 1606 1138 1676 dicta
1157 1607 1239 1674 Uni-

121 1717 284 1786 versitatis
312 1739 375 1808 per
409 1717 628 1786 sanctitatem
665 1720 810 1785 Vestram
836 1717 895 1786 sub
924 1716 1005 1786 data
1038 1721 1055 1784 t
1083 1715 1239 1784 kalendas

116 1823 283 1916 februarii
300 1847 387 1892 anno
402 1825 517 1914 primo
536 1825 676 1915 siqnato,
699 1825 815 1916 quibus
832 1825 942 1916 oiqore
957 1823 1146 1894 eorumdem
1159 1845 1238 1914 qra-

121 1932 248 2000 tiarnm
272 1930 311 2000 de
332 1931 491 2022 benefieiis
513 1932 731 2001 ecclesiastices
753 1933 888 2002 minime
907 1932 1079 2026 provisum
1101 1931 1237 2010 exstitit,

121 2039 278 2131 diqnetur
310 2041 477 2108 Sanctitas
516 2043 627 2108 Vestra
662 2041 781 2110 endem
815 2041 997 2123 concedere,
1031 2041 1120 2133 qnod
1146 2039 1240 2108 dictis

121 2148 241 2238 qratiis
263 2148 314 2215 nti
336 2161 366 2216 et
390 2148 534 2238 qaudere
555 2149 687 2216 ualeant
710 2171 778 2217 nna
799 2171 874 2216 nrm
896 2149 1014 2239 qratiis
1035 2149 1242 2239 inpraesenti

122 2257 232 2325 rotulo
253 2279 316 2347 per
348 2256 568 2324 Sanctitatem
603 2260 762 2338 Vestram,
795 2271 832 2325 nt
859 2279 1039 2348 speramus,
1068 2255 1236 2348 faciendis.

122 2365 186 2434 Cui
206 2365 346 2433 articulo
368 2364 455 2456 Papa
477 2363 642 2457 respondit
664 2394 670 2433 :
699 2366 775 2433 Fiat
790 2387 856 2457 pro
881 2365 1044 2451 omnibns,
1071 2376 1102 2432 et
1124 2363 1240 2456 quibus

122 2497 187 2540 non
209 2485 255 2540 est
273 2473 456 2564 prouisum.
478 2513 522 2526 -
546 2477 669 2543 Datum
694 2478 816 2554 Rome,
843 2497 929 2541 anno
956 2475 1054 2559 llll,
1079 2477 1119 2540 25
1143 2472 1236 2551 maii,

123 2582 341 2672 Pontificatns
371 2583 508 2673 prefati
541 2583 677 2651 Domini
711 2582 816 2649 nostri
848 2585 949 2673 Papa
983 2603 1070 2648 anno
1104 2581 1241 2672 septimo

126 2690 283 2781 (Historia
302 2689 530 2758 Universitatis
549 2690 754 2777 parisiensis,
778 2698 801 2756 t.
817 2689 861 2777 V,
883 2690 967 2758 circa
985 2711 1108 2758 annum
1127 2687 1238 2780 llll).

168 2798 228 2867 lus
253 2796 333 2864 illud
356 2797 496 2866 Romani
519 2797 688 2867 Pontificis
706 2799 882 2889 ipsummet
895 2797 1078 2866 Besileensc
1092 2796 1243 2866 concilia·

124 2905 241 2974 bulum
263 2925 382 2994 negare
402 2913 457 2973 ant
480 2905 638 2997 impedire
654 2928 719 2973 non
737 2913 920 2974 ostensum
943 2932 950 2972 :
977 2907 1051 2973 Non
1065 2918 1175 2973 tamen
1189 2909 1244 2972 in-

125 3013 231 3082 tendit
249 3013 424 3102 prohibere
449 3013 518 3082 lec
541 3025 656 3082 sancta
677 3013 819 3105 synodus
842 3014 903 3081 loc
920 3014 1079 3105 presenti
1103 3012 1239 3093 decreto,

125 3121 302 3213 quominus
319 3122 431 3213 littori
454 3121 596 3190 Rotnani
617 3122 787 3212 Pontifices
809 3134 953 3210 tempore
962 3122 1179 3213 pontificatus
1193 3123 1245 3188 sui

126 3229 225 3298 modo
244 3229 373 3298 honesto
394 3243 425 3298 et
442 3231 649 3298 conueniente
667 3228 706 3298 de
723 3253 787 3298 uno
809 3229 957 3321 beneficio
977 3227 1024 3298 nd
1036 3228 1243 3298 collationem

126 3341 161 3408 in
191 3361 258 3430 qua
281 3341 408 3429 fiterint
436 3337 544 3408 decem
574 3339 739 3429 beneficia,
772 3351 802 3406 et
827 3338 867 3407 de
891 3337 1016 3406 dnobus
1042 3337 1099 3406 ubi
1120 3337 1243 3428 firnint

126 3448 367 3540 quinquaqinta
388 3461 419 3516 et
440 3449 541 3529 ultra,
566 3448 783 3541 disponant...
811 3451 921 3539 Neque
941 3447 1041 3516 etiam
1057 3446 1244 3516 collationes

122 3577 185 3649 per
202 3559 463 3649 precationem
482 3557 609 3650 fiendas
633 3556 775 3625 intendit
798 3554 957 3648 impedire
981 3555 1080 3646 (Sese.
1106 3559 1159 3642 31,
1183 3554 1244 3623 de-

128 3673 206 3734 cret.
226 3663 265 3731 de
281 3663 450 3734 collatione
464 3665 629 3755 benetie).
651 3664 791 3732 Acribus
806 3662 938 3754 quidem
954 3670 985 3730 et
997 3662 1118 3754 justam
1135 3661 1246 3730 mode-

130 3773 287 3840 rationem
314 3773 447 3840 minimc
472 3771 693 3841 redolentibus
718 3770 827 3838 verbis
854 3770 888 3836 in
915 3770 1035 3860 gratias
1057 3768 1247 3861 apostolicas

129 3903 203 3971 qna.
230 3881 455 3971 exspectasne
476 3880 667 3948 dicebantur
691 3879 866 3946 insectatus
887 3886 936 3945 est
957 3877 1093 3946 celebris
1107 3879 1244 3964 Gomon,

132 3989 182 4056 vir
203 3987 373 4075 doctrina,
396 3998 432 4058 ut
448 3997 563 4058 notttnt
580 3999 639 4074 eat,
657 4010 721 4056 non
737 3986 866 4055 levibus
882 3987 1048 4055 erroribus
1062 3987 1244 4056 maculate.

134 4097 175 4164 At
201 4119 279 4164 vero
302 4096 381 4189 quid
403 4096 443 4166 de
467 4121 620 4189 supremo
642 4098 716 4189 jure
737 4097 877 4165 Romani
902 4096 1066 4165 Pontificio
1089 4097 1124 4163 in
1147 4097 1260 4164 bene--

136 4203 207 4271 licia
232 4212 265 4272 ct
288 4203 327 4271 de
353 4205 423 4296 ejus
451 4213 604 4297 potestate
630 4203 740 4274 eadem
769 4203 977 4298 dispensandi
1004 4204 1150 4290 senserit,
1180 4205 1247 4297 ipsc
