3064 4952
333 515 394 578 tot
684 533 858 582 reimarus
880 537 918 582 na
941 534 1093 581 uniuersus

329 672 369 738 ab
395 671 505 764 aliqua
530 672 676 764 plenaria
702 674 828 766 synodo
856 674 1016 744 sancitum
1045 673 1253 766 disciplinare
1265 673 1454 762 decretum,

330 777 417 872 qnod
437 781 568 850 firmare
582 790 707 850 recuset
729 804 878 850 summus
898 783 1049 854 Pontifex
1069 782 1244 874 :gallicani
1264 783 1459 874 systematis

329 897 504 982 patronum
540 889 586 957 sic
617 888 816 982 alloquimur
846 919 853 960 :
885 892 939 961 lcx
970 891 1027 960 illa
1059 890 1223 981 obligatnc
1259 891 1456 960 universam

329 999 530 1070 Ecclesiam‘l
547 1037 591 1051 -
610 998 705 1089 Ego,
731 999 860 1092 inquit,
883 999 1041 1068 concludo
1066 999 1223 1089 obligare.
1245 1039 1290 1052 -
1304 999 1382 1068 Esto
1412 1007 1459 1068 tu

328 1108 522 1186 concludas;
547 1117 581 1177 at
604 1106 767 1200 quomodo
787 1107 972 1177 concludis?
998 1107 1168 1200 Tanquam
1183 1107 1304 1199 dogma
1318 1109 1359 1176 ab
1374 1129 1459 1176 om-

328 1222 428 1292 nibus
450 1243 490 1289 ex
510 1216 703 1287 conscientia
725 1216 920 1299 tenendum,
946 1214 1163 1308 anteaquam
1188 1217 1459 1288 libcraecontro—

328 1329 445 1402 versiae
470 1328 694 1421 permissum?
717 1364 763 1378 -
790 1326 906 1396 Fateor
937 1325 1139 1396 contrarium
1175 1325 1347 1394 sentientes
1380 1349 1458 1396 non

328 1436 494 1508 habendos
513 1458 583 1504 essa
604 1443 760 1528 tanquam
776 1435 817 1504 ab
832 1435 974 1504 Ecclesia
997 1435 1179 1522 damnatos,
1202 1441 1233 1502 ct
1245 1457 1340 1528 posse
1354 1457 1458 1504 com-

328 1545 517 1614 munionem
542 1566 617 1612 cnm
641 1542 707 1611 illis
728 1543 866 1615 servari.
896 1543 961 1612 Res
981 1543 1069 1614 enim
1096 1542 1136 1611 de
1150 1543 1368 1614 controversis
1383 1552 1450 1613 cst.

329 1653 505 1724 -Gratias
519 1650 653 1744 quidem
668 1651 851 1742 gallicanis,
867 1652 955 1744 qnod
976 1652 1080 1722 vclint
1093 1653 1356 1722 communionem
1370 1675 1455 1722 cum

327 1765 476 1833 Romana
492 1759 636 1832 Ecclesia
657 1767 690 1828 ct
713 1760 839 1852 reliquo
862 1760 941 1829 orbe
966 1761 1123 1830 catholico
1147 1761 1347 1830 contrarium
1368 1784 1455 1830 scn-

326 1870 426 1940 tiente
445 1890 574 1937 servare
592 1894 599 1936 :
618 1877 650 1936 at
661 1868 690 1935 si
704 1867 797 1937 liceat
809 1867 844 1937 in
860 1869 1115 1938 controversiam
1129 1869 1289 1939 adducere
1303 1877 1454 1960 potcsta—

326 1987 406 2065 tem,
421 2001 495 2070 quaa
509 1976 613 2067 legem
628 1976 736 2065 edicit,
754 1977 918 2068 quomodo
931 2000 998 2047 non
1014 1977 1122 2064 vides,
1139 1979 1173 2045 in
1191 1979 1452 2047 controversiam

327 2086 389 2155 hoc
416 2087 487 2178 ipso
507 2084 626 2155 adduci
648 2084 733 2154 licite
756 2107 850 2177 possa
878 2086 982 2178 ipsius
1004 2086 1084 2176 legis
1108 2083 1153 2153 sic
1179 2083 1252 2154 latae
1279 2085 1452 2175 obligandi

326 2195 417 2264 vim?
442 2193 479 2263 Si
505 2192 596 2262 nulla
623 2192 720 2262 inerit
744 2193 925 2283 legislativa
945 2200 1100 2284 potestas,
1130 2192 1220 2262 nulla
1244 2193 1287 2261 sit
1312 2193 1365 2261 lex
1389 2216 1451 2261 ne-

326 2324 411 2371 cesse
435 2308 483 2370 est
501 2329 508 2368 :
525 2301 554 2368 si
580 2299 680 2369 dubia
700 2300 771 2369 haec
790 2300 902 2370 eadem
917 2309 1080 2394 potestas,
1097 2311 1128 2370 et
1140 2301 1242 2372 dubia
1256 2301 1361 2392 legem
1376 2325 1449 2370 ser-

325 2407 424 2478 vandi
438 2407 603 2498 obligatio.
623 2408 758 2477 Incertis
778 2418 886 2478 autam
908 2417 938 2478 et
957 2408 1065 2479 dubiis
1078 2406 1331 2499 obligationibus
1348 2431 1449 2478 nemo

327 2543 395 2588 sese
420 2518 582 2610 subjicere
606 2526 745 2587 tenetur.
775 2520 880 2610 Ergo,
897 2529 927 2588 te
941 2520 1037 2588 etiam
1051 2519 1188 2606 latente,
1204 2518 1291 2586 licite
1306 2519 1448 2612 quisque

324 2627 442 2719 poterit
466 2625 571 2715 legem
597 2628 805 2695 oecumenicae
839 2627 980 2718 synodi,
1009 2649 1142 2695 assensu
1175 2626 1347 2696 Pontificio
1379 2651 1446 2696 non
1530 2669 1531 2710 t

325 2731 579 2819 communitam,
608 2755 667 2825 pro
696 2734 787 2802 nulla
816 2733 945 2804 habero.
978 2734 1085 2824 Ergo,
1113 2733 1211 2824 juxta
1230 2742 1324 2803 tuum
1348 2735 1448 2803 etiam

325 2851 489 2933 systema,
522 2841 723 2910 oecumenica
751 2842 896 2933 synodus
922 2843 1043 2934 absque
1069 2841 1155 2910 dicto
1184 2842 1307 2911 summi
1333 2843 1445 2911 Ponti·

327 2949 397 3017 ficis
421 2948 559 3040 placito,
587 2947 716 3018 nullum
741 2949 869 3040 legibus
897 2951 966 3018 suis
992 2951 1109 3041 poterit
1124 2947 1253 3019 fidelem
1269 2950 1384 3040 ligare.
1407 2951 1448 3019 Et
1529 3019 1530 3048 ,

326 3055 489 3148 quomodo
509 3077 576 3124 non
600 3055 692 3126 vides
716 3055 778 3127 hoc
799 3058 885 3127 idcm
909 3079 999 3146 esse,
1016 3079 1054 3126 ac
1079 3056 1242 3150 synodum
1268 3061 1447 3128 oecumcni-

326 3185 398 3233 cam
413 3215 422 3249 ,
445 3171 606 3254 quatenus
623 3163 721 3256 Papae
740 3165 931 3234 anctoritate
956 3164 1168 3250 destitutam,
1185 3187 1246 3256 pro
1259 3165 1350 3235 fonte
1361 3166 1447 3258 juris

325 3271 472 3341 canonici
485 3293 691 3364 nequaquam
707 3295 776 3342 csse
792 3272 997 3344 habendam?

369 3379 636 3450 Concludendum
662 3402 741 3470 crgo
766 3389 955 3473 potestatem
977 3380 1211 3471 legislativum,
1239 3383 1446 3452 oscumcnicae

325 3489 443 3582 synodi
467 3490 650 3582 propriam,
676 3513 746 3558 essc
767 3491 940 3582 ipsammet
961 3490 1082 3560 summi
1108 3491 1276 3560 Pontificis
1290 3490 1447 3581 legislati-
1527 3561 1528 3564 ,

324 3620 401 3667 vam
427 3605 635 3690 potestatem3
666 3621 726 3667 nec
756 3598 888 3668 differre
912 3600 1018 3690 legem
1050 3621 1109 3692 per
1132 3600 1240 3668 solnm
1256 3600 1445 3672 Romanum

325 3704 518 3774 Pontificem
544 3706 644 3775 latam
662 3729 682 3774 a
700 3707 771 3797 lege
794 3730 892 3798 qnam
914 3707 1016 3776 sancit
1030 3709 1065 3776 in
1081 3707 1217 3776 concilio
1230 3711 1444 3796 oecumenico,

325 3842 367 3888 cx
392 3842 430 3889 eo
449 3819 552 3910 capite
577 3815 666 3909 quod
685 3816 809 3885 alonte
829 3813 957 3885 diverso
977 3813 1102 3883 oriatur
1112 3841 1122 3902 3
1139 3813 1195 3883 sed
1208 3823 1335 3884 tantum
1351 3839 1394 3886 ex
1410 3839 1446 3885 co
1525 3859 1527 3905 ,

324 3929 412 4020 qnod
430 3929 466 3996 in
493 3926 599 4019 priori
612 3948 689 3994 casn
712 3947 884 4018 supremus
909 3924 1061 3994 Ecclesia
1088 3932 1198 4016 pastor
1218 3947 1276 4016 per
1290 3947 1325 3993 se
1339 3925 1445 3996 solum

324 4048 479 4130 tanquam
506 4034 658 4117 Ecclesia
679 4043 775 4125 capnt
795 4035 850 4126 jus
868 4033 1037 4120 decernat,
1061 4035 1095 4102 in
1114 4035 1286 4124 posteriori
1305 4057 1386 4104 vero
1402 4038 1446 4104 si·
1526 4039 1527 4078 l

324 4145 394 4213 mnl
424 4167 499 4214 cnm
528 4164 588 4211 sno
617 4163 763 4233 corpore.
789 4142 878 4210 ldem
905 4141 1007 4231 igitur
1029 4141 1118 4222 lons;
1146 4143 1296 4212 diversus
1317 4150 1444 4212 tantum

322 4251 477 4322 manendi
495 4250 621 4321 modus.
1183 4267 1186 4272 “
