3050 4946
309 429 369 498 tut
658 449 831 497 reserares
853 449 892 494 nn
914 449 1068 496 carneuna

303 603 350 663 est
376 601 412 662 ut
432 594 562 684 singula
579 594 725 662 membra
740 592 837 660 fidem
854 613 1059 662 communem
1076 592 1244 685 recipiant,
1265 615 1331 662 non
1351 594 1417 662 im-

304 705 443 772 mediate
472 727 491 772 a
520 705 600 792 Deo,
639 704 696 772 sed
725 727 745 772 a
773 701 952 771 ministerio
988 701 1129 793 quodam
1164 704 1307 770 societati
1335 727 1418 794 pro-

300 812 418 902 posito,
449 818 481 879 et
505 832 618 879 omnes
648 808 754 902 quoad
782 808 880 877 fidem
908 816 1050 898 regente.
1078 808 1180 878 Porro
1203 816 1240 878 ut
1259 809 1321 878 boc
1344 810 1418 878 fieri

300 919 415 1010 possit,
445 917 540 988 debet
567 918 785 986 ministerium
815 912 903 984 istud
916 937 984 984 esse
1009 915 1148 1004 visibile,
1174 917 1219 985 ita
1243 926 1279 984 nt
1305 918 1418 1008 etqui

296 1027 365 1118 jam
397 1036 473 1096 sunt
502 1027 654 1112 Ecclesia,
679 1027 790 1116 etqui
817 1033 893 1094 snut
920 1033 1024 1110 extra,
1056 1024 1179 1116 possint
1207 1047 1417 1095 communem

299 1135 478 1203 doctrinam
512 1133 764 1202 aministcriali
798 1132 987 1200 auctoritate
1017 1131 1072 1198 illa
1106 1131 1258 1200 traditam
1291 1141 1414 1220 tenere,
1510 1169 1511 1180 ¹

298 1255 330 1312 et
356 1247 402 1314 sic
437 1245 620 1314 societatem
651 1243 835 1333 religiosam
873 1241 1001 1331 ingredi
1030 1249 1062 1310 et
1091 1241 1238 1334 ejusdem
1268 1243 1418 1312 membra

301 1353 396 1421 effici.

341 1462 416 1530 Vll.
444 1461 606 1529 Probatur
631 1483 672 1528 ex
698 1483 737 1528 eo
765 1459 852 1551 quod
880 1460 1024 1528 Ecclesia
1050 1460 1091 1526 sit
1117 1459 1286 1550 usquead
1314 1457 1415 1528 finem

296 1569 411 1637 mundi
436 1569 611 1638 duratura.
628 1569 769 1637 —Nam
795 1591 869 1636 cum
894 1567 1043 1635 homines
1065 1567 1185 1657 quibus
1204 1573 1329 1634 constat
1344 1591 1416 1635 mo·

297 1677 436 1762 riantur,
461 1699 590 1744 necesse
614 1685 663 1744 est
685 1683 721 1744 ut
741 1676 841 1767 possit
863 1675 943 1744 alios
964 1683 1060 1766 atque
1088 1674 1168 1742 alios
1194 1681 1352 1765 perpetuo
1381 1676 1415 1742 in

294 1786 402 1854 sinum
427 1808 525 1853 snum
546 1785 718 1852 induceret
742 1785 886 1875 alioquin
912 1784 1045 1852 societas
1066 1781 1122 1850 illa
1146 1782 1276 1873 periret.
1296 1781 1362 1851 Sed
1378 1792 1415 1852 nt

296 1915 380 1963 nova
402 1893 547 1961 membra
568 1893 601 1960 in
623 1891 807 1960 societatem
822 1891 868 1959 sic
889 1889 1053 1959 introduci
1067 1890 1204 1981 possint,
1221 1911 1352 1958 5555555
1366 1899 1416 1960 551

295 2009 375 2070 utet
390 2003 460 2094 ipsa
475 2000 614 2071 visibilis
635 1999 676 2067 sit
696 1998 939 2068 introducendis
959 1997 1126 2082 membris,
1144 2005 1176 2066 et
1190 1999 1339 2066 membra
1353 2000 1414 2067 ista

295 2112 361 2178 sint
376 2110 437 2200 ipsi
452 2108 607 2178 visibilia.

339 2218 427 2308 Ergo
450 2239 516 2285 non
536 2225 663 2286 tantum
687 2217 768 2284 lalsa
791 2224 849 2301 est,
871 2238 970 2307 quam
984 2217 1210 2306 excogitarunt
1224 2173 1415 2284 Protestan-
1512 2203 1513 2268 ἶ

293 2335 353 2416 155,
382 2326 554 2395 invisibilis
575 2325 696 2395 Cbristi
717 2324 870 2410 Ecclesia,
897 2323 951 2392 sed
976 2323 1152 2394 ridiculum
1173 2331 1205 2391 at
1221 2330 1350 2392 naturae
1366 2327 1414 2394 rei

295 2437 480 2530 oppositum
497 2439 703 2526 figmentum.

337 2544 578 2613 Prorosrr102².
595 2581 640 2594 -
652 2541 797 2610 Ecclesia
821 2541 946 2610 Clua‘sti
968 2555 1015 2609 est
1036 2541 1171 2609 societas
1191 2542 1352 2632 specialis,
1379 2543 1415 2611 id

292 2665 348 2735 est,
375 2651 527 2720 distincto
541 2661 640 2741 ctpcr
654 2673 686 2718 se
699 2662 797 2716 stans.
812 2687 857 2702 -
871 2651 897 2718 1.
919 2649 1103 2717 Probantur
1124 2671 1166 2716 ex
1180 2671 1220 2716 eo
1240 2648 1329 2740 quod
1354 2649 1413 2718 ha-

293 2761 365 2828 beat
388 2758 486 2826 finem
511 2756 574 2824 sibi
598 2756 780 2848 proprium.
800 2755 941 2824 —Nam
965 2755 1040 2822 finis
1060 2754 1213 2824 Ecclesia
1230 2764 1279 2824 est
1299 2765 1338 2825 ut
1351 2757 1412 2825 bo-

294 2867 397 2935 mines
432 2865 472 2933 sd
507 2872 661 2933 aternam
695 2863 929 2933 beatitudinem
965 2863 1122 2955 perducat
1158 2885 1217 2956 per
1253 2863 1409 2933 doctrinae

292 2974 412 3042 Christi
440 2971 716 3065 pradicationem,
743 2993 801 3062 per
826 2993 913 3039 verae
937 2970 1012 3040 fidei
1042 2971 1325 3062 propagationem,
1354 2995 1412 3064 per

293 3081 567 3172 dispensationem
591 3087 622 3146 et
644 3077 890 3169 applicationem
907 3078 1089 3147 mediorum
1111 3103 1132 3146 a
1152 3079 1283 3148 Christo
1303 3081 1344 3148 ad
1359 3103 1411 3149 sa·

290 3191 392 3284 lutem
427 3187 599 3256 bominum
631 3185 865 3254 institutorum.
896 3187 999 3254 Porro
1029 3183 1118 3254 biccc
1151 3185 1226 3254 finis
1258 3188 1412 3279 proprius

289 3297 351 3387 ipsi
382 3302 440 3380 cst,
474 3301 506 3362 et
534 3292 616 3360 nulli
643 3292 736 3360 alteri
761 3293 902 3360 societati
929 3292 1092 3383 competit.
1119 3292 1260 3362 Societas
1287 3296 1409 3376 civilis,

288 3403 382 3472 verbi
397 3401 513 3492 gratia,
530 3399 680 3490 proxime
696 3399 865 3468 ordinatur
880 3399 920 3468 ad
937 3400 1060 3468 bonum
1077 3402 1254 3492 temporale
1271 3403 1410 3490 civium,

286 3511 420 3579 illorum
445 3529 560 3596 nempe
588 3506 857 3597 tranquillitatem
881 3515 913 3575 et
939 3508 1161 3594 securitatem
1191 3518 1223 3577 et
1248 3510 1326 3578 licet
1353 3513 1412 3580 istc

287 3619 364 3686 finis
384 3616 555 3708 proximus
571 3615 730 3684 societatis
753 3615 858 3684 civilis
873 3616 988 3684 referri
1004 3617 1102 3685 ctiam
1117 3617 1232 3687 debeat
1247 3619 1289 3688 ad
1303 3621 1412 3690 beati-

183 3811 184 3814 ,
286 3725 435 3800 tudinem
465 3731 634 3808 aternam,
674 3745 747 3790 cnm
788 3721 937 3791 homines
961 3747 1027 3791 nou
1064 3723 1205 3792 debeant
1232 3727 1280 3794 uti
1316 3728 1411 3796 bonis
1512 3799 1513 3810 ,

282 3833 517 3926 temporalibus
545 3831 606 3898 nisi
629 3839 784 3922 tanquam
810 3829 926 3897 mediis
952 3831 1115 3899 adfinem
1134 3853 1231 3901 suum
1254 3833 1411 3903 ultimum

285 3953 417 4012 aeterna
444 3938 616 4024 felicitatis,
641 3946 751 4004 mmen
764 3937 870 4006 civilis
883 3937 1017 4006 societas
1038 3939 1181 4006 nonnisi
1197 3939 1355 4010 indirecte
1369 3941 1410 4009 ad

279 4051 367 4120 hunc
393 4048 494 4116 finem
522 4045 676 4114 ultimum
700 4043 813 4113 tendit.
840 4044 982 4114 Ecclesia
1008 4053 1117 4114 autem
1139 4047 1303 4118 adfinem
1326 4049 1410 4118 ulti-

281 4181 373 4227 mum
395 4165 529 4224 aeternae
550 4152 759 4222 beatitudiuis
782 4155 886 4223 tendit
901 4154 1031 4236 directe,
1049 4164 1082 4225 et
1102 4156 1274 4247 perlinam
1289 4159 1410 4250 proxi-
