3048 4954
319 443 359 507 80
668 457 844 507 martarus
865 460 903 504 nr
924 455 1076 504 mouns

317 605 445 694 legibus
464 603 533 671 suis
555 623 597 670 ex
620 601 765 670 decentia
790 609 824 668 et
848 601 1000 692 aequitate
1015 599 1168 684 naturali,
1189 598 1336 691 quandiu
1360 619 1427 666 non

316 719 490 782 evaserunt
512 732 571 802 per
596 732 698 779 novas
723 709 982 778 circumstantias
1010 709 1069 777 tini
1097 708 1222 778 intento
1246 715 1278 777 et
1309 706 1427 776 rationi

316 819 492 913 oppositae,
517 816 673 896 wncadm
698 839 790 886 secus
814 837 909 906 nego.
935 815 1076 884 Honeste
1101 824 1134 884 et
1158 815 1333 908 prudenter
1358 813 1429 902 agit

316 931 467 1023 princeps
491 951 604 998 rerum
635 937 888 1022 temporumque
918 928 1161 998 necessitatibus
1182 951 1268 998 nova
1294 925 1428 996 ordina-

317 1038 404 1107 tione
418 1035 641 1108 subveniendo
658 1045 690 1106 et
708 1035 810 1128 priori
822 1035 1027 1126 derogando,
1047 1060 1127 1128 ergo
1140 1059 1182 1106 ex
1195 1035 1335 1130 eoquod
1347 1058 1429 1104 oon·

315 1148 484 1218 cordatum
506 1147 550 1216 sit
568 1147 622 1216 lex
643 1145 784 1239 papalis,
799 1167 867 1215 uon
888 1146 1053 1240 sequitur,
1070 1147 1193 1239 Papam
1208 1169 1273 1216 non
1293 1145 1429 1238 posseei

315 1257 482 1348 derogare.
987 1329 991 1336 ,

359 1364 521 1457 Objicitur
548 1367 592 1432 2⁶.
632 1361 870 1432 concordatum
900 1372 949 1432 cst
976 1371 1107 1456 pactum
1133 1385 1191 1432 seu
1221 1368 1428 1445 contractus;

315 1474 407 1566 atqui
436 1474 537 1565 pactis
563 1478 596 1540 et
620 1469 839 1540 contractibus
864 1471 1018 1540 standum
1038 1479 1106 1559 ect5
1133 1493 1212 1561 ergo
1234 1467 1429 1540 concordata

316 1604 463 1651 summus
484 1577 635 1648 Pontifex
650 1601 780 1648 servare
800 1585 940 1648 tenetur.
965 1577 1192 1671 Respondetur
1213 1579 1332 1672 primo,
1348 1597 1427 1646 con·

315 1688 467 1778 troverti,
483 1695 594 1757 utrum
608 1686 802 1756 concordata
815 1686 881 1754 sint
895 1695 988 1778 pacta
1002 1687 1132 1780 propria
1152 1686 1247 1756 dicta.
1269 1713 1286 1752 u
1308 1686 1425 1766 Taceo,

318 1827 336 1864 a
359 1799 464 1892 inquit
491 1797 609 1884 Biuer,
641 1794 729 1886 quod
759 1793 893 1886 qruidam
928 1804 1046 1885 negent
1078 1794 1269 1865 concordata
1295 1795 1428 1886 proprie

319 1929 427 1975 cesae
447 1913 541 1998 pacta
560 1913 593 1974 et
611 1909 807 1990 contractus,
834 1924 909 1972 cum
933 1903 1114 1995 spiritualia
1138 1904 1200 1973 sub
1226 1911 1427 1971 contractum
1511 1989 1512 1994 ἵ

319 2023 415 2084 «aut
442 2013 671 2083 commercium
701 2033 768 2078 non
798 2011 925 2080 cadam.
962 2011 1056 2080 Unde
1086 2012 1198 2080 dicunt
1222 2011 1329 2102 potius
1357 2033 1428 2078 esse

318 2151 335 2186 a
358 2121 528 2215 privilegia
552 2118 728 2212 apostolica
747 2144 804 2205 ...;
823 2119 997 2210 privilegia
1023 2129 1132 2188 autem
1152 2142 1194 2189 ex
1217 2119 1311 2209 gravi
1330 2140 1428 2187 causa

317 2260 334 2296 a
358 2231 502 2301 revocari
517 2251 608 2322 posse
631 2255 647 2292 u
667 2226 750 2318 (loco
763 2227 884 2316 citato).

357 2337 581 2429 [despondetur
609 2333 750 2404 secundo
785 2357 861 2402 cum
889 2334 1003 2404 eodem
1030 2337 1131 2404 Biner
1159 2364 1166 2404 :
1202 2335 1426 2426 «Principem
1511 2415 1512 2425 χ

318 2475 336 2514 a
358 2468 548 2540 supremum
569 2445 613 2512 iis
629 2443 743 2512 saltem
767 2443 986 2534 pactionibus,
1011 2467 1093 2536 quas
1107 2467 1181 2514 cum
1205 2443 1343 2513 subditis
1358 2445 1427 2512 suis

319 2585 335 2624 a
359 2559 453 2645 iniit,
478 2557 635 2645 derogare
657 2575 766 2646 posse,
788 2553 816 2620 si
839 2555 1035 2643 gravissima
1053 2555 1088 2624 id
1101 2555 1180 2624 boni
1195 2555 1316 2646 publici
1329 2577 1428 2624 eausa

320 2693 338 2730 e
358 2665 469 2754 exigat
487 2715 539 2752 ...,
556 2663 742 2754 complures
761 2663 908 2732 doctores
927 2671 1096 2744 asserunt;
1119 2662 1324 2754 adduntque,
1342 2686 1427 2756 quo-

319 2799 336 2838 c
360 2772 595 2864 modorumque
618 2773 797 2864 paciscatur
822 2793 971 2840 summus
995 2771 1158 2857 Pontifex,
1186 2772 1325 2840 maxime
1350 2793 1426 2840 cum

319 2907 335 2946 α
358 2880 420 2950 sihi
435 2880 577 2964 subdito,
594 2903 723 2972 semper
746 2881 903 2950 inclusam
919 2902 987 2948 case
1012 2879 1097 2948 hauc
1110 2880 1342 2966 conditionem,
1363 2880 1429 2948 nisi

320 3017 336 3056 a
359 2989 455 3059 aliud
466 2990 577 3081 ecipat
591 3013 690 3059 causa
703 2991 814 3081 pravas
829 3003 860 3059 ct
874 2988 1142 3058 extraordinaria
1152 2999 1290 3080 propter
1305 2988 1427 3058 bonum

320 3129 337 3166 α
359 3121 530 3168 commune
538 3099 750 3183 Ecclesia...;
760 3107 792 3166 et
800 3099 928 3168 subhac
940 3097 1122 3167 conditione
1133 3099 1230 3167 etium
1242 3097 1427 3188 intelligen-

319 3237 336 3276 α
360 3208 418 3278 das
429 3231 498 3278 esse
565 3209 797 3301 promissiones
810 3208 933 3278 Nicolai
946 3209 976 3276 V
987 3209 1022 3276 in
1036 3207 1235 3278 concordatis
1248 3215 1424 3276 contentas.

319 3345 335 3384 c
358 3319 427 3386 lmo
451 3317 685 3410 ipseNicolaus
709 3318 769 3387 hoc
790 3317 988 3386 sufficienter
1010 3319 1044 3385 iu
1058 3318 1137 3409 ipsis
1157 3315 1359 3387 concordatis
1373 3318 1425 3384 in·
1510 3341 1511 3400 3

318 3425 461 3511 edicat,
486 3423 565 3494 dum
592 3425 751 3517 promittit
778 3449 812 3494 se
837 3426 1107 3495 confirmaturum
1132 3423 1421 3516 Archiepiscopos,

318 3534 532 3627 «Episcopos
552 3541 584 3602 ct
610 3535 763 3626 praelatos
786 3534 952 3624 regulares
976 3535 1128 3604 canonice
1156 3533 1272 3602 electos
1299 3533 1425 3624 sibique
1510 3593 1511 3604 2

317 3671 333 3708 c
357 3645 417 3710 rite
436 3649 656 3734 presentatus,
681 3642 824 3734 subjecta
844 3642 904 3709 hac
917 3642 1119 3710 conditione:
1142 3641 1259 3710 nisiex
1273 3641 1425 3710 ratione·
1510 3621 1511 3647 ¹

317 3779 333 3816 α
357 3751 416 3820 bili
427 3762 458 3818 et
479 3749 617 3819 evidenti
631 3773 730 3818 causa
743 3749 783 3818 de
798 3751 947 3840 fratrum
964 3749 1200 3840 (cardinalium)
1221 3749 1370 3830 consilio,
1387 3750 1426 3818 de

317 3889 333 3926 a
356 3861 484 3930 utiliori
497 3871 528 3927 et
543 3857 687 3949 digniori
698 3881 836 3949 persona
850 3859 1039 3928 ducet-imru
1045 3858 1288 3950 prouidendum
1311 3886 1328 3922 u
1344 3860 1425 3948 (loco

312 3969 434 4058 citato).

355 4078 580 4172 Respondetur
599 4077 709 4146 tertio:
740 4076 1010 4168 distinguendum
1037 4079 1166 4149 videtur
1194 4078 1318 4171 duplex
1347 4102 1426 4150 con-

312 4190 518 4264 cordatorum
540 4209 670 4278 genus:
689 4188 881 4257 concordata
901 4209 1029 4279 nempe,
1059 4189 1179 4280 quihus
1202 4189 1290 4258 natio
1317 4189 1428 4284 alique
