3022 4950
500 531 582 578 suns
605 529 756 580 senonici.
1146 511 1181 577 51

73 671 192 761 denus,
218 673 505 764 Hermogenisnns
525 683 556 742 et
578 672 836 742 Theodosienns.
862 675 908 742 lle
929 674 1132 764 Gregorieno
1155 684 1186 743 et

72 782 332 874 Hermogenieno
360 782 457 852 bodie
484 783 668 874 fragmento
698 787 826 851 tentum
859 781 969 875 eliqua
996 790 1183 874 supersunt.

74 889 243 960 Theodosii
257 903 367 960 untnn
386 890 529 982 junioris
548 890 658 960 Codex
679 890 747 959 iero
770 890 896 980 integer
916 899 1074 982 superest,
1091 899 1186 984 atque

71 1022 111 1067 ex
137 1023 176 1068 eo
199 1007 358 1092 tanquam
379 1023 422 1070 ex
448 1000 648 1092 praecellenti
680 1007 895 1070 monumento
918 998 1072 1070 historico
1090 1023 1186 1070 ceno-

10 1111 11 1122 ‘
73 1107 162 1175 nistae
175 1117 208 1179 et
223 1107 365 1198 theologi
382 1118 578 1198 argumente
596 1107 805 1200 depromunt.
831 1105 1033 1178 lustininnus
1054 1108 1090 1176 in
1113 1108 1187 1199 jure

10 1249 12 1312 g
71 1214 207 1286 dicendo
222 1216 312 1285 illius
337 1239 435 1285 usum
458 1215 637 1308 prohibuit.
659 1215 720 1284 llic
739 1215 780 1284 de
800 1214 918 1285 Codice
938 1223 1066 1284 tentum
1087 1217 1187 1286 lusti-

10 1317 11 1366 t
72 1323 183 1393 ninueo
199 1324 342 1414 agimus.

111 1431 242 1524 Duplex
264 1441 374 1500 eutem
397 1431 574 1502 Iustiniani
593 1430 803 1524 imperatoris
825 1430 938 1501 Codex
957 1431 1183 1523 distinguitur,

67 1539 185 1628 primo
210 1539 344 1626 scilicet,
369 1548 402 1606 et
423 1538 569 1608 munde
589 1561 648 1608 seu
675 1539 821 1632 repetite
850 1540 1007 1609 tectiom's.
1037 1540 1184 1610 Priorem

72 1671 152 1716 anno
166 1646 292 1718 Christi
308 1651 384 1734 529,
401 1647 532 1738 imperii
546 1647 597 1716 oui
613 1651 644 1733 3,
660 1648 942 1740 promulgaverot3
968 1657 999 1717 et
1014 1648 1054 1717 de
1068 1648 1130 1718 boc
1151 1651 1185 1716 in

74 1755 364 1848 lintitutissaepius
380 1754 503 1824 mentio
528 1756 577 1824 ttt.
601 1755 711 1824 Codex
738 1755 792 1824 ille
820 1757 929 1847 periit.
954 1757 1183 1842 Posteriorem,

73 1863 213 1932 omno
239 1885 354 1954 nempe
376 1885 433 1932 seu
458 1863 603 1954 repetite
627 1863 770 1932 lectionis
793 1864 939 1954 vulgavit
954 1887 1041 1934 enno
1064 1865 1188 1935 Christi

76 1975 145 2060 534,
161 1981 259 2064 etque
282 1971 389 2040 solum
418 1972 453 2040 in
478 1979 645 2062 posterum
673 1972 796 2040 servari
821 1971 935 2040 voluit.
954 1973 1034 2042 Pers
1056 1983 1104 2042 est
1122 1974 1186 2044 Cor

72 2080 155 2167 poris
173 2079 261 2171 juris
278 2078 401 2166 civilis3
420 2090 451 2146 et
468 2079 509 2145 de
528 2078 588 2148 boe
610 2077 727 2148 ultimo
751 2079 862 2168 egitur
884 2079 1015 2171 quondo
1034 2080 1145 2150 Codex
1166 2105 1185 2150 e

71 2186 306 2276 jurisconsultis
320 2187 448 2256 citetur.

110 2295 277 2366 Dividitur
292 2297 326 2364 in
342 2299 381 2364 12
397 2296 510 2384 libros,
526 2317 670 2388 quorum
692 2305 801 2364 temen
823 2303 889 2365 tres
915 2295 1023 2366 ultimi
1041 2297 1098 2366 din
1115 2307 1187 2388 poet

71 2403 181 2494 adjecti
196 2413 285 2491 sunt,
308 2426 367 2471 neo
382 2403 488 2472 solent
503 2403 537 2470 in
556 2402 678 2472 scholis
701 2402 869 2493 explicari.
890 2401 1102 2472 Materianum
1127 2427 1185 2474 su-

70 2521 131 2578 tenr
147 2511 229 2580 ordo
243 2511 310 2582 fere
325 2513 353 2591 is
365 2521 413 2580 est
425 2513 483 2606 qui
498 2513 533 2580 in
548 2511 718 2582 Pandectis
730 2519 762 2578 et
775 2511 1045 2582 Institutionibus.

10 2701 11 2714 χ
110 2621 250 2704 Qnendo
264 2620 393 2692 citanda
407 2631 455 2692 ost
468 2623 523 2691 lex
537 2645 579 2690 ex
594 2619 725 2709 Codice,
748 2620 883 2712 ponitur
904 2621 1012 2713 primo
1027 2622 1051 2708 l,
1078 2622 1111 2690 id
1138 2633 1187 2692 est

10 2743 11 2750 ’
71 2729 118 2796 lex
149 2753 157 2793 :
186 2737 298 2820 postea
328 2730 463 2798 initialis
494 2730 595 2800 verbe
621 2729 717 2818 legis,
745 2719 798 2797 vel
826 2727 896 2818 ejus
923 2751 1100 2816 numerus,
1133 2733 1184 2804 vel

70 2846 244 2930 utrumque
269 2837 369 2906 simul
387 2865 394 2904 :
412 2846 484 2905 tum
510 2836 663 2905 scribitur
695 2835 875 2926 majuscula
897 2836 1003 2904 littere
1031 2837 1068 2905 C.
1099 2839 1185 2906 indi-

71 2967 142 3012 cens
156 2944 323 3031 Codicem‚
346 2967 421 3037 qnae
437 2944 545 3013 littera
563 2939 671 3035 primo
695 2943 766 3012 loco
781 2943 879 3011 etiam
905 2945 1025 3035 sepius
1046 2945 1184 3015 colloce-

71 3061 129 3120 tur.
147 3052 183 3121 Si
199 3075 277 3122 vero
296 3053 348 3121 lex
373 3052 480 3122 diviso
495 3051 537 3120 sit
552 3053 588 3120 in
607 3050 840 3143 perogrcpbos,
865 3050 953 3120 idem
980 3060 1127 3124 servetur
1147 3079 1184 3125 no

71 3183 125 3250 pro
148 3159 331 3230 Pendeotis.
361 3161 430 3229 Hoc
453 3168 564 3229 tomen
588 3159 748 3250 peculiare
767 3167 814 3228 est
834 3167 865 3226 et
885 3161 1117 3230 attendendum
1133 3187 1139 3227 :
1158 3168 1186 3233 si

70 3379 238 3470 adjunctis,
267 3375 384 3445 debere
411 3397 588 3444 numerum
607 3375 683 3444 libri
712 3374 905 3443 enuntiari:
931 3375 1032 3445 Verbi
1052 3379 1184 3474 gretie²

70 3491 91 3556 l.
108 3511 217 3558 omnes
225 3488 375 3580 proscipi,
395 3489 425 3566 8,
444 3487 466 3578 ἓ
482 3489 655 3570 Ceterum,
676 3488 714 3556 C.
731 3486 770 3556 de
783 3487 945 3577 apricolis,
966 3489 988 3556 l.
1003 3491 1048 3558 ll.

109 3598 220 3668 Codici
234 3597 334 3666 etium
347 3595 480 3687 adjectae
497 3605 573 3665 sunt
590 3596 746 3688 quaedem
758 3595 1006 3664 constitutiones
1020 3597 1184 3672 Frederiei

71 3707 271 3800 imperatoris
286 3706 348 3774 snb
362 3705 456 3773 titulo
469 3700 742 3830 Autdprnticorum
757 3702 929 3774 Fredm'ci.
1045 3749 1047 3756 ι

109 3819 188 3886 ltem
213 3815 323 3908 plures
343 3815 415 3884 elice
444 3815 645 3884 Aottmticae
669 3835 688 3882 a
708 3813 944 3904 jurisconsulto
963 3814 1088 3884 lrnerio
1113 3821 1182 3888 slve

73 3923 226 3994 Wernero
241 3945 328 3992 enno
345 3926 444 4008 11³7,
466 3945 541 4013 quae
563 3921 785 3990 auctoritatem
804 3921 884 4010 legis
901 3945 966 3990 non
983 3923 1179 4014 habuerunt,

71 4041 186 4124 etqnae
202 4033 248 4100 sic
269 4031 360 4098 citeri
382 4029 485 4097 solent
504 4055 511 4096 ι
528 4029 683 4097 Anthene.
707 4029 792 4096 boica
815 4027 1063 4114 damnatorum,
1088 4039 1124 4104 C.
1144 4037 1183 4106 do

75 4137 156 4208 tonis
165 4139 440 4232 praeceptorum.

114 4253 144 4318 t·
166 4249 254 4332 Quid
282 4247 426 4316 Novellae
452 4269 507 4315 seu
532 4246 780 4335 Anthenticum,
808 4255 839 4314 et
866 4248 1030 4338 quomodo
1050 4253 1182 4345 allegari
