3048 4954
580 500 661 546 runis
683 497 833 544 senonim.
1222 477 1262 540 75

148 662 209 731 per
222 650 423 710 ooutmetum
438 639 582 732 sliquem
602 661 790 725 onerosum,
815 659 881 729 qno
899 637 1019 706 seilicet
1042 657 1191 706 consessa
1215 645 1263 704 eet

149 748 315 837 derogatio
329 749 371 817 ob
382 747 514 840 eliquod
525 769 608 818 onus
621 746 709 840 quod
723 746 785 814 sibi
801 746 887 815 notio
903 745 959 814 ills
969 744 1124 835 imposuit
1137 743 1171 810 in
1187 765 1263 832 grs-

148 857 228 926 tiam
242 856 405 944 Foolesim,
421 857 581 930 laudandi
595 882 629 927 v.
643 879 677 946 g.
692 854 860 941 beneficia,
875 863 932 923 aut
952 854 1016 922 ulis
1032 852 1154 922 auxilia
1173 873 1261 945 prm-

149 964 267 1034 standi.
284 965 406 1034 Iterum
420 965 633 1058 privilegium
656 962 871 1056 exemptionis
887 963 991 1055 ajure
1004 960 1169 1032 communi
1186 983 1261 1029 eve-

148 1074 198 1140 nit
213 1072 291 1141 huie
304 1073 440 1160 ustioni,
456 1072 507 1143 rel
522 1095 680 1143 consensu
693 1093 846 1164 expresso
861 1068 1055 1139 universalis
1068 1069 1259 1161 superioris,

146 1179 200 1248 vel
214 1179 447 1250 consuetudine
465 1203 523 1273 per
536 1203 730 1249 eonsensum
747 1180 879 1248 tacitum
896 1175 1090 1246 universalis
1105 1178 1259 1268 superio-

144 1288 193 1356 ria
209 1289 348 1356 lirmatae
363 1295 395 1356 et
409 1287 444 1356 in
455 1288 511 1380 jus
525 1295 658 1357 aveetm.
1015 1307 1021 1316 ·

190 1395 251 1464 His
263 1396 452 1488 prenotatis
467 1397 684 1488 querendum
707 1403 863 1480 remanet,
884 1417 949 1487 qus
963 1393 1151 1463 auctoritate
1170 1394 1258 1462 nita-

144 1511 199 1572 tur
215 1503 271 1594 jus
294 1504 455 1575 nationale
474 1504 717 1596 quodcumque,
745 1512 776 1570 et
800 1511 911 1571 utrum
936 1523 1084 1571 summus
1107 1500 1258 1570 Pontifex

141 1610 270 1680 irritare
285 1611 387 1704 possit
403 1613 458 1703 jus
473 1612 702 1704 quodcumque
717 1611 890 1680 nationale.

652 1877 673 1966 s
701 1876 758 1943 u..

141 2067 244 2118 Nullum
262 2067 306 2130 jus
323 2066 452 2118 nationale
466 2065 563 2117 firmari
583 2069 609 2116 et
624 2065 737 2130 legitime
751 2063 890 2116 subsistere
912 2065 997 2128 potest
1009 2063 1059 2114 elie
1072 2076 1149 2129 qnam
1160 2063 1255 2116 summi

553 2153 685 2206 Pontifleis
697 2153 859 2206 anctoritate.

185 2363 320 2433 Nullum
341 2369 389 2432 est
408 2363 463 2454 jus
490 2361 681 2431 canonicum
708 2362 870 2430 nationale
897 2359 984 2452 quod
1010 2382 1075 2428 nou
1096 2360 1137 2428 sit
1158 2361 1253 2430 dero-

139 2473 230 2562 gatio
257 2470 408 2563 quaedem
432 2472 501 2563 juri
524 2469 702 2540 communi.
725 2470 784 2538 llla
802 2479 910 2538 autem
934 2469 1101 2559 derogatio
1114 2491 1178 2537 non
1193 2493 1255 2560 po-

141 2579 202 2647 tuit
230 2579 328 2647 stetui
355 2576 418 2645 uisi
439 2577 626 2646 auctoritate
654 2577 793 2646 Romani
817 2579 993 2647 Pontificis.
1027 2580 1109 2648 Nam
1135 2589 1253 2651 statuta

10 2767 11 2770 Ἴ
138 2689 254 2758 luisset
269 2687 320 2756 vel
335 2711 354 2756 s
368 2695 524 2780 potestate
539 2685 640 2773 civili,
666 2687 717 2754 vel
739 2709 758 2754 a
784 2695 940 2780 potestate
959 2687 1069 2780 eliqua
1090 2690 1253 2759 eeclesias·

138 2796 236 2864 tissa
255 2794 363 2886 papali
383 2793 525 2880 diverse,
547 2793 600 2860 vel
619 2816 640 2861 a
659 2793 894 2864 consuetudine
917 2795 984 2890 rim
1004 2818 1096 2864 suam
1121 2795 1252 2866 aliunde

136 2924 237 2993 quem
253 2925 274 2970 e
292 2925 452 2970 consensu
468 2899 576 2994 papali
595 2901 777 2970 hauriente.
799 2903 898 2994 Atqui
918 2902 1045 2971 nullum
1065 2927 1104 2972 ex
1122 2904 1173 2972 his
1187 2905 1251 2974 diei

135 3019 268 3102 potest:

182 3124 213 3187 1ο
229 3119 303 3190 Non
317 3143 336 3187 e
349 3120 498 3190 amoulari
514 3120 674 3212 principe,
697 3129 806 3212 utpote
831 3123 889 3213 qui
912 3123 1000 3212 leges
1022 3123 1249 3195 ecclesiasticas

136 3227 295 3296 condendi
319 3236 376 3296 sut
403 3251 423 3296 a
446 3228 628 3297 constitutis
649 3228 816 3296 eximendi
842 3239 1031 3321 potestatem
1049 3231 1173 3299 nullam
1189 3233 1249 3300 hs-

135 3336 230 3423 beet3
250 3335 338 3428 quod
353 3336 411 3429 qui
427 3348 572 3426 negaret,
594 3345 686 3406 extra
705 3336 921 3408 orthodoxam
937 3339 1116 3408 doctrinam
1133 3341 1250 3410 misere

136 3445 312 3514 aberraret.

181 3556 214 3618 2ο
228 3552 301 3620 Νοιι
326 3575 346 3620 a
375 3561 530 3645 potestate
556 3554 665 3646 aliqua
696 3555 908 3624 ecclesiastiea
934 3579 953 3623 a
977 3557 1085 3648 papali
1106 3557 1244 3628 diverso.

135 3659 194 3728 llis
209 3660 296 3728 enim
313 3669 452 3752 potestas
474 3671 556 3730 esset
577 3662 629 3730 vel
643 3663 816 3732 concilium
839 3663 1088 3750 meumeuicum,
1107 3665 1157 3732 vel
1169 3689 1248 3733 con-

135 3770 246 3838 cilium
269 3769 442 3856 nationale,
467 3770 517 3838 vel
545 3768 745 3854 Patriareha,
774 3769 825 3838 vel
840 3768 1013 3838 concilium
1034 3771 1245 3862 provinciale,

136 3878 187 3946 vel
203 3878 319 3970 aliquis
334 3879 511 3969 Episcopus
526 3878 661 3946 seorsim
683 3887 844 3969 sumptus.
870 3879 972 3946 Porro
990 3879 1116 3948 nullum
1139 3905 1179 3948 ex
1198 3881 1247 3951 lis

136 3993 275 4054 statuere
299 3986 401 4077 potuit
427 3985 669 4076 derogationem
694 3986 872 4077 legitimam
889 3988 1054 4056 communi
1070 3987 1149 4079 juri.
1175 3992 1249 4060 Non

136 4093 308 4162 concilium
333 4093 483 4183 generale
501 4120 507 4160 :
524 4116 598 4162 eum
622 4093 708 4164 enirn
736 4095 839 4187 ipsius
867 4095 994 4164 decreta
1024 4119 1088 4164 nou
1117 4098 1246 4189 vigeant

136 4207 208 4266 onte
232 4197 508 4270 confirmationem
539 4201 675 4269 Romani
697 4201 877 4290 Pontifiois,
899 4211 1055 4273 statutum
1076 4207 1246 4276 aconcilio
