3050 4946
279 435 339 501 tao
632 454 808 500 reserares
830 455 869 500 na
891 454 1043 502 rauciens

321 595 562 662 Remanserunt
585 613 664 682 ergo
686 601 718 661 et
738 593 846 663 adhuc
869 602 1041 664 remanent
1060 601 1153 662 extra
1173 615 1306 662 omnem
1332 593 1399 660 col-

276 701 449 769 lectionem
477 698 609 791 puhlica
640 701 830 770 auctoritate
864 701 1034 792 vulgatam
1073 723 1189 770 omnes
1222 700 1399 792 pontificiae
1493 771 1494 774 ,

276 811 521 878 constitutiones
540 819 612 902 post
629 811 777 880 clausum
801 834 920 903 corpus
940 813 1026 902 juris
1044 811 1194 880 canonici
1213 809 1324 896 editae,
1340 832 1402 878 ex-

277 927 381 1010 cepto,
407 928 443 987 ut
468 941 569 1011 supra
592 920 754 1007 diximus,
771 920 938 990 Benedicti
960 920 1040 990 XIV
1066 920 1219 988 bullario.
1248 919 1401 987 Collectee

278 1033 355 1093 sunt
383 1025 597 1095 nihilominus
626 1050 645 1094 a
677 1028 790 1096 multis
818 1028 1006 1097 auctoritate
1040 1029 1186 1120 priveta;
1220 1049 1402 1117 earumque

278 1132 504 1202 collectionum
543 1135 709 1226 praecipua
743 1158 818 1226 quae
858 1158 1019 1226 mappam
1057 1135 1236 1204 bullarium
1267 1134 1399 1218 dicitur,

277 1241 372 1309 valde
401 1240 591 1334 imperfecta
621 1251 686 1327 est,
718 1252 749 1311 et
781 1243 898 1334 majori
931 1242 1040 1312 adhuc
1070 1243 1273 1334 negligentia
1304 1241 1401 1310 hodie

277 1349 405 1436 Romae,
430 1351 653 1420 continuetur.
681 1350 889 1420 Omittuntur
920 1351 1059 1420 maximi
1092 1352 1251 1420 momenti
1281 1349 1399 1436 multa,

278 1458 467 1526 inseruntur
494 1457 636 1544 inutilia,
657 1467 688 1527 et
709 1467 830 1528 scatent
853 1459 977 1550 ubique
1004 1459 1133 1528 mendis
1156 1458 1401 1551 typographicis

279 1588 445 1743 pallmdid
464 1675 519 1766 jus
544 1675 762 1744 novissimum
788 1678 953 1766 pertinent
977 1676 1100 1766 regula
1123 1675 1340 1756 cancellatim,
1365 1673 1400 1740 id

279 1793 338 1868 est,
370 1805 416 1850 eae
445 1780 534 1870 leges
562 1781 682 1872 quibus
711 1782 899 1873 Apostolica
938 1782 1128 1852 cancellaria
1158 1782 1295 1871 regitur.
1327 1780 1401 1848 illas
1513 1815 1514 1832 2

278 1891 406 1982 primus
435 1889 577 1958 loannes
606 1888 699 1956 XXll
737 1889 856 1981 scripto
898 1889 1049 1958 mandari
1087 1889 1195 1980 jussit.
1230 1891 1347 1956 Auctis
1383 1912 1402 1956 a
1514 1892 1515 1920 ¹

277 1998 378 2066 variis
405 1995 629 2076 Pontificibus,
652 1994 694 2064 ad
721 2019 901 2064 numerum
931 2001 971 2063 72
999 2018 1195 2088 pervenere;
1224 2018 1306 2088 quas
1328 2018 1401 2062 om-

280 2107 373 2173 nium
410 2103 576 2171 uberrime
621 2111 761 2194 quatuor
806 2102 1031 2172 voluminibus
1076 2111 1318 2171 commentatus
1354 2109 1403 2168 est
1516 2115 1517 2138 ¹

278 2213 427 2282 eruditus
453 2211 637 2301 Rigantius.
664 2212 743 2281 Vim
771 2212 891 2281 habent
916 2221 1043 2280 tantum
1071 2214 1200 2280 vivente
1227 2211 1400 2280 Pontifice.
1517 2255 1518 2264 ε

280 2320 345 2390 Sed
372 2343 447 2389 cum
477 2341 548 2388 mos
573 2318 748 2388 invaluerit
775 2328 809 2388 ut
837 2319 974 2410 quilibet
999 2320 1150 2388 Pontifex
1175 2341 1286 2387 recens
1313 2319 1403 2386 elec-

281 2440 345 2515 tus,
372 2431 479 2520 primo
505 2437 576 2520 post
601 2428 791 2496 electionem
820 2450 914 2496 suam
939 2427 991 2496 die
1017 2428 1088 2496 illes
1114 2427 1298 2512 confirmet,
1325 2449 1403 2518 per-
1519 2455 1520 2474 ¹

281 2539 357 2608 inde
382 2548 430 2607 est
452 2561 489 2606 ac
513 2539 541 2606 si
568 2540 637 2606 vim
663 2539 744 2627 legis
770 2547 934 2629 perpetuae
962 2538 1158 2608 obtinerent.
1188 2537 1231 2604 lis
1258 2537 1292 2604 in
1322 2537 1403 2628 plu-

281 2649 373 2716 ribus
397 2646 592 2735 derogatum
618 2656 667 2714 cst
692 2667 751 2736 per
777 2645 957 2714 recentiora
982 2668 1057 2714 cum
1086 2645 1190 2713 variis
1216 2643 1404 2712 nationibus

282 2753 486 2824 concordata.

325 2863 381 2936 ΙΙΙ.
398 2863 530 2929 Partem
547 2863 750 2953 praecipuam
765 2863 849 2953 juris
862 2862 1037 2930 novissimi
1058 2862 1259 2930 constituunt
1274 2859 1405 2928 concilii

283 2971 466 3040 Tridentini
483 2970 623 3057 decreta,
639 2982 676 3038 ut
691 2971 846 3040 omnibus
863 2980 978 3040 notum
994 2979 1053 3037 est.

327 3079 385 3149 IV.
402 3077 551 3147 Tandem
562 3078 602 3147 ad
616 3078 671 3169 jus
685 3079 906 3147 novissimum
924 3080 1088 3170 pertinent
1100 3077 1405 3168 Congregationum

283 3187 512 3260 Romanarum
526 3187 705 3257 decisiones
720 3197 751 3256 et
766 3189 904 3256 decreta.

328 3297 487 3389 Synopsis
508 3295 580 3364 haec
597 3318 697 3387 qnam
719 3297 759 3364 ab
779 3296 913 3364 ineunte
933 3297 1075 3366 Ecclesia
1097 3295 1345 3387 descripsimus,
1363 3295 1406 3363 de

281 3403 366 3499 juris
393 3405 539 3473 canonici
567 3403 706 3493 origine,
729 3402 914 3473 evolutione
939 3414 971 3472 et
995 3404 1036 3472 ad
1059 3404 1256 3474 hodiernum
1279 3410 1405 3470 statum

285 3512 489 3597 deductione,
505 3511 559 3601 jus
580 3533 757 3580 commune
777 3511 848 3579 sive
874 3512 1057 3580 universale
1077 3511 1219 3602 respicit.
1235 3511 1405 3580 Caeterum

286 3624 347 3690 sub
363 3623 423 3690 isto
439 3619 582 3709 generali
595 3618 683 3710 jure,
702 3619 805 3688 multa
825 3621 978 3688 exstitere
994 3621 1093 3688 variis
1115 3621 1257 3688 ecclesiia
1277 3619 1408 3711 privata

284 3733 373 3822 jura,
398 3754 440 3799 ex
470 3729 651 3821 privilegiis
675 3728 727 3800 vel
753 3729 910 3818 legitimis
940 3728 1230 3798 consuetudinibus
1256 3729 1403 3797 inducta.

288 3840 390 3910 Hodie
413 3840 511 3907 etiam
531 3839 586 3929 jus
602 3838 683 3906 illud
706 3838 926 3907 novissimum
950 3860 1051 3930 supra
1073 3837 1286 3929 descriptum,
1302 3859 1406 3929 quas—

288 3951 364 4018 dam
385 3947 591 4039 exceptiones
614 3949 701 4038 apud
723 3945 872 4016 ccclesias
895 3968 962 4016 non
985 3968 1104 4038 paucas
1127 3945 1261 4038 petitur.
1282 3946 1405 4013 Praeci-

288 4081 361 4150 puae
389 4081 467 4128 vero
492 4079 534 4126 ex
562 4055 613 4124 his
636 4056 883 4148 exceptionibus
907 4079 965 4148 per
989 4055 1182 4125 concordata
1207 4061 1289 4124 ortae
1312 4064 1401 4122 saint.

287 4165 379 4234 Sicut
399 4189 476 4256 ergo
498 4163 660 4234 noscenda
682 4163 848 4256 praecipue
873 4175 920 4233 est
941 4164 1026 4254 juris
1048 4165 1234 4234 communis
1254 4165 1403 4258 historia,
