3042 4946
316 431 376 496 566
668 451 841 496 rotmarus
864 451 902 494 na
925 450 1079 498 ruiturus

319 590 509 661 «dictionis
534 599 661 660 nature.
692 591 756 662 Ubi
782 613 859 660 vero
885 593 983 660 etiam
1007 593 1040 662 in
1067 595 1230 686 subjectos
1255 617 1333 664 suos
1360 597 1439 664 velit
1506 609 1507 612 ’

319 727 335 766 «
357 723 429 770 eam
449 698 684 791 jurisdictionis
700 700 839 793 speciem
857 722 1021 788 exercere,
1036 725 1112 794 quse
1133 703 1202 770 sine
1225 701 1354 771 ordinis
1375 707 1440 772 mi-

317 835 333 874 «
359 807 491 878 nisteric
521 807 677 900 explicari
711 809 841 902 nequit,
870 807 1148 901 quemadmodum
1177 811 1385 902 contingeret
1412 814 1439 880 si

317 946 334 986 «
357 926 593 988 sacramentum
612 917 737 987 ordinis
751 927 783 987 et
801 919 1057 988 confirmationis
1077 919 1261 989 dioecesano
1278 943 1340 988 sno
1357 944 1440 989 eon-
1506 977 1507 986 ,

316 1053 332 1092 «
356 1028 467 1116 ferret,
484 1026 518 1095 id
536 1025 671 1094 minime
685 1026 817 1094 concedi
834 1026 940 1096 vuum
957 1035 1016 1095 est.
1042 1053 1059 1092 n

355 1136 399 1205 V.
418 1133 584 1204 Dividitur
599 1135 635 1203 in
650 1133 869 1217 ordinariam,
887 1134 1075 1226 deleqotom
1087 1143 1119 1204 et
1129 1148 1366 1228 proroqotom.

362 1273 377 1310 «
405 1243 619 1314 Ordiooriam
650 1242 805 1331 dicimus,
835 1267 910 1336 quae
941 1245 993 1314 vel
1022 1267 1064 1313 ex
1095 1245 1239 1334 generali
1270 1267 1437 1314 canonum
1506 1247 1507 1252 ’

317 1382 333 1420 «
356 1351 540 1444 disciplina,
558 1351 610 1418 vel
626 1373 666 1420 ex
683 1351 855 1443 privilegio
874 1350 963 1444 quod
979 1351 1047 1420 vim
1067 1351 1150 1443 legis
1175 1351 1304 1442 habeat,
1323 1353 1379 1422 vel
1398 1377 1436 1422 cx

317 1489 333 1526 «
357 1459 603 1546 consuetudine,
621 1481 696 1551 quae
723 1458 827 1550 legem
852 1459 945 1528 facile
966 1459 1127 1548 imitatur,
1143 1469 1318 1552 competat,
1336 1461 1385 1529 ita
1405 1475 1437 1530 nt

319 1597 335 1636 «
359 1568 483 1660 adeptae
498 1567 606 1659 potius
627 1565 790 1658 dignitati,
807 1587 905 1659 quam
927 1589 1075 1659 personae
1096 1565 1287 1658 dignitatem
1308 1571 1437 1658 gerenti
1500 1579 1503 1617 t

319 1709 334 1744 «
359 1677 497 1771 quaesitn
516 1682 673 1768 perpetuo
698 1675 893 1744 credatur.»
921 1675 1079 1768 (Bermdi,
1103 1677 1173 1746 loco
1200 1699 1301 1770 supra
1327 1679 1437 1764 citam,
1499 1631 1504 1753 i

316 1812 348 1880 p.
376 1785 442 1876 19.)
464 1823 508 1836 -
530 1811 548 1850 «
570 1783 757 1852 turisdictio
784 1784 949 1854 ordinaria
974 1785 1093 1854 dicitur
1116 1807 1167 1874 ca,
1191 1808 1267 1878 quae
1293 1788 1438 1880 cuipiam
1500 1846 1502 1881 z

320 1925 336 1962 «
357 1897 432 1990 jure
447 1893 592 1987 proprio,
610 1915 667 1962 seu
688 1896 815 1964 ratione
829 1894 926 1964 officii
944 1903 1001 1964 aut
1023 1895 1191 1986 dignitatis
1203 1919 1275 1965 sum
1290 1921 1335 1966 ex
1353 1899 1436 1989 lege,

321 2031 337 2070 «
360 2025 496 2092 canone,
513 2002 565 2072 vei
588 2002 820 2071 consuetudine
840 2004 1002 2095 competit.
1020 2002 1253 2094 (Reiffenstoel,
1275 2004 1312 2071 in
1341 2009 1354 2072 t
1377 2007 1436 2073 ue-

323 2141 339 2178 «
363 2121 455 2201 eret,
473 2120 497 2180 t.
516 2115 571 2200 29,
589 2134 622 2181 n.
648 2111 714 2202 11.)
736 2111 933 2203 Hujusmodi
956 2119 1003 2179 est
1025 2111 1207 2203 jurisdictio
1230 2112 1297 2181 fori
1317 2114 1437 2184 interni

323 2251 338 2288 «
363 2245 438 2316 qum
453 2219 614 2315 parochis,
630 2220 693 2290 iori
708 2220 805 2287 etiem
821 2220 948 2288 externi
960 2243 1034 2311 quae
1051 2220 1230 2312 Episcopis,
1244 2229 1278 2288 et
1291 2245 1373 2314 quae
1388 2245 1438 2290 cn-

324 2360 340 2398 «
364 2330 476 2425 pitulis
492 2327 566 2398 sede
582 2335 715 2397 vacante
728 2329 802 2420 jure
822 2328 987 2395 communi
1003 2327 1173 2407 tribuitur;
1192 2327 1268 2395 item
1286 2353 1368 2420 qnae
1383 2353 1440 2422 pro

323 2467 338 2505 «
365 2437 460 2506 modo
474 2435 721 2528 privilegiorum
735 2435 910 2504 abbatibus
919 2435 1110 2526 caeterisque
1118 2435 1267 2504 Praelatis
1276 2435 1441 2530 Episcopo
1505 2463 1506 2477 ¹

321 2575 337 2614 «
360 2545 572 2616 interioribus
584 2543 826 2635 singularijure
836 2543 1061 2612 conceditur.»
1074 2543 1298 2633 (Berardi,ubi
1309 2545 1442 2637 supra.)
1505 2526 1506 2591 i

368 2654 595 2724 «luc-isdictio
622 2652 771 2745 deleqnta
794 2662 945 2723 econtra
969 2663 1016 2724 est
1036 2677 1134 2748 quam
1154 2655 1229 2747 quis
1249 2677 1318 2722 non
1344 2655 1444 2723 habet
1491 2603 1506 2766 ,i

324 2795 340 2834 «
361 2767 436 2859 jure
450 2763 595 2858 proprio,
610 2761 670 2830 hoc
680 2770 739 2850 est,
752 2785 818 2831 non
831 2763 954 2831 ratione
966 2764 1016 2832 sui
1026 2763 1122 2832 officii
1134 2770 1190 2832 aut
1201 2763 1373 2854 dignitatis
1388 2815 1439 2850 ...,

325 2905 341 2942 «
365 2875 421 2944 sed
437 2873 543 2942 solum
564 2895 605 2940 ex
627 2871 853 2941 commissione
875 2871 1007 2941 alterius
1027 2873 1122 2965 cujus
1135 2871 1205 2941 vice
1226 2871 1394 2962 iungitur.
1421 2899 1438 2936 c

321 2980 566 3078 (Reiffenstuel.)
584 2977 634 3046 Ad
652 2978 736 3046 hanc
754 2976 864 3046 reduci
885 2984 988 3070 potest
1007 2977 1194 3071 jurisdictio
1214 3001 1313 3070 quarn
1335 3001 1440 3046 cano-

320 3096 414 3162 nistae
422 3097 541 3160 vocant
552 3087 759 3156 mandatam.
772 3087 809 3154 in
819 3109 857 3155 eo
868 3087 956 3155 enim
968 3093 1096 3154 tantum
1107 3085 1262 3154 differunt
1275 3088 1440 3156 mmtdoto

319 3217 350 3274 et
372 3203 520 3292 deleyoto
541 3196 735 3290 jurisdictio,
753 3196 840 3288 quod
862 3195 953 3288 prior
971 3194 1193 3263 committatur
1212 3217 1272 3286 pro
1296 3197 1440 3264 uuirer-
1504 3203 1505 3284 ,

319 3313 442 3382 sulitate
467 3328 652 3393 causarum,
678 3305 837 3396 posterior
863 3325 942 3372 vcro
968 3325 1028 3396 pro
1056 3303 1161 3370 causis
1186 3302 1440 3396 particularibus

320 3416 555 3502 determinatis3
574 3412 629 3482 sed
652 3435 693 3481 ex
714 3411 977 3504 frequentissimo
997 3434 1061 3479 usu
1085 3433 1150 3478 uon
1174 3410 1437 3502 distinguuntur,

317 3539 348 3598 et
365 3527 430 3596 duo
447 3521 603 3594 vocabula
617 3527 819 3612 usurpantur
833 3526 870 3587 ut
883 3541 1077 3611 synonyma.

367 3663 383 3702 «
407 3631 602 3724 Prorcqotio
621 3627 862 3721 jurisdictionis
886 3635 934 3696 est
958 3626 1103 3697 extensio
1124 3625 1365 3719 jurisdictionis
1384 3631 1438 3724 ju-

322 3775 338 3812 «
363 3745 458 3831 dicis,
475 3740 514 3809 de
538 3761 696 3808 consensu
717 3737 859 3828 partium
881 3736 976 3825 iacta,
995 3736 1082 3805 ultra
1103 3736 1224 3805 limites
1247 3737 1334 3806 intra
1355 3763 1439 3831 quos
1503 3745 1504 3784 i

324 3885 339 3922 «
363 3847 563 3942 caeteroquin
587 3853 634 3914 est
655 3845 865 3915 constricta...
889 3845 940 3912 Fit
963 3852 1104 3938 quatuor
1124 3845 1290 3938 praecipue
1313 3849 1434 3934 modis;

319 3998 336 4037 «
359 3965 509 4037 videlicet
523 3958 565 4029 de
579 3977 717 4051 persona
731 3957 771 4026 ad
784 3979 970 4052 personam,
986 3958 1026 4028 de
1040 3958 1130 4027 read
1145 3981 1226 4045 rem,
1239 3959 1279 4027 de
1292 3967 1437 4051 ternpore

1501 4127 1503 4170 t

1501 4197 1503 4232 i

318 4107 335 4146 «
358 4076 398 4146 ad
425 4083 568 4164 tempus,
586 4077 618 4137 et
640 4067 680 4136 de
702 4067 773 4138 loco
788 4068 829 4138 ad
849 4069 969 4138 locum.
988 4095 1004 4132 e
1027 4068 1261 4158 (Reiffenstucl,
1279 4068 1312 4137 in
1331 4074 1349 4138 2
1366 4070 1438 4139 De-

316 4214 333 4253 «
356 4180 481 4268 «rent,
497 4178 545 4247 tit.
568 4181 600 4264 2,
621 4199 655 4244 n.
677 4176 766 4266 122.)
