3064 4952
544 509 627 558 surus
649 511 799 558 csuonrcr.
1167 491 1228 553 217

116 645 177 718 illis
194 649 342 741 judicare
362 658 418 719 aut
437 671 550 720 earum
571 651 638 722 vim
661 648 820 743 impedire
846 673 951 743 posse,
973 657 1040 720 toto
1061 649 1233 718 confirmat

116 759 325 828 ecclesiastica
348 759 492 847 traditio,
514 761 608 850 cujus
632 760 685 830 hic
712 760 870 830 nonnulla
896 767 1022 829 tantum
1049 758 1233 828 testimonia

115 866 341 937 describimus.

157 975 357 1047 Athanasius
375 1005 381 1044 :
399 979 453 1047 Sit
472 980 564 1048 estad
575 979 745 1070 judicium
767 979 1008 1070 Episcoporum
1023 1003 1033 1043 :
1050 975 1132 1066 quid
1145 998 1233 1044 com·

115 1107 212 1154 mune
224 1109 299 1155 cum
313 1111 350 1155 eo
365 1088 463 1157 babet
479 1091 685 1181 imperator?
699 1087 807 1180 (Apol.
829 1088 876 1178 2.)

157 1192 254 1263 Ocius
275 1195 495 1266 Cordubensis
517 1225 525 1265 ι
552 1195 837 1281 Quemadmodum
856 1197 914 1286 qui
933 1208 1029 1263 taum
1055 1194 1232 1284 imperium

16 1347 17 1350 =
116 1303 267 1392 maliqm's
288 1305 389 1373 aculis
405 1305 524 1396 carpit,
543 1304 738 1375 contradicit
762 1303 967 1373 ordinationi
986 1301 1115 1383 divina,
1133 1302 1182 1370 ito
1203 1315 1234 1370 et

115 1425 148 1479 tu
163 1434 242 1480 caue
256 1435 308 1494 ne,
324 1414 354 1480 si
367 1436 440 1504 quar
453 1427 529 1482 scmt
548 1414 700 1483 Ecclesiae
714 1412 761 1482 ad
773 1425 804 1481 te
820 1411 947 1492 trabas,
966 1431 1085 1499 mopere
1102 1409 1236 1478 crimini

115 1522 270 1590 obriocius
282 1524 387 1613 fias...
406 1527 515 1615 Neque
534 1524 638 1614 ἐρέτην
653 1527 707 1616 sas
722 1536 768 1590 est
786 1522 877 1590 nobis
892 1522 926 1588 in
947 1521 1042 1588 terris
1057 1520 1234 1612 imperium

114 1644 231 1712 tenere,
245 1657 349 1726 neque
360 1646 397 1702 tu
410 1635 671 1726 thymiamatum
685 1647 717 1701 ct
728 1656 898 1703 sacrorum
911 1644 1108 1725 potestatem
1120 1631 1233 1718 bobes,

115 1739 306 1830 imperator.
327 1742 436 1834 (Apud
451 1741 589 1828 Athen„
607 1743 702 1834 epist.
720 1742 761 1811 ad
780 1741 880 1830 solit.)

155 1848 289 1918 Lucifer
313 1849 518 1919 Galaritanus
536 1877 543 1918 ι
559 1850 668 1919 Proba
692 1863 723 1918 tc
743 1849 795 1941 (ad
822 1853 1053 1941 imperatorem
1078 1849 1232 1940 loquitur)

113 1977 209 2046 super
229 1979 287 2026 aas
303 1960 431 2048 sactum
452 1957 642 2051 judicem...
671 1960 757 2027 Cam
780 1958 923 2048 probare
943 1981 1008 2025 nora
1027 1957 1142 2047 posses,
1159 1957 1237 2048 quia

108 2075 314 2156 pracceptum
328 2067 371 2133 sit
387 2066 457 2147 riti,
475 2089 538 2134 noa
554 2068 661 2136 sotum
676 2089 742 2134 nort
757 2065 929 2134 dominari
943 2065 1124 2156 Episcopis,
1138 2064 1196 2132 sed
1208 2077 1238 2133 et

115 2173 160 2240 ita
184 2195 299 2240 coram
325 2173 452 2242 obedire
475 2175 620 2255 statutis,
645 2175 735 2242 atsi
760 2173 942 2242 subvertere
967 2195 1081 2240 coram
1108 2171 1237 2241 decreta

115 2281 302 2362 tentaveras,
323 2282 351 2348 si
372 2282 474 2372 saraia
496 2283 532 2350 ia
554 2283 706 2374 superbia
732 2282 993 2373 comprehensas,
1019 2293 1124 2348 morte
1152 2281 1240 2348 mori

109 2389 225 2478 jassus
252 2389 317 2470 sis,·
347 2389 511 2481 quomoda
541 2390 646 2464 dicere
670 2391 811 2483 poteris,
839 2388 995 2481 judicare
1023 2401 1053 2455 te
1077 2411 1172 2479 posse
1200 2389 1239 2456 de

116 2497 298 2588 Episcopis,
321 2498 436 2588 quibus
460 2499 525 2566 nisi
542 2497 710 2578 obedieris,
727 2499 806 2588 jam
829 2509 992 2588 quantum
1017 2494 1110 2587 apud
1132 2501 1238 2564 Deum

116 2603 233 2670 mortis
244 2627 345 2694 poerra
358 2605 461 2694 firera's
477 2604 680 2673 mulctatus?
697 2603 781 2695 (Lib.
800 2604 827 2690 l,
846 2626 905 2695 pro
923 2603 1059 2691 Athen.)

157 2711 252 2780 Felix
266 2712 355 2804 Papa
374 2713 431 2798 ΠΙ,
447 2713 488 2781 ad
510 2713 672 2782 Zenonem
689 2713 920 2803 imperatorem
941 2738 948 2778 :
969 2713 1103 2780 Certum
1118 2724 1164 2781 est
1179 2712 1240 2781 trac

116 2820 209 2888 rebus
226 2821 338 2887 uestris
352 2842 416 2888 csse
428 2821 585 2902 salutare,
604 2834 641 2889 at
661 2843 735 2888 cam
750 2819 982 2888 ivicanstene·
996 2819 1119 2910 apitar,
1132 2821 1239 2909 jacta

117 2928 218 3018 ipsius
246 2928 459 2997 constitutum
485 2931 611 3020 rapiam
639 2929 840 2997 voluntatem
867 2927 1085 2997 sacerdotibus
1117 2929 1242 2996 Christi

117 3035 276 3104 studeatr‘s
303 3035 446 3119 subdere,
472 3060 536 3105 nora
554 3040 732 3130 praferra·
759 3048 788 3104 et
810 3049 1018 3105 sacrosancto
1042 3060 1107 3129 per
1128 3059 1241 3105 earum

117 3145 275 3213 Prasules
290 3143 408 3212 discere
416 3145 530 3238 potius
544 3169 646 3237 quam
661 3144 791 3226 docere,·
806 3144 957 3214 Ecclesiae
973 3149 1121 3238 sormam
1137 3146 1238 3237 sequi,

118 3276 183 3320 non
211 3253 289 3322 huic
317 3251 510 3320 hamanitas
534 3250 698 3344 sequenda
720 3254 807 3344 jura
825 3254 1020 3345 prmfipere,·
1040 3277 1141 3347 neque
1170 3257 1242 3347 ejus

16 3391 17 3398 ¹
117 3359 338 3429 sanctionibus
352 3360 432 3430 velle
447 3359 623 3442 dominari,
638 3361 693 3428 cui
706 3365 792 3429 Deus
807 3362 910 3429 votuit
926 3362 1134 3431 clementiam
1147 3376 1242 3433 tuom

113 3469 182 3559 piac
202 3467 382 3537 deuotionis
399 3469 483 3537 colla
502 3469 702 3538 submittere.
724 3469 837 3561 (Epist.
857 3475 889 3555 a,
904 3471 944 3538 ad
964 3471 1129 3540 Zenonem
1144 3471 1240 3563 imp.)

163 3579 345 3670 imperator
373 3577 624 3648 Valentinianus
652 3579 761 3648 senior
792 3579 984 3668 rogantibus
1014 3589 1051 3648 ut
1079 3579 1244 3672 synodum

119 3694 260 3776 cogeret,
278 3685 463 3778 respondit:
483 3683 569 3758 Mitt
585 3687 671 3753 inter
682 3686 783 3754 laicos
798 3686 986 3769 constituto,
1001 3709 1066 3755 reon
1076 3690 1130 3778 sas
1144 3702 1188 3756 est
1205 3687 1245 3757 de

120 3795 240 3863 talibus
258 3807 402 3863 statuere
410 3821 424 3878 ,·
437 3794 494 3863 sed
508 3794 689 3864 sacerdotes
712 3794 757 3864 ad
778 3817 857 3886 qaas
883 3795 922 3863 rie
947 3795 1007 3863 troc
1026 3796 1172 3886 pertinet
1182 3819 1245 3887 per

120 3902 238 3994 scipsos
264 3903 321 3970 aba·
346 3902 508 3972 voluerim
532 3915 656 3972 cocant.
686 3901 843 3994 (Sozam,
873 3873 957 3970 biist.
986 3901 1242 3989 eccl.,lib.V1‚

122 4034 148 4078 c.
175 4013 221 4100 7.)

166 4121 203 4190 S.
222 4119 415 4189 Ambrosius
433 4147 440 4188 :
463 4123 656 4210 «Augusta
673 4120 840 4189 memoriae
857 4129 947 4210 pater
965 4128 1040 4188 tuus
1056 4141 1121 4189 non
1138 4117 1244 4188 solum

129 4258 144 4292 a
166 4248 314 4298 sermone
330 4228 506 4320 respondit,
521 4229 576 4298 sed
593 4228 690 4297 etiarn
705 4227 834 4318 legibus
852 4229 920 4297 suis
943 4229 1075 4298 sanxit:
1092 4231 1130 4298 In
1146 4251 1244 4299 cansa
