3042 4946
312 448 372 514 ott
662 462 838 510 retornus
861 463 899 508 oc
922 459 1076 506 recurrens

352 613 536 681 Pnoeosnro
555 609 599 674 5².
616 642 660 656 -
676 601 796 673 Evolvi
818 602 919 669 etiam
937 598 1060 692 potuit,
1079 610 1110 666 ct
1128 597 1167 666 de
1182 599 1272 689 facto
1296 598 1441 666 erolum

307 733 354 793 cst
376 721 491 812 aliqum
512 713 699 786 hierarchia
720 710 901 804 diqaitatis,
925 731 980 776 sert
1000 707 1084 776 meri
1102 707 1235 776 horroris
1255 717 1288 774 et
1300 729 1442 799 prare-

306 830 437 901 dantia.
452 867 496 881 -
510 824 620 896 Posito
639 823 728 891 enim
748 818 862 891 diviua
882 816 1086 887 institutione
1100 815 1242 884 Romani
1256 815 1443 884 Pontificio

305 955 461 1037 tanquam
488 938 610 1011 Christi
639 937 675 1005 in
703 933 800 1002 terris
828 928 953 1000 Vicarii
982 947 1057 995 cum
1086 923 1182 1016 plena
1206 924 1442 992 universalem

304 1053 479 1123 Ecclesiam
494 1044 648 1142 pascendi
661 1067 698 1112 ac
718 1035 923 1132 gubernandi
938 1040 1105 1126 potestate,
1129 1029 1345 1122 consequitur
1363 1054 1443 1098 ma·
1508 1100 1513 1117 Ι

300 1164 373 1256 jora
395 1161 458 1253 ipsi
479 1155 591 1226 deberi
614 1149 804 1222 reverentia
829 1155 862 1214 et
887 1143 1020 1215 honoris
1046 1141 1213 1233 obsequia,
1238 1162 1343 1231 quam
1371 1139 1439 1208 ulli

303 1271 552 1364 Episcoporum,
569 1262 672 1330 immo
686 1266 718 1326 et
731 1277 831 1350 quam
840 1253 901 1322 ulli
911 1250 1098 1320 hominnm.
1111 1246 1253 1317 Proinde
1265 1246 1438 1337 dignitas,

303 1381 337 1449 id
364 1386 424 1466 est,
451 1369 669 1467 praecellentia
695 1367 751 1434 illa
776 1387 850 1457 qnae
876 1383 935 1454 per
950 1360 1006 1453 jue
1026 1357 1067 1428 ad
1088 1357 1304 1428 reverentiam
1319 1364 1357 1424 et
1372 1356 1440 1424 ho-

305 1509 419 1558 norem
442 1481 663 1565 constituitur,
685 1495 838 1568 suprema
860 1479 909 1540 est
922 1471 958 1538 in
977 1468 1126 1537 Romano
1146 1464 1314 1536 Pontifice.
1335 1463 1438 1534 Sicut

305 1606 414 1668 autem
434 1595 538 1685 potest
558 1585 742 1681 jurisdictio
760 1605 819 1674 per
837 1580 919 1648 alios
940 1575 1122 1648 exercenda
1143 1574 1314 1661 committi,
1332 1574 1438 1642 sicet

304 1707 446 1798 dignitas
461 1698 618 1772 committi
636 1704 740 1788 potest
754 1715 813 1785 per
826 1691 909 1760 alios
923 1685 1200 1782 repraesentanda.
1216 1684 1257 1752 Et
1268 1683 1351 1752 hinc
1367 1691 1435 1766 est,

305 1816 397 1886 verbi
420 1810 537 1903 gratia,
558 1804 647 1899 quod
666 1803 811 1873 maxime
829 1799 963 1869 honoris
984 1795 1140 1890 obsequia
1158 1795 1287 1883 Regum
1311 1790 1436 1881 legatis

308 1928 523 2016 praetentum
551 1937 590 1984 eo
612 1912 701 2006 quod
723 1909 846 1978 scilicet
867 1905 1058 1998 Principum
1079 1921 1214 1972 suorum
1233 1899 1435 1990 dignitatem

306 2057 342 2102 ac
365 2030 563 2122 majestatem
584 2023 828 2114 repraesentent.
854 2013 964 2086 Potuit
984 2035 1062 2103 ergo
1084 2011 1252 2080 Romanus
1274 2007 1433 2076 Pontifex

310 2143 415 2215 varios
436 2136 631 2207 constituero
649 2128 785 2222 gradus,
811 2127 903 2219 queis
925 2124 1067 2216 dignitas
1089 2143 1150 2189 sua
1175 2127 1435 2212 representare-

307 2260 372 2321 tur.
390 2244 485 2331 Quod
496 2252 528 2312 et
543 2261 657 2312 revera
669 2260 733 2306 usu
748 2235 899 2304 obtinuit.
922 2231 1109 2303 Gordiuales
1123 2228 1246 2321 quippe
1260 2227 1306 2294 ita
1318 2227 1436 2318 ponti-

309 2360 416 2428 llciam
444 2353 637 2444 dignitatem
663 2351 898 2437 representare
917 2341 1020 2413 voluit
1043 2338 1232 2432 Apostolica
1251 2335 1370 2422 Sedes,
1398 2344 1436 2402 ut

307 2469 354 2537 eis
367 2462 549 2536 reverentia
563 2460 733 2547 honorque
747 2476 784 2522 ac
799 2451 1014 2544 procedentia
1034 2471 1135 2539 supro
1153 2445 1331 2538 quemlibet
1348 2443 1437 2534 Epi-

308 2595 455 2666 scopum,
478 2565 781 2658 Archiepiscopum,
803 2559 1021 2628 Primatemve
1042 2551 1099 2625 aut
1121 2553 1345 2624 Patriarcham
1373 2552 1438 2622 de-

309 2687 434 2754 beatur.
456 2680 528 2762 Quo
546 2677 620 2768 jure
641 2670 760 2764 gaudet
781 2669 919 2763 quilibet
937 2665 1135 2754 Cardinalis,
1152 2665 1279 2734 etiamsi
1301 2669 1436 2732 mutum

309 2790 560 2861 subdiaconatus
583 2781 731 2852 ordinem
752 2777 918 2868 receperit.
937 2775 1018 2856 Qum
1039 2774 1173 2865 quidem
1190 2774 1353 2842 bonorum
1370 2773 1438 2840 ob-

310 2899 421 2992 sequia
440 2892 572 2988 quando
592 2887 820 2960 Gordinolibns
841 2889 1052 2975 praestantur,
1068 2882 1103 2950 in
1118 2881 1167 2951 eis
1180 2905 1246 2952 non
1267 2882 1436 2972 ipsorum,

309 3009 366 3078 sed
381 3005 502 3076 summi
517 2999 684 3072 Pontificis
697 3017 836 3088 persona
851 2993 1043 3064 intenditur.
1064 2992 1227 3062 Caeterum
1241 2991 1328 3060 inter
1343 2991 1438 3082 ipsos

309 3113 497 3186 Cardinales
522 3107 653 3200 speciali
678 3103 820 3196 quodam
842 3125 878 3170 ac
900 3123 999 3194 quam
1027 3099 1173 3168 maximo
1196 3098 1303 3188 gradu
1322 3099 1439 3190 ponti·

312 3227 418 3295 liciam
445 3218 636 3310 dignitatem
661 3219 870 3306 repraesentut
893 3209 1076 3280 Gordinalis
1101 3209 1244 3298 Legatos
1268 3231 1288 3276 c
1315 3209 1435 3277 datm.

310 3336 386 3403 Post
406 3325 607 3412 Cardinales,
631 3322 732 3393 variae
748 3321 933 3388 constitute
950 3325 1027 3386 sunt
1044 3315 1227 3408 praelatitiae
1244 3315 1435 3404 dignitates,

312 3440 449 3531 majores
464 3434 517 3506 vel
533 3434 687 3518 minores,
711 3435 809 3520 prout
824 3427 904 3519 ipsis
917 3425 1105 3518 Apostolica
1125 3422 1226 3494 Sedes
1240 3422 1370 3515 majora
1383 3425 1437 3492 vel

312 3550 439 3617 minora
451 3541 607 3613 concessit
621 3536 846 3632 precedentiae
865 3535 1048 3628 privilegia.

354 3658 435 3724 Item
460 3657 563 3720 stante
586 3648 700 3718 divina
719 3644 921 3714 institutione
940 3666 1005 3735 qua
1025 3642 1178 3734 Episcopi
1196 3641 1240 3710 ed
1254 3642 1436 3734 regendam

311 3765 369 3833 Dei
394 3757 570 3830 Ecclesiam
598 3754 670 3846 (etsi
693 3751 912 3845 dependenter
932 3775 952 3820 a
969 3752 1119 3820 Romano
1140 3750 1299 3820 Pontifice
1321 3759 1357 3820 et
1378 3773 1437 3843 per

304 3865 564 3963 jurisdictionem
587 3862 685 3930 abeo
705 3858 936 3951 accipiendam)
957 3858 1054 3950 positi
1080 3864 1169 3946 sunt,
1192 3879 1315 3948 magna
1340 3881 1436 3950 quee-

309 3979 384 4045 dom
400 3996 442 4041 ex
457 3972 519 4040 hoc
532 3970 605 4061 ipso
619 3969 667 4036 eis
682 3968 822 4036 inheret
834 3966 990 4057 dignitas3
1009 3989 1085 4058 quae
1099 3966 1198 4035 etiam
1213 3966 1321 4057 potuit
1332 3967 1435 4034 variis

308 4082 463 4175 gradibus
486 4099 545 4169 per
559 4077 639 4145 alios
655 4075 920 4168 representanda
938 4075 1185 4144 communicari.
1208 4074 1250 4142 Et
1265 4074 1312 4143 sic
1327 4075 1363 4142 in
1378 4097 1436 4144 ca-

308 4188 507 4262 thedralibus
529 4184 772 4275 Archidiaconi,
798 4186 1093 4278 Archipresbyteri,
1114 4184 1277 4256 Decanive
1299 4207 1337 4252 ac
1356 4185 1433 4254 aliae
