3064 4952
345 483 407 550 lid
599 547 602 554 ,
699 503 873 548 reserares
896 503 934 548 nn
957 500 1110 549 amnuens

339 645 479 714 affirmat
507 643 610 713 multo
638 643 768 732 longius
799 643 991 734 processisse
1020 664 1120 734 quam
1151 663 1264 710 revera
1292 641 1458 733 processit.

340 753 378 822 Ei
406 773 522 843 nempe
547 751 575 818 si
600 749 711 818 credas
736 750 896 842 (etmulti
921 749 1028 818 adbuc
1052 750 1089 817 in
1104 748 1220 818 Galliis
1242 748 1314 840 ejus
1327 747 1461 816 mende-

341 861 399 928 ciis
430 880 559 926 summe
584 857 788 948 simplicitate
809 856 972 948 credunt),
996 857 1093 948 juxta
1120 864 1285 948 receptum
1307 857 1349 923 ab
1374 856 1463 924 anti-

347 991 412 1060 quo
427 989 536 1052 nsum,
553 966 632 1033 etin
647 965 760 1056 Belgio
776 974 807 1034 et
821 967 856 1034 in
871 965 976 1034 Gallia
990 973 1023 1033 et
1036 963 1126 1051 alibi,
1139 965 1195 1054 jus
1205 963 1313 1056 placiti
1325 964 1413 1052 regii
1424 964 1463 1031 ad

342 1077 469 1144 decreta
483 1074 581 1142 etiam
594 1072 789 1163 dogmatica,
809 1081 842 1141 et
865 1073 967 1144 libros
983 1094 1101 1165 pravos
1119 1071 1320 1157 damnantia,
1345 1079 1464 1140 exten-

343 1206 417 1252 sum
440 1191 498 1252 est.
522 1180 617 1264 Quod
636 1189 668 1248 et
683 1179 755 1250 fieri
783 1180 901 1250 debere
916 1181 984 1274 ipse
1000 1181 1150 1249 sustinet.
1168 1178 1388 1248 Ostendamus
1405 1203 1465 1272 pro

341 1293 453 1382 Belgio
477 1299 616 1377 tantum,
633 1290 805 1360 brevitatis
827 1313 936 1378 cerua,
957 1291 1058 1382 hujus
1071 1288 1259 1358 assertionis
1274 1288 1462 1358 lslsitatem.

341 1403 387 1469 lta
402 1401 543 1491 Zypoens
559 1407 672 1468 auctor
686 1399 787 1488 Belga
805 1399 967 1490 (Analysss
984 1398 1075 1488 juris
1088 1411 1201 1490 pont,
1218 1397 1241 1464 l.
1260 1398 1284 1464 Ι.
1303 1435 1347 1448 -
1361 1398 1464 1488 Apud

344 1509 607 1602 dntisedronium
630 1507 733 1590 vind„
751 1508 829 1578 diss.
851 1514 905 1595 12,
922 1533 950 1578 c.
971 1515 1003 1596 4,
1017 1533 1050 1577 n.
1071 1509 1101 1598 5)
1127 1536 1134 1575 :
1159 1535 1176 1572 c
1201 1507 1349 1576 Proiecto
1364 1507 1395 1574 si
1415 1530 1465 1576 res

347 1649 364 1688 c
387 1630 424 1690 ut
451 1643 486 1688 se
515 1619 612 1687 habet
632 1619 850 1704 examinetur,
873 1618 914 1686 ad
939 1617 1062 1686 nullius
1082 1615 1321 1687 constitutionis
1336 1616 1466 1705 legisve

345 1759 361 1794 e
384 1728 605 1798 ecclesiasticae
627 1726 921 1817 promulgationem
948 1725 1065 1816 placito
1094 1725 1251 1816 principis
1276 1747 1357 1817 opus
1393 1747 1465 1794 esse

346 1865 362 1903 c
383 1835 555 1930 judicabit,
581 1835 639 1926 qui
666 1857 732 1905 non
753 1857 794 1903 ex
810 1834 1027 1926 praejudicata
1040 1833 1150 1924 aliqua
1164 1833 1329 1924 opinione,
1346 1832 1406 1901 sed
1425 1857 1465 1902 er

347 1972 363 2010 «
388 1966 465 2014 vero
490 1951 629 2013 statuere
657 1943 766 2011 volet:
790 1942 880 2010 nulla
904 1941 992 2010 enim
1007 1939 1334 2032 edicta(loquitnrde
1347 1939 1464 2009 edictis

345 2080 362 2119 c
387 2051 552 2144 potestatis
567 2051 745 2119 ⁴saecularis
774 2052 808 2118 in
839 2051 965 2140 Belgio]
995 2050 1027 2120 id
1060 2048 1215 2118 mandant
1239 2050 1347 2140 quoad
1372 2049 1464 2140 leges

346 2188 363 2227 c
386 2159 673 2228 constitutionesve
700 2158 901 2250 apostolicas,
927 2158 985 2226 sed
1011 2157 1123 2249 quoad
1147 2158 1304 2250 rescripta
1329 2171 1464 2227 terrum

345 2295 362 2334 c
381 2265 638 2359 privatoriam,
661 2289 761 2358 eaque
785 2289 852 2334 oon
870 2266 996 2346 omnia,
1023 2265 1080 2335 sed
1099 2266 1299 2359 beneficientia
1316 2278 1460 2336 tantum.

344 2404 361 2442 c
384 2375 466 2458 Quae
490 2375 578 2444 enim
599 2375 808 2466 reperiuntur
833 2374 868 2441 in
891 2373 1013 2442 librum
1038 2373 1220 2444 edictorum
1244 2375 1305 2443 sub
1332 2376 1463 2444 rubrica

346 2510 362 2546 a
385 2485 434 2551 De
451 2504 551 2562 causo
565 2481 756 2572 beneficiali,
773 2481 884 2550 omnia
956 2494 1073 2551 sonant
1087 2481 1128 2550 de
1141 2483 1385 2574 provisionibus
1400 2485 1463 2554 be·

347 2619 363 2655 a
387 2589 602 2658 neficialibus.
623 2625 669 2640 -
687 2589 731 2656 At
753 2609 842 2674 vero,
866 2611 933 2658 non
954 2612 1050 2658 nemo
1072 2590 1167 2679 dicet,
1196 2614 1275 2659 usus
1300 2591 1398 2660 habet
1429 2603 1464 2662 nt

346 2698 540 2789 «placitum
571 2719 631 2788 pro
661 2719 867 2789 quocumque
894 2697 1070 2789 diplomate
1097 2707 1235 2790 petatur.
1260 2738 1305 2751 —
1325 2700 1399 2770 Jam
1426 2703 1462 2770 in

346 2805 546 2898 «principio
571 2805 655 2893 dixi,
681 2827 732 2873 me
758 2829 912 2899 seponere
939 2807 1191 2899 praejudicatum
1214 2808 1315 2896 bunc,
1345 2809 1373 2876 si
1394 2833 1462 2878 non

344 2941 361 2978 c
385 2934 542 2998 errorem,
569 2920 602 2981 at
627 2912 834 3003 opinionem;
859 2923 891 2982 et
916 2914 1093 3004 disputare,
1114 2937 1156 2984 an
1170 2913 1313 2984 edictum
1327 2916 1461 3009 aliquod

345 3048 362 3087 c
384 3022 425 3090 sit
450 3020 537 3114 quod
563 3020 651 3089 hunc
667 3043 762 3089 usum
780 3023 906 3109 lirmet;
931 3031 963 3091 et
978 3045 1044 3092 non
1058 3045 1128 3092 esse
1142 3022 1376 3094 demonstravi.
1396 3025 1461 3095 Sed

343 3157 359 3194 c
383 3129 469 3221 quod
487 3128 633 3220 plerique
646 3128 704 3220 qui
718 3129 823 3198 Roma
837 3130 962 3222 aliquid
975 3130 1151 3222 accipiunt,
1170 3131 1323 3223 placitum
1336 3143 1458 3224 petant,

342 3263 358 3301 (ι
382 3235 419 3304 fit
446 3237 523 3328 qnia
549 3234 591 3303 nd
620 3257 739 3304 nomen
762 3236 830 3306 fisci
858 3246 888 3306 et
915 3238 1021 3307 minas
1051 3239 1235 3329 ingentium
1263 3241 1460 3311 muletarum

343 3367 495 3412 «omnes
520 3343 676 3436 privatim
700 3343 916 3414 abborrent...
943 3371 959 3410 »
984 3347 1073 3436 Ergo
1099 3347 1135 3414 in
1159 3347 1273 3438 Belgio
1300 3372 1341 3416 ex
1372 3350 1460 3419 nulla

338 3453 428 3522 civili
456 3451 538 3542 lege,
568 3475 610 3521 ex
637 3451 729 3520 nullo
755 3453 859 3520 edicto
882 3454 1108 3545 requirebatur
1131 3454 1286 3545 placitum
1315 3457 1456 3546 regium,

342 3562 403 3632 nisi
425 3585 483 3652 pro
497 3561 662 3653 rescriptis
681 3560 723 3628 ad
736 3560 892 3651 privatos,
910 3571 941 3630 et
958 3569 1084 3630 tantum
1100 3583 1160 3652 pro
1176 3562 1343 3655 rescriptis
1359 3564 1458 3633 bene-

339 3675 411 3744 ficia
425 3669 706 3743 concernentibus.

382 3779 532 3864 PeckiuS,
555 3776 656 3866 Belga
681 3783 712 3843 et
736 3775 817 3867 ipse,
840 3783 870 3844 et
893 3775 971 3845 olim
996 3777 1030 3843 in
1059 3799 1179 3867 magno
1201 3778 1307 3868 Belgii
1323 3781 1457 3850 consilio

338 3889 556 3974 consiliarius,
580 3886 628 3953 sic
649 3884 746 3952 habet
768 3884 808 3954 de
833 3885 950 3977 placito
974 3886 1091 3976 regio:
1115 3912 1132 3951 c
1155 3887 1260 3970 Quam
1283 3899 1457 3958 consuetu-

343 4028 359 4066 «
382 3999 493 4066 dinem
515 4001 546 4061 et
571 3990 690 4060 multas
703 3991 782 4060 alias
796 3992 943 4083 ejusdem
958 3993 1087 4082 farinae,
1104 4017 1170 4063 non
1184 4017 1278 4086 posse
1291 3995 1366 4086 jure
1381 3998 1456 4066 satis

342 4136 358 4173 a
382 4099 511 4176 delendi
534 4109 626 4194 puto,
649 4107 684 4169 ut
709 4123 783 4191 quae
800 4100 939 4170 libertati
960 4103 1180 4172 ecclesiasticae
1196 4103 1378 4196 plurimum
1395 4106 1455 4175 ad-

343 4245 359 4280 «
383 4219 566 4296 versantur,
595 4215 626 4275 et
644 4206 781 4298 proinde
804 4231 869 4278 non
892 4209 1000 4280 valent
1016 4210 1103 4303 apud
1115 4211 1221 4302 justos
1237 4221 1268 4281 et
1282 4213 1454 4284 catholicos
