3064 4952
610 519 692 568 soris
715 517 865 568 cmomct.
1236 501 1298 565 iss

183 687 201 726 ι
224 660 310 750 pulis
332 659 468 730 ecclesiis
487 661 568 752 quid
591 661 760 730 obseruare
783 661 921 732 debeant
947 659 1111 730 euidenter
1136 658 1297 728 ostendat.

230 797 248 833 ιι
271 768 384 837 Auitus
406 791 485 838 vero
510 767 551 836 ad
577 769 816 838 Hormisdsm:
846 771 1039 853 Quusumus
1053 781 1092 838 ut
1118 767 1201 861 quid
1221 769 1301 859 filiis

185 879 340 947 «eastris
366 879 528 970 fratribus
561 879 656 962 mers,
684 878 720 948 id
743 890 805 960 est,
832 879 1023 970 pullicenis,
1053 879 1083 947 si
1110 879 1299 958 cousulant,
1391 893 1393 900 ’

187 1015 205 1052 ιι
228 985 421 1078 respondere
434 986 580 1069 deleam,
597 985 810 1056 instruatis...

231 1123 248 1160 ι
271 1095 516 1164 aurelianenses
537 1095 665 1177 Patres,
693 1095 751 1186 qui
765 1094 957 1164 cononicam
971 1095 1114 1165 formam
1128 1096 1164 1165 in
1180 1103 1302 1164 metro-

185 1230 204 1270 ιι
227 1203 447 1295 politenorum
467 1203 622 1274 electione
646 1204 843 1274 servandam
865 1226 907 1273 ex
923 1203 1119 1296 Apostolicae
1136 1204 1231 1274 Sedis
1244 1203 1302 1273 de·

186 1339 204 1376 ιι
227 1312 324 1380 cretis
339 1319 530 1404 repetunt...

227 1447 249 1486 ιι
270 1417 393 1488 Audiat
410 1420 546 1490 ivonem
563 1419 812 1506 Carnotensem,
830 1419 973 1511 graviter
993 1442 1109 1490 eorum
1129 1421 1301 1490 eudociam

187 1557 204 1592 ιι
227 1535 474 1618 coarguerem,
502 1527 561 1620 qui
587 1534 700 1596 contra
720 1527 840 1596 Sedom
864 1528 1087 1620 Apostolicam
1114 1537 1212 1621 caput
1237 1530 1302 1598 eri·

185 1665 204 1702 ιι
228 1645 330 1726 gunt,
352 1637 448 1728 cujus
463 1634 603 1727 judiciis
624 1648 656 1704 et
673 1635 957 1704 comtitutiouibus
983 1635 1126 1719 obviare,
1137 1638 1243 1729 plane
1257 1650 1303 1706 est

186 1774 204 1810 ι
227 1745 387 1816 heretica
407 1744 590 1837 maritatis
609 1755 725 1814 uotam
747 1745 932 1827 incurrere;
955 1745 996 1812 ad
1016 1768 1117 1838 quam
1125 1746 1303 1838 priempe-

187 1885 205 1922 ιι
229 1856 849 1948 literetqeucralissimepertioeattam
860 1858 1192 1949 Metropolitauomm
1202 1881 1303 1948 quam

189 1993 205 2032 ι
227 1979 419 2036 ceruorum
433 1966 672 2058 Episcaporum
738 1965 981 2034 constitutiones
996 1979 1027 2034 et
1033 1964 1166 2056 judicia
1178 1979 1303 2036 retrac-

188 2088 316 2158 «tare,
342 2098 417 2143 suus
443 2097 518 2144 vero
537 2074 740 2143 inconcessas
767 2072 908 2142 detinere
923 2087 962 2142 ‘et
986 2075 1108 2143 nullius
1140 2074 1303 2164 inferiores

189 2209 205 2248 ιι
221 2181 353 2275 judicio
367 2182 595 2251 retractandas
608 2181 661 2252 ool
671 2180 881 2272 corripeudas
896 2181 1079 2250 concedere.

234 2319 251 2356 ιι
272 2292 388 2360 Latere
410 2290 507 2360 illum
529 2289 658 2381 (Eybel)
678 2312 745 2358 non
769 2289 910 2358 debuere
931 2291 1137 2380 gravissimu
1154 2313 1301 2360 censurae

188 2400 385 2470 «adversus
421 2399 587 2468 famosum
621 2397 846 2489 Spaletensem
884 2405 1063 2490 apostolam
1106 2397 1147 2466 ab
1176 2399 1301 2489 insigni

188 2537 205 2574 ιι
228 2507 409 2598 theologice
422 2506 572 2577 facultate
593 2507 769 2575 Parisiensi
785 2507 900 2574 letos...
918 2507 961 2574 Hi
977 2497 1203 2576 1111111111111
1218 2508 1302 2600 Spa·
1317 2561 1318 2566 ι

190 2643 206 2681 ιι
229 2615 362 2684 intensis
391 2637 593 2684 errores...:
629 2617 667 2682 Iu
694 2613 839 2683 Ecclesia
874 2637 941 2683 uon
969 2613 1045 2683 dari
1070 2627 1176 2684 uuu'm
1203 2629 1303 2708 caput

189 2753 206 2790 ι
229 2747 419 2817 mpremum
442 2737 472 2793 et
492 2725 707 2792 monarcham
721 2737 848 2815 preter
869 2726 1050 2794 Christum.
1068 2763 1113 2778 -
1126 2727 1303 2817 Epucopos

188 2859 205 2898 ι
229 2855 340 2901 omues
359 2832 461 2900 simul
482 2845 513 2900 et
535 2831 728 2900 insolidum
751 2831 887 2902 eamden
901 2855 1010 2923 repere
1025 2833 1222 2920 Ecclesiam,
1237 2833 1303 2902 siu-

189 2970 206 3008 ι
229 2943 322 3034 pulos
336 2965 413 3011 cum
423 2942 523 3034 plena
531 2953 707 3033 potestate.

235 3051 430 3121 «Gallicani
459 3049 621 3119 Praesules
641 3051 676 3118 in
704 3051 846 3119 comitiis
865 3074 951 3120 anno
978 3053 1058 3119 1681
1082 3075 1089 3118 :
1111 3054 1220 3145 Caput
1243 3066 1300 3136 est,

189 3189 206 3228 ιι
229 3165 399 3257 inquiunt,
419 3163 585 3246 Ecclesia,
613 3175 761 3232 centrum
781 3163 945 3231 unitatis:
969 3162 1091 3231 obtinet
1116 3163 1171 3232 illc
1185 3165 1220 3231 iu
1245 3188 1303 3233 uos

187 3299 204 3337 ιι
226 3275 413 3366 primatum
423 3273 629 3341 auctoritatis
640 3283 671 3340 et
680 3269 921 3363 jurisdictionis
932 3269 1024 3338 silio
1038 3271 1169 3340 Christo
1180 3275 1256 3341 lesu
1268 3274 1303 3342 iu

188 3411 205 3449 ι
224 3405 366 3476 persona
381 3381 487 3450 saucti
500 3379 591 3449 Petri
603 3379 782 3448 collatum:
795 3379 853 3470 qui
864 3379 906 3448 ab
921 3379 984 3447 lac
998 3379 1137 3447 ueritate
1155 3378 1304 3448 dissenti-

190 3519 207 3556 ιι
231 3504 291 3574 ret,
309 3489 545 3571 schismaticus,
563 3487 666 3556 immo
685 3500 716 3555 et
729 3487 901 3556 hereticus
919 3499 1008 3555 esset.
1029 3513 1045 3550 »
1065 3487 1181 3576 (Breve
1196 3489 1305 3577 Super

185 3598 368 3685 soliditate,
385 3597 570 3668 Bullorium
585 3595 828 3677 continuatum,
848 3604 870 3663 t.
890 3595 967 3682 Vll,
985 3619 1016 3686 p.
1037 3595 1125 3684 671.)

624 3823 813 3882 ARTICULUS
833 3825 862 3876 V.

412 3985 593 4028 sueonum
613 3987 646 4026 ttx
667 3985 750 4026 natta
772 3991 785 4017 ί(
805 3984 944 4026 AUCTORE!
965 3983 1046 4025 sinat.
1068 3991 1081 4016 ¹¹

234 4144 272 4213 In
297 4166 335 4212 es
355 4144 476 4236 quippe
498 4142 606 4222 bulla,
635 4139 812 4232 propositio
832 4148 924 4207 sexte
946 4137 1151 4207 Pistoriensis
1175 4135 1303 4228 synodi,

189 4277 265 4352 quse
294 4251 477 4346 oppositam
507 4247 688 4319 doctrinam
717 4245 925 4335 obtrudebat,
956 4248 1000 4314 sic
1025 4245 1179 4316 damnata
1210 4247 1271 4316 suit
1300 4271 1307 4316 1
