3068 4948
560 497 643 544 runis
666 498 817 545 cenorum.
1187 483 1247 546 303

127 635 192 702 Alii
222 657 335 727 nempe
361 634 542 704 dominium
564 637 645 705 illud
668 638 816 705 Ecclesire
839 638 1041 715 attribuunt;
1068 639 1121 707 alii
1145 663 1248 732 neque

127 744 291 831 Ecclesiae,
312 744 367 812 sed
387 746 447 813 soli
471 747 538 812 Deo
558 745 609 812 vel
624 745 754 814 Christo
770 747 956 814 dominium
973 749 1103 838 proprie
1127 750 1249 820 dietum

126 861 306 930 vindicant.

174 971 252 1036 3⁰A
276 967 404 1037 duobus
426 968 595 1059 praedietis
614 969 855 1059 questionibus
875 971 1012 1040 omnino
1029 971 1250 1065 independens

126 1086 176 1143 est
196 1099 234 1146 ee
254 1099 351 1167 quern
377 1098 464 1144 nune
484 1075 683 1144 tractandam
704 1075 862 1146 hebemus
882 1103 888 1144 :
907 1085 1017 1146 utrum
1040 1101 1155 1171 nempe
1179 1083 1251 1154 Ro-

127 1207 244 1253 manus
269 1187 418 1256 Pontifex
442 1187 496 1279 jus
514 1187 631 1254 habeat
657 1186 844 1254 conferendi
872 1189 1099 1281 quodcumque
1125 1193 1247 1262 henefi-

126 1295 215 1362 cium
236 1296 499 1383 ecclesiasticum,
525 1296 634 1364 ubivis
663 1305 824 1364 terrorum
849 1296 1042 1366 heneficium
1070 1300 1153 1368 illud
1178 1303 1249 1369 exi-

125 1409 202 1469 stat.
242 1402 317 1470 Sive
355 1404 441 1470 enim
473 1403 561 1493 Papa
588 1402 651 1470 diei
681 1402 795 1470 debent
830 1403 975 1470 omnium
1017 1405 1247 1475 beneficiorum

126 1509 291 1590 domiuus,
321 1511 391 1578 sive
410 1518 537 1577 tentum
564 1531 736 1600 supremus
757 1508 1028 1593 administratum·
1050 1523 1082 1580 et
1096 1514 1163 1582 sive
1188 1515 1249 1586 do-

127 1615 267 1685 minium
289 1619 420 1710 proprie
447 1618 569 1686 dietum
596 1639 693 1708 penes
708 1619 883 1686 Ecclesiam
903 1620 1053 1708 resideat,
1072 1624 1139 1692 sive
1151 1647 1248 1715 penes

125 1725 234 1794 solum
262 1725 426 1796 Christum
451 1735 482 1794 et
507 1728 632 1824 Deum;
665 1727 806 1794 dicimus
826 1729 866 1796 ad
891 1728 1007 1797 Sedem
1029 1733 1248 1821 Apostolieem

125 1833 288 1922 pertinere
313 1855 504 1924 supremum
521 1835 576 1926 jus
603 1834 758 1902 beneficia
784 1836 984 1904 conferendi.
1002 1838 1095 1918 Quod
1111 1863 1247 1932 sequen·

126 1939 215 2006 tibus
229 1943 430 2029 argumentis
444 1942 616 2010 evincitur.

174 2049 338 2118 Probatur
356 2054 388 2116 1ο
403 2089 448 2102 -
461 2054 517 2118 Ee:
540 2073 575 2117 eo
592 2050 680 2140 quod
694 2073 841 2118 summus
866 2054 1019 2142 Pontifex
1033 2055 1246 2126 univmsulem

125 2158 308 2226 Ecclesium
324 2157 456 2249 rependi
476 2158 603 2248 plenem
629 2165 818 2248 potestatem
847 2158 978 2226 tabeat.
996 2200 1040 2212 —
1059 2162 1138 2230 Haee
1154 2165 1249 2253 plena

127 2267 300 2355 regiminis
325 2275 464 2359 potestus
491 2268 530 2334 de
555 2267 620 2334 lide
647 2277 706 2351 est,
733 2269 1026 2358 utpoteaeoneilio
1050 2275 1248 2340 oeeumenieo

127 2373 319 2442 Florentino
348 2375 509 2465 expressis
538 2375 686 2442 terminis
716 2373 862 2459 definita,
892 2384 923 2442 et
948 2384 1101 2467 tanquam
1130 2378 1249 2470 dogma

127 2483 323 2551 catholicum
357 2485 428 2551 aliis
459 2482 683 2574 peremptoriis
709 2483 958 2549 auetoritatibus
982 2494 1114 2552 asserta.
1147 2487 1248 2555 Porro

127 2590 225 2681 plena
246 2613 312 2658 nou
337 2601 419 2659 esset
438 2591 492 2658 illa
517 2599 667 2680 potestne,
697 2590 724 2656 si
749 2597 936 2680 potestatem
958 2591 1113 2660 beneficia
1138 2595 1247 2663 conle-

127 2701 221 2768 rendi
246 2723 311 2768 non
336 2701 515 2768 includeret
533 2729 540 2767 :
557 2701 612 2768 ille
637 2701 725 2768 enim
750 2708 889 2789 potestus
907 2700 1002 2790 plena
1023 2724 1087 2769 non
1112 2711 1247 2794 estque

128 2809 310 2896 coneipitur
328 2807 450 2898 major3
474 2817 505 2874 et
520 2807 625 2898 major
646 2815 731 2874 certe
746 2806 926 2896 concipitur
948 2816 980 2874 et
992 2818 1039 2875 est
1053 2819 1193 2899 potestas
1207 2812 1247 2879 ed
1363 2809 1371 2818 ’

128 2937 228 3005 quem
254 2915 350 2985 etiam
379 2916 553 3006 pertineret
568 2937 756 3006 supremum
782 2915 836 3004 jus
859 2915 1015 2984 beneficia
1036 2917 1248 2987 ecclesiastiea

129 3025 329 3093 conterendi.

175 3132 340 3200 Probatur
355 3137 387 3199 2⁰
400 3173 445 3184 -
460 3134 514 3200 Er
530 3131 669 3223 eoquod
685 3145 840 3222 repupnet
855 3137 1041 3204 Romanum
1058 3139 1248 3230 Pontificem

130 3263 193 3308 non
216 3263 280 3308 esse
301 3263 491 3332 supremum
516 3242 673 3309 bonorum
696 3241 980 3312 ecelesiasticorum
1001 3243 1248 3316 administrato-

131 3373 210 3418 rem.
226 3350 366 3418 -Nam
393 3357 517 3418 eertum
547 3359 594 3417 est
618 3348 793 3416 Ecclesium
824 3372 892 3416 esse
922 3353 1105 3420 societatem
1133 3377 1190 3445 per
1215 3379 1248 3424 se

132 3465 269 3524 stentem
301 3467 332 3524 et
351 3457 576 3548 ¹eompletum;
607 3465 703 3547 atque
729 3479 800 3524 eam
830 3459 1023 3526 constituere
1048 3468 1167 3530 statum
1192 3486 1249 3532 seu

131 3591 269 3656 regnum
301 3570 431 3659 proprie
460 3568 598 3652 diotum3
630 3569 674 3634 itn
706 3577 741 3633 ut
769 3569 865 3634 etiem
893 3570 1068 3636 tenendum
1095 3572 1137 3638 sit
1160 3572 1248 3641 illam

132 3699 199 3744 esse
226 3697 335 3742 veram
365 3675 599 3742 monarchiam.
624 3675 715 3742 Licet
742 3665 854 3740 autem‘
873 3697 1010 3761 regnum
1029 3676 1109 3744 illud
1126 3680 1248 3747 ratione

132 3785 208 3852 finis
235 3784 403 3875 spirituale
429 3785 481 3868 sit,
503 3795 534 3850 et
557 3806 622 3851 non
644 3784 831 3874 temporale,
855 3783 914 3850 hoc
931 3805 995 3850 non
1018 3785 1154 3874 impedit
1169 3788 1248 3878 quin

133 3894 277 3960 strictum
305 3900 336 3959 et
365 3891 588 3981 independens
608 3891 662 3980 jus
688 3890 802 3958 hebent
824 3889 863 3956 ed
894 3889 994 3958 multo
1021 3893 1200 3982 eorpurulin
1218 3906 1250 3962 et

133 4001 339 4094 temporalia:
362 4001 471 4092 qualia
490 4007 567 4068 sunt
589 4021 726 4091 corpore
750 4001 818 4090 ipsa
841 3998 1000 4086 fidelium,
1023 4003 1169 4069 nraterire
1194 4027 1251 4071 sn-

135 4118 386 4193 nrementnrum‚
408 4108 616 4176 ecelesiarum
638 4107 787 4192 aedifieio,
812 4116 843 4174 et
867 4107 952 4175 bone
971 4108 1035 4176 alie
1058 4113 1248 4198 materialis,

136 4217 264 4312 abipsa
289 4217 457 4310 aequisita,
487 4215 526 4284 ed
554 4217 715 4306 impensas
737 4215 843 4284 cultus
864 4217 946 4284 seori
970 4224 1002 4284 et
1027 4217 1250 4292 ministrorum
