3050 4946
481 481 563 528 turns
585 481 734 528 canonici.

566 771 588 862 ς
611 771 652 841 ιι.

275 957 397 1016 Quonam
413 956 446 1009 rit
461 958 544 1012 torma
561 959 666 1014 eooluis
682 959 806 1015 noctura
822 965 937 1030 propria.

93 1164 278 1232 Prorosrrro
302 1167 346 1232 1².
365 1203 409 1217 -
422 1167 568 1236 Ecclesia
589 1191 610 1236 a
634 1169 761 1239 Glrrr'slo
782 1169 934 1239 inlitum
957 1185 1003 1239 eal
1028 1185 1163 1242 extensu

41 1285 80 1340 et
96 1270 244 1341 visibiles.
256 1311 300 1325 -
311 1272 337 1340 Ι.
350 1271 512 1343 Probatur
525 1297 567 1344 ex
581 1276 689 1346 verbis
704 1276 836 1346 Christi.
849 1317 895 1331 -
906 1277 1057 1348 Christus
1071 1281 1161 1350 enim

41 1379 226 1448 Ecclesiam
242 1402 338 1450 snam
357 1381 516 1473 expressit
535 1383 621 1475 typis
638 1384 745 1473 regni,
763 1384 912 1474 civitatis,
929 1385 1038 1476 ovilis,
1055 1386 1162 1456 aedifi-

42 1488 103 1574 eii,
120 1494 152 1555 et
165 1486 326 1579 eorporis3
342 1489 432 1580 atqui
449 1490 519 1581 typi
538 1490 592 1558 isti
609 1489 772 1560 visibilem
792 1493 979 1563 societatem
1000 1493 1158 1564 referunt.

42 1599 87 1664 In
112 1619 214 1687 regno
241 1597 342 1684 enim,
371 1607 407 1666 ut
433 1621 491 1668 rex
519 1599 619 1691 possit
643 1621 767 1691 regere,
796 1601 890 1671 debet
915 1601 1062 1672 subditos
1087 1626 1164 1674 suos

42 1704 245 1788 disseruere,
256 1713 287 1772 et
300 1703 382 1774 seire
400 1705 456 1774 ubi
478 1706 554 1793 sint,
566 1715 598 1776 et
616 1730 708 1799 posse
722 1708 795 1779 illos
808 1709 942 1803 alloqui,
955 1733 1030 1803 qua
1051 1711 1163 1780 omnia

42 1819 126 1880 suut
147 1812 364 1905 impossibilia
385 1812 413 1882 si
432 1813 556 1884 subditi
580 1815 645 1884 sint
665 1816 728 1908 ipsi
747 1817 941 1905 invisibiles;
957 1828 990 1887 et
1003 1819 1161 1906 vicissim,

44 1923 113 1990 nisi
132 1945 191 1992 rex
211 1923 253 1992 sit
266 1923 402 1992 visibilis
423 1923 575 2008 subditis,
592 1922 625 1991 id
645 1931 704 2008 est,
720 1923 783 1991 nisi
804 1924 927 1993 subditi
947 1925 1071 2016 possint
1091 1927 1162 1995 dis-

43 2051 179 2099 seruere
195 2029 252 2098 ubi
272 2029 313 2098 sit
335 2036 367 2098 et
387 2030 523 2121 quinam
541 2030 594 2118 sit,
610 2039 641 2098 et
656 2029 758 2121 ipsius
780 2038 940 2122 praecepta
954 2029 1080 2119 andire,
1097 2056 1163 2102 uon

42 2146 200 2230 poterunt
218 2139 248 2206 ei
261 2145 426 2234 ¹tauquam
455 2137 524 2229 regi
547 2137 676 2230 subjici.
704 2137 786 2206 Item
811 2137 845 2205 in
866 2160 968 2228 reguo
992 2141 1163 2209 necessarii

43 2251 125 2312 sunt
150 2245 370 2334 magistratus,
392 2245 453 2314 snb
478 2245 549 2336 ipso
571 2267 648 2336 rege
675 2255 801 2336 partem
827 2245 965 2336 quisque
989 2245 1159 2334 regiminis

42 2361 244 2422 exercentes.
265 2355 367 2424 Porro
387 2353 603 2447 impossibiles
624 2361 701 2423 suut
721 2353 929 2443 magistratus
951 2354 1158 2445 hujusmodi,

43 2463 110 2530 nisi
122 2471 155 2531 et
165 2483 223 2530 rex
237 2461 317 2554 ipsis
327 2461 465 2530 visibilis
476 2461 518 2530 sit
530 2472 562 2530 et
576 2459 640 2554 ipsi
651 2459 794 2528 visibiles
806 2460 872 2527 sint
883 2460 954 2548 regi
965 2468 997 2528 et
1007 2459 1157 2530 subditis.

40 2571 118 2638 lmo
136 2592 213 2638 eum
239 2567 361 2638 subditi
385 2569 522 2638 debeant
543 2569 667 2637 actione
694 2567 863 2636 communi
885 2568 927 2636 ad
951 2566 1051 2636 finem
1072 2591 1161 2638 eom·

40 2699 181 2748 munem
208 2675 451 2768 tranquillitatis
481 2674 622 2767 publicae
654 2695 860 2759 concurrere,
889 2696 1017 2744 neeaeso
1045 2685 1094 2743 est
1123 2685 1159 2745 ut

41 2787 109 2853 sint
122 2786 164 2854 ad
180 2783 322 2856 invicem
336 2783 492 2854 visibiles.
511 2785 600 2874 Ergo
621 2807 662 2852 ex
679 2793 758 2874 typo
773 2782 866 2873 regni
884 2782 1031 2875 sequitur
1050 2784 1160 2855 Eeole-

41 2896 128 2963 siam
157 2917 225 2964 esse
250 2894 413 2964 visibilem
420 2921 429 2980 ;
455 2903 486 2962 et
512 2892 600 2963 idem
630 2892 806 2962 dicendum
836 2892 876 2960 de
902 2901 981 2984 typo
1007 2893 1158 2983 civitatis,

41 3011 79 3072 ut
109 3010 206 3094 patet.
240 3000 394 3093 Sequitur
422 2999 522 3070 etiam
548 3002 729 3093 proprietas
758 2999 959 3069 visibilitatis
989 3022 1031 3068 ex
1063 3001 1159 3071 ovilis

41 3120 123 3201 typo
152 3137 159 3176 :
190 3108 252 3178 nisi
280 3109 370 3178 enim
400 3130 478 3178 oves
504 3117 626 3200 pastor,
654 3117 686 3176 et
714 3115 877 3199 pastorem
907 3128 984 3176 ores
1013 3108 1156 3195 videant,

39 3221 217 3292 subsistere
236 3221 321 3293 ovile
342 3221 527 3291 nullatenus
546 3226 660 3312 potest.
683 3215 777 3299 Quod
792 3216 891 3286 etiam
911 3215 947 3284 in
965 3216 1037 3285 aliis
1058 3219 1157 3310 typis,

39 3353 161 3423 nempe
184 3331 317 3401 moralis
341 3329 471 3400 aedifioii
494 3339 526 3400 et
552 3329 710 3421 eorporis,
732 3326 828 3396 iaeile
852 3326 1014 3396 verificari
1040 3335 1156 3419 potest.

40 3477 87 3492 -
99 3439 199 3508 Multa
213 3439 276 3509 alia
291 3449 368 3509 sunt
379 3438 480 3508 verba
493 3437 614 3508 Christi
629 3446 662 3504 et
674 3435 853 3526 Scripturas
868 3456 968 3504 saorae
979 3456 1054 3525 quae
1065 3457 1158 3504 eam-

40 3545 118 3614 dem
138 3545 359 3615 visibilitatem
383 3544 535 3616 Eeelesiae
556 3543 782 3612 demonstrant
799 3567 806 3608 :
828 3545 859 3608 1ο
876 3543 922 3609 Tu
939 3563 971 3609 es
985 3544 1113 3625 Petrus,
1128 3556 1159 3610 et

39 3676 138 3746 super
154 3654 240 3722 tane
256 3666 392 3746 petram
415 3651 584 3745 aedificabo
601 3648 784 3743 Ecclesium
804 3670 924 3717 meam.
941 3647 990 3717 Ibi
1004 3649 1161 3739 exprimit

38 3761 190 3831 Christus
217 3782 312 3830 suam
337 3760 522 3830 societatem
548 3759 608 3827 niti
633 3755 752 3825 debere
776 3755 873 3824 Petro
896 3755 1044 3843 bomine,
1072 3755 1157 3824 sieut

40 3867 219 3937 aedificium
248 3867 462 3938 fundamento
490 3867 618 3936 nititur.
650 3864 715 3933 Sed
744 3885 802 3931 nee
829 3861 959 3949 Petrus,
986 3885 1046 3930 nee
1071 3861 1156 3931 ullus

38 3975 141 4044 bomo
161 3983 353 4067 potestesse
373 3973 626 4044 fundamentum
648 3969 787 4061 alicujus
806 3968 965 4037 societatis
988 3967 1156 4056 humanas,

39 4083 104 4153 nisi
122 4083 265 4152 visibilis
285 4085 328 4153 sit
346 4083 537 4154 bominibus
558 4083 642 4151 hane
665 4079 851 4149 societatem
876 4075 1156 4168 componentibus,

41 4201 72 4258 et
93 4190 128 4258 bi
144 4191 288 4260 vicissim
310 4191 376 4262 sint
399 4192 466 4284 ipsi
485 4189 639 4260 visibiles.
657 4193 690 4258 2⁰
708 4191 807 4256 Posce
827 4207 927 4277 oprws
942 4205 1028 4252 meos
1035 4207 1050 4266 ,·
1059 4205 1158 4274 posce
