3068 4948
280 431 341 502 ill
633 455 807 502 'rnscrsnns
830 457 868 502 ns
891 456 1044 503 emanans

279 596 437 687 expressit
462 596 512 666 his
532 596 671 668 vertis:
702 597 822 666 Omnia
846 595 998 688 benficia
1021 597 1154 666 subsunt
1179 600 1293 688 Papa,
1318 608 1399 664 ton·

280 725 382 796 quom
409 703 595 776 ordinatori
618 727 781 798 aspremo,
806 728 874 776 non
898 717 1062 798 tanquam
1081 703 1215 774 dotano
1238 715 1298 774 ont
1318 725 1403 824 pos·⁵
1525 773 1526 804 1

279 814 395 882 sessori
417 842 428 880 :
453 815 557 886 immo
582 839 638 886 nec
665 829 827 908 tanquam
855 813 1047 888 immediato
1073 814 1302 908 dapenntort',
1333 815 1402 882 nass
1525 837 1526 840 ¹

277 922 495 1013 praelatorum
527 925 723 1014 inferiorum
756 925 916 1018 imquitas
946 938 1005 994 out
1040 924 1216 1017 manifesto
1244 924 1402 995 Ecclesiae

281 1029 408 1100 utilitas
435 1033 561 1104 canan
584 1035 678 1104 certes
705 1034 795 1106 etot
818 1035 959 1126 esiqeret
988 1035 1023 1124 (t.
1053 1033 1082 1104 11
1107 1033 1253 1124 Operum
1278 1033 1404 1102 veteris
1524 1107 1526 1132 1

282 1138 374 1228 edit,
395 1163 428 1232 p.
446 1141 515 1232 22).
537 1142 624 1216 Dum
643 1154 751 1216 anana
773 1143 843 1214 vult
858 1144 994 1236 Papam,
1014 1151 1108 1213 extra
1121 1165 1233 1212 essum
1247 1141 1404 1212 utilitatis
1525 1133 1526 1148 ¹

280 1256 337 1316 ant
356 1247 477 1320 abusus
499 1273 541 1320 ex
561 1258 651 1342 panc
672 1251 864 1322 collstmum
880 1250 1087 1336 interiorum,
1104 1273 1173 1320 esse
1188 1258 1315 1320 tantum
1331 1247 1404 1318 dis-

274 1369 486 1446 pensatorem
512 1358 706 1442 mediatum,
733 1382 850 1451 parum
872 1369 1019 1430 ammata
1043 1358 1172 1430 locutus
1194 1365 1243 1428 eat
1267 1384 1275 1425 :
1305 1379 1401 1442 nam,

250 1487 253 1494 ’
280 1474 373 1533 extra
396 1466 569 1558 predictos
591 1491 696 1556 casus,
719 1467 773 1539 val
794 1471 910 1560 poterit
933 1469 1023 1562 Papa
1044 1489 1160 1558 cogere
1179 1467 1332 1562 praelatas
1346 1469 1405 1535 in-

281 1573 414 1644 feriores
434 1575 476 1646 ad
498 1575 730 1648 conterendum
753 1575 945 1648 nuncium
969 1597 1117 1668 persona
1137 1598 1236 1667 quam
1260 1575 1331 1666 ipse
1351 1575 1405 1643 eis

281 1679 476 1772 designabit,
499 1683 551 1751 vel
577 1707 654 1754 nou.
683 1685 720 1754 Si
742 1693 892 1777 nequeat,
916 1707 1021 1776 neque
1040 1693 1088 1752 est
1107 1683 1310 1776 dispensator
1327 1706 1405 1752 me-

283 1789 419 1862 diatos:
444 1793 472 1861 si
488 1793 599 1885 possit,
620 1817 699 1885 ergo
721 1795 755 1864 in
779 1815 814 1862 re
835 1793 904 1886 ipse
927 1793 989 1862 erit
1006 1815 1104 1866 verns
1117 1792 1320 1884 deponentes
1334 1793 1403 1861 im-

283 1897 460 1982 mediatus,
490 1924 565 1970 cum
597 1902 721 1994 praelati
749 1901 919 1972 interiores
947 1899 987 1970 ad
1015 1899 1243 1970 formalitntem
1270 1908 1403 1968 tantum

281 2008 499 2078 interveniant
516 2016 549 2078 et
567 2008 746 2100 designatae
764 2011 886 2104 aPapa
898 2031 1046 2102 pemanae
1060 2007 1254 2080 beneficium
1270 2006 1403 2077 nodare

282 2123 450 2206 cogantur.
477 2117 513 2186 si
537 2116 675 2188 voluerit
699 2126 824 2190 tantum
848 2117 956 2188 dicare
974 2116 1164 2203 Gersnnius,
1185 2117 1221 2184 in
1232 2118 1308 2207 soro
1323 2139 1403 2184 cotn-

282 2225 420 2296 sct'entt'a
442 2227 544 2296 teneri
563 2227 748 2296 Romanum
769 2225 958 2297 Pontificem
978 2225 1018 2296 ad
1034 2224 1282 2316 relinquendam
1298 2224 1404 2294 eolla-

283 2335 408 2404 toribus
421 2335 598 2404 ordinariis
612 2335 845 2406 beneficiorum
859 2335 1144 2429 dispensationem,
1162 2332 1294 2427 quando
1308 2334 1404 2403 nulla

282 2441 436 2513 Ecclesia
458 2443 581 2514 utilitas
604 2443 718 2514 suadet
738 2451 775 2514 ut
797 2445 864 2535 ipsc
882 2443 1070 2514 immediate
1084 2464 1143 2533 per
1157 2442 1300 2534 seipsum
1316 2465 1403 2510 con-

282 2552 376 2640 ferat,
398 2575 418 2620 a
437 2553 605 2622 communi
621 2554 862 2624 canonistarum
878 2575 977 2624 seusu
990 2574 1056 2623 non
1072 2551 1242 2644 discrepat.
1259 2550 1296 2619 ld
1310 2553 1403 2620 enim

282 2662 405 2732 bonum
427 2664 578 2754 generale
599 2664 749 2736 Ecclesia
771 2665 897 2751 suadet,
922 2675 958 2735 ut
983 2674 1077 2735 extra
1095 2663 1241 2734 utilitatis
1260 2670 1319 2733 aut
1336 2662 1403 2732 tel-

281 2770 454 2842 leudorum
477 2773 639 2844 abnsuum
663 2798 806 2863 causam,
832 2777 1059 2868 permittantur
1080 2774 1208 2867 praelati
1229 2768 1404 2842 alienares

283 2889 314 2948 et
332 2881 501 2951 collatores
517 2883 563 2952 uti
579 2881 744 2952 ordinario
758 2907 818 2953 suo
831 2884 919 2976 jure.
940 2886 986 2952 at
1000 2906 1077 2954 vero
1090 2880 1301 2975 quandonam
1316 2880 1406 2950 adsit

280 2989 371 3080 justa
394 2989 450 3058 illa
471 2989 623 3060 utilitatis
645 3013 755 3078 rarus,
779 2991 813 3060 id
837 2991 878 3061 ad
898 2991 1020 3084 Papam
1035 2991 1143 3084 ipsum
1159 2989 1308 3082 judicare
1323 3013 1404 3080 per-

285 3097 381 3185 tinet,
409 3098 485 3188 qni,
512 3121 554 3168 ex
579 3098 693 3188 regula
716 3099 751 3167 in
774 3101 848 3190 jure
872 3100 1026 3169 manniae
1051 3099 1207 3184 admissa,
1237 3097 1403 3190 quidquid
1527 3141 1528 3182 3

284 3204 372 3293 feeit,
400 3227 441 3274 ex
470 3206 617 3276 utilitatis
641 3229 737 3276 eausa
762 3207 866 3276 facere
891 3198 1034 3277 soluisse
1058 3205 1238 3276 assandus
1262 3215 1323 3274 ast.
1354 3206 1405 3274 Ita

285 3314 417 3400 scilicet,
442 3315 529 3406 quod
552 3314 657 3384 valeat
678 3315 806 3384 collatio
824 3317 945 3408 sPapa
959 3315 1144 3386 immediate
1160 3315 1256 3402 lacn,
1273 3315 1404 3384 etiamsi

285 3421 367 3492 forte
395 3421 570 3514 aliquando
596 3421 668 3490 talis
694 3422 837 3510 collatio,
864 3447 964 3516 qaam
990 3423 1104 3495 utilem
1130 3431 1271 3516 reputat,
1302 3424 1405 3492 noxia

285 3533 393 3622 potius
407 3531 440 3598 in
457 3552 492 3600 re
507 3529 689 3600 exsisteret.

329 3639 504 3710 Doctorum
528 3661 607 3728 ergo
627 3637 862 3708 catholicorum
884 3641 1049 3710 menimis
1069 3663 1246 3710 consensus
1261 3648 1310 3710 est
1326 3665 1405 3710 om-

287 3747 341 3817 nia
356 3746 471 3818 mundi
485 3745 643 3818 musicis
658 3747 871 3816 ecclesiastica
883 3749 1006 3818 setoso
1020 3749 1121 3841 Papae
1136 3763 1298 3841 tanquam
1313 3750 1405 3818 ordi-

286 3856 398 3924 natori
416 3877 578 3946 sumente.
604 3854 790 3924 Necessaria
811 3869 919 3924 autem
942 3857 1043 3948 hujus
1064 3857 1215 3948 principii
1237 3857 1405 3926 conclusio

286 3970 346 4051 est,
369 3985 461 4055 posse
484 3960 651 4055 quodlibet
667 3961 861 4033 mumdum
877 3963 998 4056 aPapa
1014 3963 1169 4051 conferri,
1184 3973 1217 4034 et
1230 3963 1404 4034 materen·

287 4071 366 4140 dum
391 4070 561 4142 reservari.
591 4068 673 4152 Qua
697 4070 860 4140 conclusio
883 4071 1100 4141 communiter
1121 4071 1217 4142 ctiam
1242 4071 1405 4142 ascholae

289 4179 475 4250 doctoribus
495 4201 553 4271 per
574 4177 668 4270 plura
693 4177 811 4248 saecula
836 4187 990 4272 tanquam
1013 4177 1195 4250 indubitate
1212 4178 1325 4250 habita
1340 4187 1400 4248 est.
