3064 4952
281 445 344 512 stt
634 470 808 516 reseratos
831 471 869 518 os
891 472 1045 518 sarsurus

286 635 303 674 o
323 608 405 700 fidei
418 610 470 678 oet
482 611 686 680 eccluiastici
703 611 846 704 alicujus
867 613 989 684 arduus
1009 635 1085 684 eum
1101 605 1257 704 judicare
1274 615 1399 696 debus,

287 745 304 783 a
327 718 387 810 qui
405 741 462 788 uec
482 741 616 788 munere
636 720 748 812 impar
762 721 816 803 sit,
835 744 892 790 nec
908 723 990 813 jure
1012 721 1178 792 adamim
1195 750 1206 790 :
1222 722 1293 792 htec
1312 725 1403 793 enim

286 853 302 891 a
326 827 425 898 verbe
450 827 595 919 rescripti
617 838 712 915 sunt;
740 828 800 897 hoc
825 838 885 917 est,
906 829 1101 916 sacerdotes,
1118 829 1158 897 de
1179 829 1404 900 sacerdotibus

286 960 303 1000 o
326 934 430 1003 voluit
445 933 603 1026 judicare.
623 963 639 1001 s
662 935 777 1028 (Epist.
796 939 850 1024 tt,
866 937 923 1006 lib.
942 937 985 1023 11,
1001 936 1082 1006 ordo
1102 939 1220 1027 vetus.)

326 1044 361 1112 S.
378 1043 526 1114 Gelasius
543 1045 632 1135 Papa
647 1046 662 1113 Ι
679 1073 686 1112 :
704 1045 801 1136 Nosti
819 1047 950 1128 etenim,
964 1047 1018 1136 fili
1040 1047 1295 1130 clementissime,
1314 1049 1407 1140 quod

239 1173 241 1176 ·
282 1152 355 1224 licet
370 1152 548 1246 presideat
563 1154 711 1222 humano
734 1154 844 1244 pmeri
866 1153 1037 1244 dipseitate,
1054 1177 1165 1224 ruum
1181 1167 1294 1224 tomeu
1309 1159 1405 1225 Pra-

281 1263 403 1332 sulibus
417 1262 607 1332 diuinarum
622 1263 756 1332 deuotus
769 1263 853 1332 colla
866 1263 1042 1346 submittis,
1057 1275 1156 1355 atque
1170 1264 1212 1332 ab
1227 1264 1272 1332 eis
1286 1287 1407 1334 cumas

281 1385 347 1442 tua
369 1373 484 1442 salutis
508 1373 641 1464 expetis,
665 1372 761 1464 inque
783 1373 948 1442 sumendis
975 1373 1152 1444 causitus
1174 1375 1404 1455 sacramentis,

281 1482 389 1572 eisque
402 1493 439 1549 ut
454 1483 608 1574 competit
623 1481 842 1575 disponendis,
860 1480 955 1552 subdi
974 1495 1005 1550 te
1022 1481 1135 1551 debere
1147 1483 1312 1573 coquoscis
1326 1483 1408 1552 reii-

282 1589 388 1682 piouis
401 1589 516 1658 ordine
522 1591 636 1682 potius
651 1615 754 1683 quam
765 1610 912 1682 praeesse.
931 1592 1027 1660 Nosti
1039 1592 1151 1682 daque
1162 1591 1248 1660 iuter
1263 1593 1344 1674 date,
1365 1616 1408 1661 er

282 1698 417 1766 illorum
441 1710 472 1766 te
485 1697 630 1791 pendere
650 1699 791 1791 judicio,
817 1722 883 1767 uon
909 1699 982 1767 illos
1007 1698 1054 1768 ad
1074 1711 1170 1766 tuam
1194 1699 1274 1768 uelle
1299 1699 1410 1790 redipi

283 1807 495 1875 uoluntatem.
511 1807 628 1899 (Epist.
641 1809 682 1876 ad
694 1809 809 1876 Anast.
826 1808 958 1899 impem)

328 1914 511 1986 Concilium
526 1915 786 1986 Chalcedonense
798 1917 871 2006 (act.
888 1919 918 2006 3)
938 1943 945 1982 :
961 1938 1036 1986 cum
1048 1915 1208 1986 Eusebius
1223 1917 1409 2008 Episcopus

281 2045 391 2092 coram
414 2023 549 2092 concilio
569 2031 738 2094 accusatus
757 2023 856 2092 nollet
878 2045 1066 2115 comparere
1089 2023 1157 2090 nisi
1177 2023 1328 2092 adessent
1351 2024 1409 2114 ju·

282 2131 369 2200 dices
380 2131 586 2223 imperatoris
600 2130 708 2200 locum
722 2139 878 2217 urentes,
896 2131 1103 2201 declararunt
1118 2130 1231 2200 Patres
1247 2156 1255 2198 :
1271 2132 1409 2222 maudo

283 2240 396 2332 apitur
410 2239 450 2309 de
467 2241 572 2309 cauu's
595 2239 853 2322 commisissem
876 2237 989 2308 dedam
1009 2239 1205 2308 interuenire
1222 2261 1327 2330 neque
1343 2241 1410 2330 ju-

283 2347 367 2417 dices
382 2371 483 2440 neque
494 2349 594 2418 laicos
607 2348 702 2418 ullas.

327 2459 507 2549 Imperator
519 2457 660 2526 Basilius
673 2457 709 2524 in
723 2463 837 2526 octava
851 2454 996 2545 generali
1011 2453 1137 2545 synodo
1156 2481 1163 2521 :
1178 2454 1280 2524 Leito
1294 2457 1410 2525 nutta-

284 2579 377 2634 tenus
396 2567 630 2658 cujuscumque
643 2566 686 2634 sit
705 2563 898 2633 conditionis
919 2562 1048 2631 licitum
1064 2585 1127 2630 esse
1142 2561 1214 2631 dico
1236 2563 1277 2632 de
1301 2566 1411 2634 causis

284 2674 500 2744 ecelesiasticis
521 2673 696 2765 judicare,
727 2684 787 2740 aut
818 2670 997 2738 universati
1024 2671 1192 2751 Ecclesiae,
1222 2673 1411 2760 pancratius

282 2781 405 2873 synodo
421 2783 576 2852 resistere.
593 2784 661 2850 Ista
677 2792 790 2848 autem
812 2778 1007 2870 iuvestipare
1020 2792 1051 2846 et
1072 2777 1241 2860 decutere,
1258 2780 1410 2870 officium

285 2905 331 2960 est
341 2892 615 2984 patriarcharum
631 2901 661 2956 et
676 2887 882 2957 sacerdotum
897 2900 928 2955 et
942 2886 1133 2970 doctorum·
1148 2887 1264 2978 quidus
1279 2887 1413 2978 liqandi

285 3014 383 3092 atquc
405 3000 551 3071 soluendi
571 3010 770 3092 potestatem
792 2995 881 3066 dedit
903 2999 1000 3065 aas.
1024 2997 1144 3066 Loieus
1163 3018 1237 3064 uero
1261 3011 1411 3087 quauta-

286 3121 423 3201 eumque
444 3109 574 3202 pietate
605 3119 636 3174 et
655 3103 818 3194 sapientia
839 3105 1037 3195 praeluceat,
1065 3102 1280 3172 rddilomiuus
1303 3104 1411 3174 laicus

286 3231 419 3287 tautum
433 3231 477 3286 est
484 3243 497 3300 ,·
512 3217 591 3296 ova,
609 3227 639 3282 et
653 3235 718 3282 nott
728 3223 856 3304 pastor.

331 3326 516 3418 Capitulare
537 3322 645 3395 Caroli
664 3321 777 3411 Magni
796 3321 955 3389 ursertum
979 3320 1013 3388 iu
1035 3320 1171 3390 concilio
1187 3321 1411 3409 Trihurieusi‚

286 3458 408 3504 canone
433 3438 472 3502 30
502 3435 572 3500 :Iu
592 3429 786 3498 memorium
811 3427 898 3496 beati
922 3428 1014 3496 Petri
1040 3428 1187 3519 Apostoli
1212 3429 1413 3498 honoremus

286 3549 472 3614 Romanam
491 3554 522 3609 et
538 3537 759 3629 Apostolicam
774 3534 916 3618 Sedem‚·
936 3547 974 3603 ut
993 3557 1066 3626 que
1084 3535 1176 3604 nobes
1198 3535 1388 3604 sacerdotal
1393 3535 1399 3548 '

286 3666 394 3723 mater
410 3665 455 3719 est
473 3646 654 3739 diquitutis,
673 3667 737 3712 esse
752 3641 865 3711 debeat
886 3643 1048 3734 maqistra
1069 3641 1289 3712 ecclesiastieae
1304 3643 1412 3712 ratio-

286 3760 347 3829 uis.
371 3761 481 3842 Quare
505 3751 664 3823 smvaudu
691 3774 766 3820 cum
791 3749 1044 3820 mausuetudine
1068 3749 1254 3831 humilitas,
1277 3763 1314 3819 ut
1337 3750 1412 3818 licet

287 3863 532 3958 disserendum
550 3861 592 3930 ab
612 3861 671 3930 itta
689 3873 803 3929 sancta
824 3857 907 3928 Sede
927 3859 1123 3950 imponatur
1139 3858 1279 3950 jupam,
1299 3872 1412 3928 tamen

282 3977 430 4066 suemus
446 3985 477 4040 et
486 3971 548 4063 pia
563 3968 732 4038 devotione
748 3968 929 4037 toleremus.
946 3967 1103 4058 (Consilia
1114 3966 1314 4055 Germaniae,
1327 3976 1352 4035 t.
1367 3969 1411 4055 11,

287 4107 318 4173 p.
343 4081 433 4173 too.)

329 4189 418 4280 Ergo
441 4210 506 4258 non
529 4185 708 4280 requiritur
727 4184 901 4277 acceptatio
923 4206 1037 4275 regum
1065 4207 1123 4254 uec
1146 4184 1288 4254 aliorum
1312 4184 1411 4254 laico-
