3072 4948
570 485 574 494 '
670 491 844 538 iuncturus
867 491 906 537 DF.
928 491 1084 538 PlilNCll'llS

758 833 902 904 CAPUT
926 833 982 901 lll.

622 1047 659 1093 DE
682 1045 861 1092 aerumans
883 1043 1129 1090 CONSUB‘l'UlthlS.

361 1287 507 1370 Quatuor
539 1279 696 1374 praecipui
727 1285 962 1348 enumerantur
992 1273 1240 1344 consuetudinis
1270 1275 1415 1344 effectus
1446 1305 1454 1343 :

314 1401 421 1489 legem
444 1395 688 1482 interpretatur,
714 1386 818 1476 legem
838 1383 978 1471 inducit,
999 1393 1089 1452 actus
1111 1383 1146 1452 in
1167 1381 1379 1452 contrarium
1404 1386 1454 1450 ir·

317 1507 404 1589 citat,
423 1509 454 1570 et
468 1501 573 1590 legem
588 1497 734 1584 obrogat.

360 1615 387 1680 l.
418 1614 537 1700 Lepem
565 1606 813 1694 interpretatur.
837 1639 882 1654 -
907 1601 960 1670 An
987 1608 1019 1668 et
1047 1598 1213 1691 quomodo
1238 1599 1452 1668 consuetudo

316 1719 579 1817 praeexistentem
615 1713 718 1802 legem
756 1711 1000 1802 interpretetur,
1040 1709 1176 1779 resolvit
1214 1707 1448 1795 Reiffenstuel,

317 1835 388 1906 loco
413 1829 520 1911 citato,
550 1845 583 1890 n.
612 1823 670 1888 151
694 1847 701 1887 :
734 1819 963 1910 «Respondeo
987 1816 1160 1909 dupliciter
1182 1815 1216 1884 id
1240 1816 1325 1905 lieri,
1349 1817 1450 1884 vide-

322 1969 339 2008 c
362 1941 436 2009 licet
455 1929 639 2004 authentice
662 1928 731 1996 sivc
747 1926 940 2014 necessario,
961 1935 993 1995 et
1010 1923 1222 2017 probabiliter
1238 1947 1296 1993 seu
1312 1925 1451 2018 conjec-

323 2081 339 2119 α
362 2048 510 2119 turaliter
535 2049 686 2111 tentum:
714 2039 810 2131 juxta
833 2038 920 2130 quod
944 2037 1146 2108 consuetudo
1165 2037 1228 2107 alia
1243 2045 1294 2106 est
1306 2036 1399 2130 juris
1418 2043 1449 2103 et

324 2157 507 2248 «legitime
534 2149 736 2246 praescripta,
766 2147 828 2216 elia
856 2147 931 2215 lecti
959 2146 1120 2216 duntaxat
1146 2154 1178 2215 et
1202 2145 1386 2214 consistens
1412 2145 1448 2212 in

277 2343 281 2356 ¹
323 2299 340 2338 c
363 2288 454 2338 mera
475 2259 734 2353 frequentatione
756 2265 901 2325 actuum.
918 2255 960 2324 Et
974 2254 1108 2348 quidem
1124 2254 1321 2323 consuctrrdc
1336 2253 1444 2345 jrm’s,

325 2407 341 2444 c
365 2399 439 2468 quse
468 2367 619 2440 videlicet
645 2365 790 2455 legitime
816 2363 878 2431 fuit
902 2361 1104 2454 prescripto,
1132 2364 1243 2454 sicque
1265 2362 1336 2430 vim
1362 2359 1445 2450 legis

326 2515 342 2554 u
366 2481 518 2566 obtinuit,
542 2477 773 2565 interpretatur
793 2472 899 2562 legem
923 2471 1119 2560 authentice,
1142 2469 1222 2540 adeo
1242 2477 1280 2537 ut
1299 2470 1373 2561 ejus
1388 2469 1445 2535 in-

325 2623 341 2662 «
364 2584 551 2683 terpretetio
570 2583 611 2652 sit
631 2581 826 2668 necessaria,
849 2601 905 2647 seu
922 2579 1103 2647 necessario
1119 2576 1335 2648 observanda.
1364 2576 1445 2644 Haec

325 2731 341 2770 c
364 2701 485 2795 quippe
508 2694 638 2764 nomine
662 2690 902 2759 consuetudinis
925 2689 1071 2758 absolute
1095 2689 1209 2783 positae
1233 2687 1442 2776 intelligitur,

325 2839 341 2880 c
365 2809 468 2901 capite
489 2808 641 2876 Cumano
663 2800 731 2892 (50,
749 2798 789 2866 de
804 2798 997 2890 Electum),
1018 2821 1055 2865 ac
1070 2795 1208 2889 proinde
1224 2795 1264 2864 de
1281 2797 1353 2888 ipsa
1365 2817 1444 2887 pro·

326 2947 343 2986 c
366 2917 451 2988 cedit
477 2910 558 2982 illud
571 2959 622 2995 ...,
652 2907 780 2999 optimu
807 2919 853 2973 est
878 2906 988 2998 lepum
1015 2907 1174 2998 interpres
1200 2903 1441 2974 consuetudo...

325 3029 530 3098 «Caeterum
561 3015 754 3086 consuetudo
782 3015 867 3107 sacti
891 3037 966 3107 quae
993 3015 1150 3084 nimirum
1235 3013 1382 3082 consistit
1410 3013 1441 3078 in

327 3155 458 3204 amera
485 3124 745 3219 frequentatione
773 3132 904 3192 actuum
922 3175 975 3211 ...,
1004 3123 1211 3192 solummodo
1238 3123 1443 3216 conjectura-

327 3273 343 3312 «
366 3245 452 3326 liter,
476 3239 543 3306 sive
567 3231 777 3327 probabiliter
801 3240 943 3300 mentem
965 3231 1159 3321 legislatoris
1177 3232 1347 3325 ipsiusque
1361 3232 1442 3321 legis

327 3384 343 3420 c
367 3342 572 3440 interpretari
593 3349 737 3433 potest...
761 3339 802 3407 Et
821 3340 954 3431 quidem
968 3339 1159 3431 hujusmodi
1173 3339 1376 3409 consuetudo
1392 3339 1440 3407 in·

326 3489 344 3529 c
367 3453 576 3550 terpretativa
597 3458 628 3518 et
649 3448 876 3540 conjecturalis
899 3450 1088 3541 neutiquam
1109 3448 1294 3542 expostulat
1316 3459 1442 3542 tempus

326 3599 344 3637 c
367 3561 528 3649 decennii,
557 3558 598 3626 ad
623 3557 726 3624 instar
751 3556 996 3625 consuetudinis
1022 3556 1278 3647 interpretntivae
1303 3557 1441 3626 authen·

327 3705 344 3744 «
366 3675 452 3760 ticae,
468 3669 523 3738 scd
539 3666 658 3735 minori
674 3673 819 3756 tempore
834 3673 883 3732 est
896 3671 1058 3732 contenta.
1078 3691 1095 3728 n

368 3783 409 3851 ll.
430 3785 549 3869 Lepem
565 3773 702 3843 inducit.
720 3811 765 3825 -
782 3775 814 3840 1·
828 3772 885 3840 Est
901 3772 1084 3840 communia
1099 3770 1267 3840 doctorum
1285 3773 1441 3840 sententia

322 3885 588 3963 consuetudinem
610 3889 728 3973 praeter
746 3881 813 3973 jus,
835 3879 967 3949 aliunde
983 3878 1223 3948 conditionibus
1238 3879 1356 3948 debitis
1370 3903 1440 3949 ves-

323 4004 428 4085 titam,
456 3993 601 4082 obligare
622 4011 688 4057 nou
711 3996 837 4056 tanturn
861 3987 895 4054 in
924 3986 994 4056 loro
1023 3996 1173 4075 externo,
1201 3988 1257 4056 sed
1284 3989 1382 4057 etiam
1408 3989 1438 4054 in

323 4111 395 4180 loro
414 4107 556 4187 interno,
582 4097 614 4167 id
636 4105 696 4184 cst,
718 4119 759 4164 ex
778 4096 985 4166 conscicntia.
1014 4123 1029 4162 c
1047 4097 1225 4190 Loquendo
1244 4097 1285 4165 de
1300 4120 1438 4167 consue-

328 4247 346 4285 «
369 4215 481 4284 tudine
507 4207 676 4303 quidpiam
701 4206 910 4298 precipiente
937 4205 987 4274 vel
1015 4205 1218 4298 probibente,
1249 4205 1346 4274 habet
1373 4207 1439 4297 ipsu
