3068 4948
242 401 319 466 ddi·
596 425 770 471 reseratus
795 426 832 468 nr.
855 425 1008 470 reinerius

240 586 403 654 agnorum
426 569 457 632 et
480 565 592 634 ovium
616 565 743 654 Pastor,
759 566 841 636 velle
866 565 1083 635 nihilominus
1104 573 1268 658 pastorem
1289 566 1363 650 ovi,

241 695 308 740 non
327 694 423 740 ovem
445 671 566 764 pastori
588 670 713 760 cedere,
729 672 917 744 rebellionis
936 694 1070 766 prorsus
1091 671 1239 744 doctrina
1252 681 1315 761 est,
1331 683 1367 741 et

241 777 458 848 institutionis
479 776 631 848 Ecclesia
656 779 869 866 subversus,
885 801 987 870 quam
1009 778 1194 850 doctrinam
1210 801 1366 850 teceam-

241 885 292 954 rio
319 908 408 956 nexu
436 894 468 956 et
497 885 613 956 iisdem
650 885 831 957 rationibus
864 887 1015 978 proxime
1050 895 1242 979 sequeretur
1271 909 1366 980 prns-

242 994 510 1087 byterianismus,
539 996 572 1066 id
602 1005 661 1085 est,
691 997 927 1092 Episcoporum
959 996 1044 1068 clero
1075 997 1209 1068 secundi
1237 996 1368 1067 ordinis

244 1103 411 1200 subjectio.

669 1445 830 1526 SEGTIO
867 1446 934 1526 Ill.

247 1687 556 1748 restauraturus
583 1690 727 1746 Reducis
753 1689 917 1756 TANQUAM
942 1691 1037 1748 lUlilS
1064 1689 1222 1746 CANONlCl
1241 1691 1365 1748 FONTE.

292 1982 428 2072 Regula
458 1982 671 2071 cancellariae,
700 1983 922 2075 inquantum
949 1981 989 2049 ad
1018 1983 1074 2075 jus
1100 2002 1277 2052 commune
1307 2005 1367 2051 sen

246 2089 431 2160 universale
452 2091 625 2184 pertinent,
646 2113 711 2159 non
734 2090 932 2160 wastituunt
948 2089 1117 2159 diversum
1134 2091 1175 2158 ab
1196 2113 1247 2178 eo,
1265 2113 1367 2182 quem

248 2196 345 2268 modo
369 2198 640 2287 memoravimus,
662 2198 931 2268 constitutionum
953 2197 1198 2290 pontificiarum
1222 2197 1365 2277 fontem

248 2328 324 2376 curn
347 2306 539 2399 hujusmodi
561 2308 695 2399 regulae,
713 2317 750 2376 ut
773 2308 859 2376 inira
879 2307 1066 2400 exponitur,
1084 2305 1167 2375 nihil
1185 2306 1275 2376 aliud
1295 2308 1368 2380 sint

247 2438 348 2508 qnam
364 2415 518 2508 quedam
534 2417 762 2486 Romanorum
784 2416 982 2484 Pontificum
997 2415 1126 2486 decreta
1140 2413 1179 2482 dc
1199 2413 1367 2483 nonnullis

249 2522 430 2614 discipliane
446 2523 607 2614 generalis
624 2523 768 2594 materiis
790 2522 971 2591 statuentia.

293 2630 339 2697 De
364 2629 404 2696 iis
429 2638 537 2700 tamen
562 2631 737 2722 separatim
761 2629 921 2698 disserere
944 2637 1167 2722 opportunum
1194 2629 1366 2698 duximus.

249 2737 310 2805 Tot
322 2738 412 2806 enirn
429 2739 556 2828 ingesta
569 2747 658 2826 sunt,
675 2738 754 2806 viris
776 2738 874 2806 etiarn
894 2737 1011 2828 pietate
1027 2746 1059 2806 ct
1073 2735 1220 2806 doctrina
1232 2736 1268 2805 in
1282 2737 1369 2804 clero

249 2845 514 2936 praelucentibus,
530 2848 590 2916 hae
604 2846 644 2916 de
666 2869 699 2914 re
721 2845 923 2937 praejudicia,
941 2854 977 2912 nt
993 2845 1083 2914 nulla
1098 2845 1206 2935 magis
1221 2867 1260 2914 en
1277 2855 1368 2937 parte

251 2953 411 3024 Romanae
431 2953 528 3024 Sedis
546 2941 687 3046 potestas
707 2955 742 3021 in
767 2953 897 3043 Quum
921 2954 974 3021 cui
995 2951 1244 3022 contradicatur
1264 2953 1370 3044 posita

251 3061 355 3132 videri
370 3062 481 3153 possit.
499 3062 683 3132 Excussisse
696 3062 884 3131 Romanam
907 3060 1028 3130 Sedern
1042 3063 1076 3130 in
1093 3061 1235 3132 ferendis
1251 3062 1370 3155 hujus·

251 3169 341 3240 modi
356 3169 503 3256 decretis,
519 3171 697 3239 inclamant
719 3169 909 3240 heterodoxi
927 3197 934 3238 :
954 3193 1035 3238 rrum
1052 3170 1093 3238 sd
1116 3169 1368 3260 archaeologiam

247 3278 332 3369 juris
345 3277 491 3348 canonici
508 3277 685 3346 referendae
701 3278 767 3345 sint
789 3277 884 3346 hodie
905 3276 1106 3346 cancellariae
1122 3276 1259 3366 regula,
1275 3277 1370 3368 quasi

251 3388 425 3479 antiquatae
439 3387 510 3479 jam
525 3395 557 3454 et
579 3385 669 3454 nullo
684 3386 867 3477 legislativo
881 3386 1038 3477 pollentes
1053 3385 1181 3473 robore,
1198 3385 1372 3477 inquirunt

251 3494 409 3566 catholici.
427 3495 553 3564 Interea
566 3495 736 3564 Romanus
751 3494 887 3585 quilibet
903 3493 1069 3580 Pontifex,
1084 3493 1186 3562 altero
1201 3503 1275 3586 post
1287 3495 1371 3563 elee-

252 3605 375 3674 tionem
397 3626 492 3675 susm
517 3603 581 3691 die,
605 3601 736 3672 easdem
764 3601 894 3692 regulas
918 3601 1032 3670 firmas
1053 3600 1194 3671 declarat
1220 3609 1372 3693 ratasque

252 3735 454 3807 permanere.

298 3820 455 3890 lntactam
471 3845 540 3891 rem
556 3821 686 3890 silentio
703 3820 901 3913 pertransire
920 3839 986 3886 uon
1001 3819 1127 3886 sinebat
1143 3817 1263 3886 harum
1278 3818 1372 3888 insti-

254 3931 418 4002 tutionum
448 3951 577 4022 scopus.
607 3929 690 4000 llam
721 3938 831 3998 autem
862 3952 921 4022 pro
950 3950 1043 4021 posse
1077 3928 1282 3996 excutiemus
1312 3929 1373 3998 hoc

255 4038 393 4110 ordine:
413 4044 444 4108 1·
458 4038 545 4122 Quid
559 4039 625 4106 sint
645 4037 769 4129 regulae
791 4037 1005 4124 cancellarie,
1023 4043 1056 4106 et
1075 4033 1242 4128 quomodo
1255 4035 1372 4105 induc-

257 4158 310 4217 tae.
329 4150 362 4214 2θ
378 4150 430 4216 An
452 4147 487 4215 in
508 4147 673 4239 precipua
696 4146 897 4214 cancellarie
923 4145 1113 4236 regularum
1134 4152 1236 4236 parte,
1256 4143 1291 4212 in
1308 4167 1372 4237 qun
