3048 4954
293 469 332 534 90
646 485 820 534 suscianus
843 489 881 533 un
904 486 1057 533 retunsus

291 628 461 698 nominare
482 627 662 721 parochum
686 627 832 720 ejusdem
854 626 1059 696 cathedralis.
1084 626 1179 710 Quod
1204 626 1250 695 sic
1272 626 1409 718 exponit

289 765 390 812 sacrm
416 745 685 836 Congregationis
706 739 833 811 concilii
853 737 1045 810 secretarius
1069 764 1077 808 :
1097 763 1115 802 a
1138 737 1260 805 Aderat
1278 735 1347 828 jam
1370 733 1410 802 in

292 851 463 922 aecclesia
490 851 666 921 cathedrali
691 848 836 919 Niciensi
863 847 1061 940 parochialis
1088 846 1276 915 animarum
1305 865 1408 929 cura,

294 985 311 1026 c
333 960 467 1061 capituli
483 963 554 1053 juri
571 966 760 1053 patronatus
780 957 939 1042 ohnoxia;
958 977 1051 1043 cum,
1075 963 1231 1046 occupata
1252 975 1310 1045 per
1328 951 1412 1020 Gal-

293 1095 310 1134 c
332 1069 404 1137 lices
432 1069 620 1163 reipublicae
645 1067 782 1136 militem
802 1065 946 1136 Niciensi
965 1063 1134 1149 comitutu,
1157 1063 1254 1132 etiam
1275 1060 1332 1131 illa
1354 1083 1411 1130 ec-

293 1203 310 1242 «
331 1177 429 1247 clesia
450 1201 517 1248 una
531 1201 605 1248 cum
616 1174 774 1268 capitulo,
797 1197 909 1266 parem
928 1173 1055 1242 caeteris
1071 1171 1250 1242 Galliarum
1266 1168 1413 1238 ecclesiis

291 1312 309 1352 c
332 1286 457 1356 cladem
474 1310 568 1379 pessa
581 1286 658 1355 fuit.
680 1286 820 1353 Tantam
836 1283 918 1352 hanc
935 1281 1102 1370 religionis
1117 1278 1293 1372 perniciem
1309 1278 1412 1346 mise-

293 1419 311 1458 n
333 1401 423 1461 ratus
437 1402 557 1462 sancte
570 1393 737 1463 memorie
753 1393 831 1461 Pius
846 1391 923 1479 Vll,
947 1390 1031 1458 inita
1044 1387 1257 1458 conventione
1272 1408 1349 1455 cum
1366 1387 1412 1454 iis

293 1528 310 1567 c
332 1502 390 1593 qui
414 1501 527 1570 Galliis
552 1511 728 1595 praeerant,
752 1522 871 1570 novam
892 1501 977 1568 inter
991 1505 1109 1566 cetera
1125 1495 1301 1566 dicecesum
1315 1495 1411 1564 diri-

292 1607 458 1677 «sionem
483 1609 625 1680 decrevit
632 1637 642 1697 3
671 1609 818 1702 datisque
842 1609 878 1676 iu
891 1630 963 1676 eam
990 1629 1058 1676 rem
1084 1603 1267 1696 apostolicis
1292 1603 1412 1672 litteris

292 1743 309 1782 n
335 1717 427 1786 3cal.
445 1716 627 1787 decembris
645 1720 746 1805 1801,
761 1715 990 1808 incipientibus
1007 1715 1073 1798 Qui
1088 1712 1213 1783 Christi
1225 1713 1322 1795 vices,
1342 1735 1409 1782 no-

292 1825 488 1896 cminative
515 1827 699 1897 Niciensem
726 1826 893 1896 ecclesium
922 1826 962 1894 ab
995 1824 1273 1916 archiepiscopatu
1303 1821 1410 1892 Ehre-

293 1960 310 1999 c
333 1933 473 2004 dunensi
503 1935 678 2022 divellens,
704 1935 917 2026 eamdemque
945 1933 1234 2025 archiepiscopatui
1260 1933 1411 2024 Aquensi

292 2044 518 2133 «assignans,
546 2067 580 2111 se
607 2045 751 2135 primum
779 2043 984 2135 supprimere
1011 2040 1238 2127 denunciavit,
1268 2039 1409 2132 ideoque

292 2178 308 2217 c
331 2153 511 2240 generatim
525 2151 629 2220 edixit
646 2179 654 2220 ε
672 2151 922 2243 supprimimus,
938 2151 1166 2237 annullamus,
1181 2156 1242 2218 etc.
1253 2173 1270 2212 »
1289 2147 1338 2218 lbi
1354 2172 1410 2217 re-

285 2259 349 2328 fert
361 2281 462 2330 sacrae
476 2260 749 2352 Congregationis
770 2260 962 2329 secretarius
984 2261 1093 2329 varios
1114 2268 1222 2328 textus
1245 2258 1410 2328 constitu-

287 2369 414 2439 tionum
429 2369 481 2438 Pii
495 2371 570 2458 Vll,
585 2380 618 2439 et
633 2370 753 2439 decreti
767 2367 942 2438 cardinalis
953 2368 1120 2461 Caprarae,
1136 2367 1314 2458 exquibus
1328 2391 1409 2437 con-

290 2483 371 2563 stat,
402 2487 480 2546 tnnc
518 2478 636 2547 iactam
665 2477 766 2547 fuisse
791 2476 1055 2569 suppressionem
1083 2490 1114 2546 et
1143 2475 1407 2564 exstinctionem,

289 2593 360 2652 turn
393 2585 603 2654 ecclesiarum
636 2586 785 2654 omnium
823 2584 1149 2676 archiepiscopalium
1179 2593 1211 2652 et
1238 2585 1410 2676 episcopa-

286 2691 385 2779 lium,
410 2702 478 2762 tum
501 2694 736 2786 capitulorum,
760 2703 829 2763 tum
846 2694 1080 2784 paroeciarum,
1104 2692 1202 2785 etjus
1216 2692 1411 2762 nominandi

288 2800 446 2891 parochos
468 2802 635 2893 Episcopis
660 2801 761 2870 fuisse
786 2803 991 2870 attributum.
1019 2801 1134 2870 Postea
1150 2809 1308 2869 memorat
1321 2823 1411 2891 quo-

289 2905 386 2975 modo
409 2909 551 2977 loannes
572 2907 717 3001 Baptista
749 2909 927 2996 Columna,
954 2907 1080 3000 primns
1105 2915 1177 3000 post
1198 2929 1317 2978 novam
1342 2907 1411 2975 cir-

289 3015 572 3106 cumscriptionem
598 3016 759 3084 Niciensis
788 3015 988 3107 Episcopus,
1019 3013 1162 3106 quodam
1190 3037 1250 3083 suo
1280 3015 1410 3084 decreto

288 3123 457 3210 agnoverit
483 3123 737 3190 nominationem
764 3123 896 3214 parochi
923 3122 1119 3190 cathedralis
1134 3145 1176 3190 ex
1198 3121 1272 3214 jure
1298 3130 1411 3213 patro-

290 3238 385 3298 natus
404 3231 487 3298 sicnt
510 3231 587 3298 olim
613 3231 654 3299 ad
674 3230 854 3322 capitulum
875 3231 1050 3322 pertinere.
1085 3231 1171 3299 Tum
1192 3229 1329 3320 exponit
1353 3252 1411 3300 rc·

288 3338 393 3406 tiones
411 3337 565 3406 adductas
587 3361 629 3405 ex
656 3360 724 3405 una
743 3347 835 3428 parte
855 3361 874 3406 a
897 3338 1060 3430 capitulo,
1078 3360 1119 3405 ex
1140 3335 1240 3405 altera
1255 3359 1274 3404 a
1287 3339 1410 3405 recenti

288 3443 448 3536 Episcopo
474 3443 622 3514 Galvani.
654 3445 680 3512 Ε
707 3445 828 3538 quihus
857 3468 910 3514 eas
940 3455 1069 3514 tautum
1095 3467 1170 3536 qum
1196 3445 1237 3513 ad
1263 3454 1410 3514 nostram

289 3561 483 3643 presentem
498 3553 712 3643 questionem
729 3553 852 3622 faciunt
868 3554 1052 3623 referimus.

336 3687 353 3726 c
376 3658 533 3728 Canonici
605 3661 640 3728 in
655 3683 774 3751 genere
793 3671 925 3730 tuentur
944 3671 1015 3730 tum
1034 3662 1183 3731 Niciense
1206 3662 1408 3755 capitulum,

292 3777 403 3836 utum
431 3767 584 3836 universa
609 3767 755 3859 ejusdem
776 3769 851 3859 jura
878 3793 915 3838 ac
946 3769 1138 3861 privilegia,
1172 3769 1290 3858 gallica
1314 3793 1411 3841 occu-

294 3875 461 3966 opatione
491 3884 652 3962 cessante,
689 3876 724 3943 in
755 3877 896 3969 priorem
936 3884 1056 3945 statum
1091 3876 1236 3946 restituta
1266 3876 1408 3948 luisse...

295 4009 310 4046 «
334 3981 541 4052 Contendunt
558 3984 668 4052 omnia
682 4006 758 4076 qus
779 3985 964 4054 tristissima
979 4007 1017 4053 ea
1031 3992 1216 4078 tempestate
1232 3995 1302 4055 acta
1317 3996 1408 4076 sunt,

292 4117 308 4154 c
326 4114 390 4161 non
407 4091 524 4160 nisiex
541 4091 575 4159 vi
592 4115 629 4159 ac
643 4091 799 4162 violentia
814 4105 904 4186 gesta
924 4095 1026 4188 accipi
1041 4095 1176 4184 dehere,
1193 4119 1267 4188 quac
1285 4096 1408 4166 idcirco

268 4209 308 4266 'c
333 4198 458 4268 tamdiu
481 4199 654 4269 consistere
679 4208 844 4293 poterant,
872 4202 1027 4296 quamdiu
1053 4203 1239 4296 occupantis
1264 4205 1407 4295 potentin
