3064 4952
328 461 384 528 198
678 481 852 527 rnncrnrus
876 484 914 527 nn
937 483 1090 528 rnrncrrns

322 625 409 692 tione
435 623 564 716 proprie
590 631 621 690 et
641 623 785 692 absolute
811 645 876 693 non
906 622 1046 715 pendere
1075 621 1170 692 facile
1193 629 1290 716 patet.
1311 623 1359 692 Er
1385 623 1440 691 illo

322 731 411 800 enim
440 753 598 800 consensu
619 732 767 823 sequitur
795 740 924 800 tantum
950 731 1146 823 dispensatio
1166 732 1276 824 aliqua
1292 733 1332 801 ad
1356 741 1442 800 tem-

322 862 404 930 pus,
430 839 554 908 interea
581 837 719 923 scilicet,
750 839 829 907 dum
853 839 1079 931 supplicationi
1094 839 1276 908 alccorum
1291 840 1442 909 Praelatis

322 946 485 1039 expedita
508 947 713 1015 rescribatur.
736 947 808 1028 Quo
831 946 985 1037 rescripto
1009 947 1036 1013 si
1058 947 1210 1016 firmetur
1230 947 1440 1040 dispensatio,

321 1056 374 1125 lex
399 1057 514 1148 utique
537 1057 572 1122 in
594 1055 649 1123 illa
671 1055 804 1145 regione
828 1077 893 1120 non
916 1054 1093 1144 obligabit3
1111 1054 1167 1122 sed
1184 1055 1245 1122 hoc
1259 1077 1301 1123 ex
1316 1056 1444 1123 summi

321 1165 487 1234 Pontificis
512 1162 637 1256 judicio
658 1171 689 1230 ct
702 1161 887 1247 voluntate,
905 1185 970 1230 non
987 1184 1028 1230 cx
1043 1184 1082 1230 eo
1095 1162 1182 1254 quod
1198 1162 1320 1232 subditi
1334 1163 1442 1254 legem

323 1295 388 1342 non
414 1271 609 1363 receperint,
627 1278 683 1339 aut
698 1269 840 1361 recipere
855 1277 1016 1338 recusent.
1045 1269 1140 1338 Unde
1154 1276 1240 1361 patet
1254 1270 1287 1340 in
1302 1279 1371 1339 toto
1386 1294 1445 1338 suo

322 1383 438 1452 robore
458 1401 629 1450 remanere
658 1378 884 1470 probationem
910 1400 950 1445 ex
971 1377 1053 1467 legis
1065 1378 1204 1446 essentia
1219 1377 1442 1470 desumptam.

369 1499 401 1560 6ο
421 1494 644 1584 Confirmotur
655 1493 747 1581 suctu
759 1489 1017 1579 collationelepis
1025 1489 1218 1580 pontificiae,
1234 1511 1309 1556 cum
1321 1489 1447 1580 lepidus

324 1599 568 1694 episcopalibus.
593 1637 638 1650 -
661 1597 696 1664 Si
718 1603 876 1666 statutum
903 1595 1048 1689 aliquod,
1065 1596 1107 1664 ab
1126 1596 1286 1689 Episcopo
1303 1620 1365 1688 pro
1381 1607 1447 1666 tota

324 1708 454 1777 diaecesi
485 1731 544 1776 sna
574 1707 752 1791 sancitum,
784 1705 928 1794 obligare
956 1705 1105 1798 nequiret
1132 1705 1194 1773 nisi
1223 1704 1447 1796 dependenter

324 1843 343 1885 a
375 1818 478 1885 libera
508 1815 726 1908 parochorum
760 1812 943 1881 aliorumve
978 1812 1171 1881 inferiorum
1208 1815 1444 1905 acceptatione,

325 1935 433 1994 actum
462 1945 596 2016 prorsus
626 1929 708 1989 esset
737 1921 776 1988 de
803 1919 986 2010 legislativa
1017 1920 1167 2012 Episcopi
1203 1929 1372 2013 potestate.
1408 1923 1447 1992 Et

326 2044 451 2117 umen,
480 2033 506 2098 si
542 2031 616 2122 quis
645 2028 806 2120 parochus
837 2050 897 2120 pro
926 2027 1143 2120 peculiaribus
1180 2029 1344 2120 parochie
1377 2053 1444 2099 snau

325 2139 577 2212 circumstantiis
614 2138 764 2208 nocivam
793 2145 919 2229 reputat
954 2138 1049 2206 edicti
1075 2138 1267 2230 episcopalis
1297 2139 1446 2230 publica-

326 2256 467 2339 tionem,
498 2253 580 2319 bene
605 2271 805 2341 praesumere
836 2256 940 2341 potest
970 2251 1151 2318 consentire
1180 2251 1383 2344 Episcopum
1413 2259 1447 2320 ut

325 2365 378 2432 lox
408 2361 517 2430 statim
549 2359 583 2426 in
611 2358 667 2426 illa
694 2357 847 2449 parocbia
876 2379 942 2425 non
972 2369 1108 2447 urgeat3
1134 2367 1166 2426 at
1193 2367 1278 2428 certe
1301 2383 1369 2428 non
1390 2362 1444 2445 ita,

327 2480 362 2540 nt
382 2467 524 2562 parocho
536 2467 677 2534 liberum
696 2465 755 2552 sit,
772 2465 861 2533 nulla
876 2465 959 2532 facta
975 2466 1134 2558 Episcopo
1146 2466 1319 2552 relatione,
1338 2467 1444 2559 legem

326 2575 516 2668 simpliciter
543 2582 573 2641 et
601 2572 763 2657 absolute,
796 2580 892 2665 atque
921 2595 962 2639 ex
978 2572 1148 2642 definitivo
1162 2575 1296 2665 proprio
1306 2573 1445 2664 judicio,

327 2685 478 2776 rejicere3
498 2681 555 2750 sed
569 2689 717 2766 tantum,
734 2680 835 2748 donec
852 2679 992 2749 Praesuli
1014 2681 1154 2749 rationes
1170 2690 1341 2773 proponat.
1359 2682 1448 2764 Ques

327 2795 354 2862 si
379 2787 566 2885 probaverit
590 2787 781 2879 Episcopus,
800 2788 912 2880 ntique
929 2810 995 2856 non
1012 2789 1145 2877 urgebit
1166 2796 1327 2857 statutum
1342 2789 1380 2857 in
1395 2790 1448 2857 illa

327 2897 500 2993 parochia;
518 2896 545 2962 si
562 2917 717 2965 veronen
732 2895 931 2987 probaverit,
945 2896 1109 2965 tenebitur
1124 2896 1285 2988 parochus
1301 2897 1445 2966 obedire.

327 3011 365 3078 ln
387 3016 504 3076 neutro
527 3012 637 3076 autem
653 3027 730 3072 casn
749 3005 940 3096 episcopalis
956 3005 1067 3074 statuti
1083 3005 1133 3074 vis
1146 3029 1166 3072 a
1181 3006 1312 3097 parochi
1330 3029 1448 3100 accep-

328 3119 448 3188 tatione
462 3113 603 3209 pendere
617 3113 682 3182 dici
699 3120 814 3205 potest.

372 3227 466 3297 Unde
496 3207 594 3294 etiam
624 3221 818 3290 concludere
831 3221 905 3288 licet
919 3244 1020 3314 quam
1036 3221 1201 3290 insensum
1218 3223 1260 3291 sit
1274 3223 1447 3317 episcopali

328 3342 509 3416 auctoritati
536 3339 733 3432 gallicanum
764 3344 920 3428 systema.
950 3335 1009 3404 lllo
1035 3335 1154 3428 quippe
1177 3360 1197 3405 a
1222 3337 1347 3405 clericis
1370 3360 1448 3426 erga

328 3457 526 3548 Episcopum
541 3453 575 3520 in
592 3449 725 3543 praxim
740 3445 891 3533 deducto,
905 3446 976 3537 jam
993 3446 1027 3513 in
1043 3447 1151 3514 radice
1167 3447 1337 3515 vulnerata
1354 3470 1448 3539 pror-

329 3588 384 3634 sus
408 3562 594 3651 languescat
613 3566 711 3649 atque
732 3561 864 3622 corruat
891 3575 1020 3622 necesse
1037 3563 1085 3622 est
1100 3554 1260 3646 cujusque
1274 3554 1445 3648 Episcopi,

330 3671 415 3743 ovile
441 3670 503 3738 sibi
534 3666 750 3736 commissum
781 3663 914 3752 regendi
943 3670 1040 3755 atque
1067 3661 1274 3752 gubernandi
1294 3672 1444 3756 potestas.

330 3780 462 3852 Lethale
476 3798 555 3866 ergo
568 3775 696 3844 ferrum
711 3771 893 3840 auctoritati
911 3771 1085 3862 episcopali
1102 3769 1240 3840 subdola
1256 3795 1357 3842 manu
1373 3773 1447 3864 inji-

330 3891 420 3958 ciunt
435 3887 636 3978 quicumque
652 3904 725 3948 eam
747 3878 789 3948 ad
803 3877 1046 3948 colluctandum
1062 3901 1138 3946 cum
1156 3902 1312 3971 suprema
1324 3880 1447 3950 Christi

332 4001 365 4065 in
387 3995 485 4065 terris
509 3990 622 4058 vicarii
646 3988 732 4079 juris
757 3985 885 4055 dicendi
901 3994 1057 4078 potestate
1075 3985 1273 4056 blandiendo
1287 3989 1448 4057 exstimu-

329 4109 411 4174 lant.

375 4219 409 4282 7ο
426 4212 652 4303 confirmetur
661 4205 830 4297 socrcltotis
847 4203 1039 4273 Porisiensis
1050 4205 1219 4274 decisione.
1234 4207 1447 4274 -llamnata
