3048 4954
539 513 623 562 murs
645 515 796 561 0111011111.
1186 497 1226 562 95

109 680 128 718 s
152 652 282 724 11111111
297 663 402 723 111110
423 656 630 725 attribuenda
650 679 719 724 esse
743 655 915 748 privilegia
935 680 1010 748 quae
1028 656 1090 750 ipsi
1113 681 1133 726 a
1156 659 1227 748 lege

10 813 11 816 ,
110 787 130 826 c
152 761 368 850 fundationis,
398 771 496 832 auta
525 765 625 834 saeris
646 763 825 832 canonibus
845 764 1092 856 impertiuntur.
1118 764 1229 858 Neque

109 899 129 935 a
153 871 313 960 canonici,
329 871 438 964 subdit
459 872 609 966 Episcopi
624 872 788 960 defensor,
804 872 988 966 subsidium
1004 873 1065 941 sibi
1077 895 1229 968 ,quarere

111 1007 130 1046 c
153 989 290 1072 possunt
304 1003 346 1050 cx
362 981 427 1050 illis
447 1005 522 1074 qua
547 982 583 1049 in
602 981 696 1050 bulla
718 981 795 1050 anni
819 985 902 1050 1817
926 982 1083 1072 leguntur
1103 984 1225 1052 verba:

111 1115 131 1154 a
153 1089 299 1158 11101111
322 1089 458 1182 intepris
477 1089 699 1170 manentibus,
722 1090 775 1158 vel
794 1088 830 1157 in
853 1113 913 1158 suo
937 1091 1051 1160 robore
1070 1091 1229 1160 restitutos

111 1225 129 1262 ι
145 1197 284 1288 juribus
306 1198 458 1267 omibus
475 1211 540 1270 ,aut
555 1197 801 1290 praroqatiois,
827 1197 945 1290 quibus
970 1199 1118 1291 capitula
1136 1223 1228 1294 pra·

111 1333 129 1370 a
153 1305 242 1376 dicta
252 1306 469 1398 potiebantur
482 1317 560 1375 ante
581 1329 706 1376 onnam
731 1309 827 1376 18111.
850 1307 930 1374 flac
949 1307 1111 1398 siquidem
1126 1311 1228 1380 verba

111 1441 129 1478 1
152 1413 314 1507 nequead
338 1414 516 1507 capitulum
541 1414 776 1500 Derthonensc,
800 1435 905 1506 neque
931 1414 971 1482 ad
994 1413 1061 1484 alia
1087 1415 1229 1508 capitula

109 1547 127 1587 c
152 1521 246 1614 prius
260 1521 405 1612 legitime
424 1544 611 1614 suppressa,
640 1545 677 1590 ac
705 1529 815 1613 postea
833 1519 942 1590 denuo
958 1529 1081 1606 erecta,
1106 1523 1161 1591 sed
1184 1525 1226 1593 ad

110 1657 128 1694 a
151 1629 219 1698 alia
230 1628 372 1722 capitula
384 1651 459 1722 quae
480 1629 656 1698 nonnullas
678 1629 848 1698 subierant
869 1628 1113 1700 vicissitudines
1132 1639 1164 1699 et
1188 1633 1228 1700 de

109 1763 127 1802 c
151 1738 274 1830 quibus
289 1760 396 1806 sermo
411 1743 459 1806 est
474 1738 509 1806 in
520 1741 634 1806 eadem
659 1735 761 1824 bulla,
779 1737 950 1806 referenda
964 1759 1034 1807 esse
1047 1741 1225 1829 contendit,

111 1845 257 1913 «veluti
282 1845 401 1935 legenti
428 1845 621 1938 apostolicas
648 1845 771 1912 litteras
801 1845 896 1936 plan'e
922 1845 1098 1936 liquescere
1121 1857 1224 1938 putat.

110 1979 128 2020 a
151 1953 239 2023 Hinc
252 1977 321 2024 rem
337 1954 466 2024 conficit
484 1954 573 2022 idem
591 1953 755 2042 defensor,
774 1955 928 2046 iuquiens
946 1981 954 2022 :
975 1955 1227 2028 constitutiones

111 2091 128 2128 1
151 2063 233 2130 anni
258 2065 341 2130 1823
361 2063 495 2132 omnino
523 2069 600 2130 suut
616 2061 800 2149 servandae,
818 2063 898 2152 ipsa
917 2069 1042 2131 tantum
1057 2064 1091 2130 iu
1105 2066 1227 2133 exortis
1334 2073 1337 2092 '

110 2197 127 2234 a
151 2169 393 2261 questionibus
413 2168 605 2238 dirimendis
626 2169 831 2262 spectandro;
848 2178 881 2237 et
899 2169 958 2238 ubi
981 2167 1077 2238 silent
1100 2173 1227 2265 capitu-

110 2278 238 2346 alares
260 2277 517 2364 constitutiones,
543 2276 582 2344 ad
608 2300 775 2346 sacrorum
803 2299 963 2346 canonum
985 2278 1227 2369 dispositionem

109 2415 125 2452 a
150 2387 329 2478 coningere
342 2393 540 2478 oportet...»

156 2523 175 2560 a
199 2494 250 2562 Ex
272 2493 410 2562 adverso
436 2491 570 2583 capituli
597 2490 749 2560 defensor
773 2499 903 2576 statuta,
923 2492 1174 2562 consuetudines
1197 2505 1229 2564 et

10 2665 11 2670 ,
111 2633 128 2670 a
152 2602 327 2696 privilegia
346 2599 580 2668 Derthonensis
602 2599 737 2690 capituli
811 2599 996 2668 nullatenus
1015 2598 1228 2671 1111111110·

10 2707 12 2778 :
113 2741 129 2779 a
152 2720 230 2804 gata
250 2719 307 2778 aut
326 2708 513 2794 imminuta,
534 2705 589 2774 sed
612 2727 650 2773 ea
671 2705 798 2795 integra
822 2713 854 2774 et
874 2705 1051 2775 incolumia
1073 2707 1227 2777 hactenus

10 2889 11 2896 ,
112 2843 286 2891 emanere
313 2827 509 2913 propugnat.
542 2819 579 2885 ln
605 2817 720 2910 primis
747 2817 835 2885 enim
864 2816 1106 2904 animadvertit,
1138 2841 1229 2888 sum-

10 2913 11 2928 *
112 2959 129 2998 s
154 2953 247 2999 mum
271 2927 462 2998 Pontificem
484 2927 581 2995 Pium
605 2926 667 2995 Vll
693 2923 910 3016 quarumdam
937 2925 1147 2994 ecclesiarum
1174 2950 1230 2996 oa-

113 3069 130 3104 «
154 3037 353 3108 thedralium
382 3035 645 3128 suppressionem
683 3031 772 3101 haud
807 3055 878 3101 eam
911 3032 953 3100 ob
985 3055 1114 3102 causam
1143 3058 1229 3106 anno

114 3177 131 3214 a
157 3151 241 3216 1803
259 3145 452 3230 decrevisse,
468 3151 505 3211 111
517 3140 693 3234 collapsam
707 3140 911 3231 disciplinam
928 3143 1122 3228 restitueret,
1142 3144 1228 3222 abu-

115 3281 211 3326 csus
240 3255 375 3335 tolleret,
401 3273 509 3321 moras
532 3250 735 3330 reformaret,
768 3257 826 3317 aut
853 3248 1074 3339 capitulorum
1099 3249 1175 3339 jura
1198 3262 1230 3320 et

116 3362 328 3457 «privilegia
352 3360 553 3437 destruerct3
586 3355 642 3426 sed
670 3364 706 3425 ut
730 3356 902 3425 militarem
930 3356 998 3424 vim
1029 3355 1167 3445 sedaset,
1198 3369 1231 3428 et

118 3500 133 3536 c
155 3472 403 3564 gravioraque
426 3466 657 3535 infelicissimis
678 3465 923 3557 tempestatibus
944 3464 1116 3533 imminere
1139 3479 1230 3557 pole-

118 3591 229 3650 «rant
255 3587 377 3649 arceret
405 3577 599 3645 infortunia.
631 3575 697 3642 Vix
725 3583 833 3642 autem
864 3573 962 3642 fausti
984 3574 1123 3644 illuxere
1147 3577 1228 3665 dies,

10 3777 11 3780 Ἴ
117 3719 132 3758 a
154 3717 191 3762 ac
271 3691 350 3759 Pius
372 3688 435 3758 Vll
450 3685 651 3754 cathedrales
667 3685 815 3752 ecclesias
840 3706 916 3752 cum
942 3685 1009 3750 suis
1031 3685 1180 3776 capitulis
1195 3688 1229 3754 in

118 3827 133 3864 1
155 3799 331 3892 pristinum
358 3795 499 3864 restituit
575 3799 607 3860 11
626 3791 812 3860 facultatem
829 3787 978 3882 capitulis
1000 3791 1036 3857 in
1059 3793 1229 3884 antiquum

118 3915 275 3976 astatum
302 3903 462 3974 restitutis
491 3900 650 3970 concessit
682 3921 768 3968 nova
801 3897 962 3968 condendi
993 3906 1152 3968 statuta...
1183 3903 1231 3971 Ea

118 4027 264 4088 cautem
289 4025 335 4085 est
358 4017 409 4083 vis
433 4037 469 4082 ac
491 4014 573 4082 ratio
597 4011 811 4080 restitutionis
835 4009 870 4077 in
890 4009 1069 4098 integrum,
1085 4020 1123 4078 ut
1137 4013 1231 4080 resti·

120 4156 134 4192 1
157 4135 247 4197 tutus
260 4125 295 4193 in
312 4125 405 4194 illum
420 4122 662 4210 redintegretur
676 4127 795 4187 statum
808 4126 841 4186 et
851 4117 918 4207 jus,
936 4139 955 4184 a
975 4139 1041 4208 quo
1056 4116 1228 4188 deciderat.

121 4237 237 4308 «lura
260 4235 361 4330 igitur
387 4243 418 4303 11
437 4231 612 4327 privilegia
635 4227 868 4298 Derthonensis
891 4225 1026 4318 capituli
1042 4249 1101 4296 sua
1125 4227 1230 4300 adhuc
