3042 4946
620 479 703 526 rmus
724 478 876 526 canumet.
1240 459 1299 526 509

188 626 260 688 tum
290 619 449 706 aliarum,
477 642 534 712 per
565 641 598 688 se
624 626 671 686 cst
699 617 929 686 tantummodo
959 617 1083 686 honum
1113 617 1301 708 temporale,

188 726 230 795 ad
254 726 330 795 vitea
354 727 525 818 prasentia
546 725 720 797 commoda
741 725 917 816 pertinens.
941 724 1045 816 Atqui
1069 723 1192 792 bonum
1214 731 1302 792 tcm-

188 835 298 925 potale
312 835 478 928 quodlibet
492 843 540 905 est
563 833 740 904 necessario
759 829 1010 901 subordinatum
1024 831 1110 901 bono
1125 831 1300 924 spirituali,

188 951 221 1009 et
236 965 302 1011 non
316 950 420 1034 potest
438 966 507 1012 esse
529 943 592 1011 nisi
608 939 757 1011 medium
777 937 909 1030 aliquod
932 937 973 1007 ad
995 938 1122 1007 honum
1137 938 1303 1030 spirituale

187 1056 400 1148 anquamad
414 1059 516 1126 finem
533 1055 758 1142 referendum3
773 1075 852 1143 ergo
866 1053 941 1121 linis
956 1052 1097 1122 aliarum
1111 1054 1301 1124 societatum

188 1171 236 1232 est
254 1165 434 1233 necessario
455 1165 686 1234 subordinatus
705 1163 765 1231 lini
786 1161 960 1242 Ecclesiae3
976 1182 1055 1252 ergo
1076 1160 1150 1230 licet
1168 1165 1301 1232 societas

188 1271 376 1362 temporalis
404 1273 505 1365 possit
531 1295 599 1341 esse
626 1267 847 1362 independens
875 1269 916 1339 ab
950 1267 1111 1354 Ecclesia,
1142 1277 1301 1360 qautenus

186 1378 329 1449 Ecclesia
342 1402 408 1449 non
422 1381 570 1449 instituta
584 1386 632 1447 est
644 1377 685 1446 ad
700 1377 825 1446 bonum
841 1375 1018 1468 temporale
1034 1375 1208 1444 hominum
1223 1399 1299 1468 pro·

188 1486 403 1575 movendum,
419 1499 450 1555 et
465 1487 505 1554 ad
526 1509 577 1554 res
592 1484 787 1577 temporales
804 1484 975 1575 (quatenus
1000 1504 1089 1552 mere
1107 1485 1301 1575 temporales

186 1595 275 1685 sunt)
294 1595 464 1686 regendas,
480 1603 623 1664 attamen
644 1601 773 1662 tenetur
787 1592 821 1659 in
843 1591 941 1660 modo
961 1589 1178 1684 promovendi
1199 1592 1299 1661 finem

187 1725 285 1772 suum
310 1704 523 1796 temporalem
544 1726 613 1772 sese
636 1711 747 1794 aptare
770 1702 828 1770 lini
850 1701 1015 1788 Ecclesia,
1030 1708 1062 1770 et
1080 1716 1177 1794 prout
1199 1703 1301 1793 exigit

187 1807 264 1878 finis
278 1809 345 1898 ille,
361 1834 421 1880 sua
435 1811 547 1881 omnia
567 1809 730 1880 ordinare.
754 1809 842 1898 Ergo
861 1809 1004 1877 Ecclesia
1019 1831 1039 1876 a
1057 1808 1186 1879 Christo
1204 1809 1300 1878 insti-

188 1922 256 1984 tuta
270 1925 319 1985 cst
331 1919 372 1986 ab
386 1919 477 1987 omni
497 1917 562 1987 alia
583 1917 731 1988 smieute
753 1915 975 2006 independens
981 1942 990 2002 ;
1009 1937 1088 2006 ergo
1104 1923 1153 1984 est
1166 1916 1299 1986 societas

184 2023 293 2091 totalis
306 2031 337 2092 et
357 2023 528 2115 completa.

230 2131 458 2201 corollarium.
482 2169 527 2184 -
553 2131 637 2199 Hinc
663 2128 812 2200 concludi
838 2137 941 2221 potest
971 2153 1071 2223 quam
1100 2132 1222 2202 falsum
1243 2136 1296 2218 sit,

184 2240 365 2310 Ecclesium
386 2261 450 2308 esse
469 2239 504 2306 in
523 2238 676 2322 statu,·si
696 2236 898 2327 intelligatur
919 2259 993 2306 eam
1015 2239 1197 2308 auctoritati
1222 2265 1296 2332 quae

185 2347 284 2416 statui
297 2345 450 2438 praesidet
466 2347 642 2438 subjacere.

230 2455 414 2524 Pnorosrrro
437 2458 483 2522 ls.
500 2493 544 2505 —
562 2453 707 2523 Ecclesia
729 2453 854 2522 Christi
874 2465 919 2521 est
940 2454 1118 2522 accessorio
1137 2455 1293 2526 iocunda.

230 2561 258 2628 la
278 2559 441 2629 Prohatic.
460 2599 505 2613 —
520 2561 571 2628 Ex
591 2563 656 2628 line
680 2559 831 2629 Ecclesia
852 2560 995 2652 proprio.
1015 2598 1060 2612 —
1084 2561 1238 2651 Ecclesia,
1263 2573 1299 2631 ut

186 2669 285 2739 modo
298 2669 456 2756 vidimus,
469 2678 517 2738 est
533 2671 666 2738 societas
681 2669 840 2738 divinitus
853 2668 1002 2738 instituta
1014 2678 1051 2738 ut
1066 2690 1178 2738 veram
1197 2671 1298 2741 fidem

185 2786 217 2846 et
231 2797 364 2847 morum
385 2779 587 2846 sanctitatem
605 2776 750 2846 docendo
769 2786 802 2846 et
822 2776 991 2863 tradendo,
1011 2777 1161 2846 homines
1175 2779 1296 2870 perdu-

184 2892 235 2953 cat
249 2884 291 2952 ad
314 2885 415 2952 linem
436 2884 594 2954 ultimum
617 2892 748 2953 aeternae
771 2883 992 2953 beatitudinis.
1014 2883 1103 2974 Ergo
1123 2883 1223 2976 hujus
1243 2909 1296 2955 so-

185 2993 309 3061 cietatis
331 2993 521 3062 membrum
540 2994 635 3063 debet
656 3015 726 3062 esse
748 2993 898 3085 quisquis
922 3001 1049 3063 tenetur
1067 2993 1109 3062 ad
1129 2994 1236 3064 Deum
1261 3004 1298 3065 ut

186 3122 302 3168 verum
338 3103 439 3169 finem
475 3100 630 3169 ultimum
658 3121 717 3192 per
746 3122 833 3169 verae
868 3100 944 3168 fidei
982 3099 1236 3193 professionem,
1266 3112 1298 3171 ct

186 3229 318 3278 morum
335 3211 538 3278 sanctitatem
552 3208 696 3295 tendere,
715 3207 822 3296 idest,
839 3208 1079 3289 omnishomo:
1097 3231 1176 3299 ergo
1188 3209 1297 3278 Eccle-

185 3317 235 3384 sia
262 3325 309 3386 est
336 3318 468 3387 societas
495 3318 537 3385 ab
561 3317 715 3386 omnibus
746 3316 937 3386 hominibus
965 3317 1075 3384 stricta
1103 3317 1297 3406 obligatione

185 3423 339 3493 ineunda.

229 3533 273 3600 lla
289 3532 451 3602 Probatio.
469 3571 514 3585 -
529 3533 579 3602 Ex
595 3531 774 3624 Scripturas
790 3554 890 3600 sacrae
907 3532 1110 3600 testimoniis.
1124 3569 1168 3584 -
1183 3532 1298 3603 Chris-

185 3649 238 3709 tus
253 3640 428 3710 Ecclesiam
443 3640 528 3710 dixit
541 3663 609 3710 esse
624 3662 721 3710 suum
736 3662 883 3731 regnum.
901 3641 1003 3730 Atqui
1019 3663 1133 3710 omnes
1146 3641 1297 3711 homines

185 3749 295 3816 stricta
308 3747 506 3837 obligatione
520 3757 671 3818 tenentur
685 3748 804 3816 esseda
817 3769 918 3836 regno
932 3747 1066 3834 Christi,
1076 3757 1297 3818 cum‘tenean-

185 3864 239 3926 tur
252 3855 421 3925 Christum
437 3866 594 3948 tanquam
606 3877 718 3946 regem
731 3877 909 3944 agnoscere
922 3864 953 3924 et
964 3856 1026 3948 ipsi
1038 3877 1106 3924 sese
1121 3855 1278 3947 subjicere
1284 3885 1294 3946 ;
1384 3840 1391 3853 ’

184 3988 263 4057 ergo
288 3967 466 4036 Ecclesiam
486 3963 615 4055 ingredi
639 3971 801 4032 tenentur.
817 3998 863 4013 -
880 3962 921 4030 Si
942 3962 1121 4031 Ecclesiam
1141 3986 1208 4032 nou
1234 3987 1298 4034 oa-

185 4076 293 4158 dierit,
309 4077 351 4146 sit
367 4077 427 4144 tibi
440 4089 600 4168 tanquam
613 4073 757 4143 ethnicus
770 4084 801 4139 et
810 4071 1007 4163 publicanus
1022 4099 1034 4138 .·
1049 4073 1107 4162 qui
1120 4072 1296 4144 Ecclesiam

186 4205 252 4254 non
267 4185 370 4274 audit,
386 4206 452 4253 non
473 4184 603 4252 deberet
618 4181 731 4250 haberi
755 4188 911 4270 tauquam
934 4179 1081 4249 ethnicus
1097 4179 1128 4248 et
1146 4182 1297 4272 publica-
