3022 4950
601 432 774 480 Telesinus
797 435 835 478 ott
857 431 1013 479 enincleiis

247 593 293 647 est
308 580 374 673 ipse
389 581 566 649 intellectus
578 581 707 650 divinus
722 581 764 650 ab
778 595 896 650 eterno
905 582 1088 674 percipiens
1100 581 1258 674 quosdam
1272 595 1363 650 octos

248 701 408 779 tanquam
423 685 464 756 ab
479 688 665 757 bominibus
688 687 850 770 vitandos,
867 689 1026 781 quosdam
1046 689 1129 757 alios
1144 689 1187 759 ab
1204 689 1283 782 ipsis
1296 714 1364 784 po-

246 796 379 866 nendos.
398 798 539 866 -Nam
562 797 744 868 intellectus
769 797 914 886 divinus,
941 799 1017 868 licet
1037 798 1163 868 infinite
1187 799 1361 890 perfectus,

248 927 312 974 non
326 904 360 972 in
374 928 412 974 eo
427 914 536 974 tamen
556 905 664 974 differt
679 908 720 975 ob
735 905 899 976 intellectu
914 914 1022 976 cresto
1035 907 1124 999 quod
1139 907 1241 998 possit
1255 909 1364 998 perci-

246 1035 322 1102 pere
337 1013 370 1081 id
384 1013 471 1104 quod
488 1035 553 1082 non
567 1023 629 1102 est;
657 1017 714 1082 secl
736 1015 833 1083 etiam
856 1013 965 1106 quoad
992 1013 1191 1084 intellectum
1214 1013 1362 1083 divinum

248 1121 338 1211 prius
363 1131 423 1206 est,
447 1120 614 1214 prioritate
635 1122 780 1209 rationis,
802 1120 926 1214 ¹aliquid
949 1143 1018 1190 esso
1045 1144 1143 1213 quam
1167 1143 1186 1190 o
1207 1122 1274 1192 Deo
1289 1145 1363 1214 per-

246 1227 322 1317 cipi.
344 1227 438 1298 Unde
463 1230 503 1297 ab
527 1237 648 1298 aeterno
670 1229 802 1323 quidem
818 1231 905 1299 Deus
918 1229 1082 1321 cognoscit
1097 1237 1129 1298 ot
1143 1229 1232 1299 videt
1245 1230 1364 1300 multas

246 1335 434 1404 bominibus
448 1337 661 1428 obligationes
677 1339 884 1419 incumbere;
901 1346 934 1406 at
949 1361 1027 1408 vero
1042 1361 1109 1408 non
1124 1337 1197 1408 ideo
1210 1347 1286 1408 sunt
1298 1339 1363 1408 illae

247 1443 472 1533 obligationes,
489 1445 566 1536 qnia
582 1439 756 1516 Deus'illss
770 1447 875 1536 videt3
897 1446 952 1515 sed
976 1446 1065 1516 videt
1078 1446 1162 1532 illes,
1181 1446 1258 1538 quis
1273 1455 1361 1532 sunt,

220 1646 221 1649 Ἴ
247 1551 372 1642 etquis
387 1553 529 1642 cognitio
549 1553 609 1622 Dei
627 1555 756 1645 attingit
770 1555 880 1624 omnia
896 1577 969 1648 quae
989 1562 1076 1624 sunt.
1094 1555 1182 1644 Ergo
1198 1577 1264 1624 non
1278 1563 1364 1622 slent

247 1659 380 1748 praecise
401 1658 466 1729 illae
488 1662 699 1752 obligationes
721 1686 778 1754 per
804 1662 986 1731 intellectus
1008 1662 1112 1731 divini
1131 1662 1203 1730 illas
1227 1685 1363 1753 eognos-

248 1767 347 1834 oentis
362 1776 481 1837 actum.

291 1894 475 1966 Psoeosino
496 1901 541 1966 7¹.
561 1938 605 1951 -
623 1902 735 1992 Neque
750 1899 954 1992 primarium
977 1899 1218 1990 obligationum
1238 1899 1363 1992 fiendo-

248 2020 396 2076 mentum
412 2022 458 2076 est
473 2009 652 2078 voluntatis
667 2006 786 2075 divinoe
801 2005 949 2087 essentia,
966 2005 1001 2073 oi
1018 2005 1114 2097 cujus
1136 2009 1223 2074 Deus
1238 2006 1364 2100 aliquos

247 2130 339 2184 actos
358 2119 501 2209 imperet
515 2131 547 2186 et
568 2117 681 2208 ccipit,
701 2115 784 2184 elios
800 2114 954 2207 reprobat
975 2127 1006 2183 et
1024 2127 1125 2183 vetat.
1147 2115 1288 2185 —Nom
1304 2117 1362 2184 Dei

247 2223 397 2292 voluntas
412 2248 478 2293 non
492 2247 577 2294 caeco
594 2233 684 2293 motu
704 2222 809 2290 fertur
831 2223 866 2290 in
886 2221 1107 2314 prohibendos
1128 2223 1253 2314 sliquos
1272 2230 1363 2292 notus

247 2342 279 2402 et
292 2334 472 2424 exigendos
485 2335 583 2422 alios3
602 2333 657 2402 sed
673 2331 747 2400 ideo
769 2333 857 2400 Deus
876 2355 915 2399 ex
933 2331 1079 2401 essentiae
1097 2355 1165 2402 suae
1178 2332 1363 2400 necessitato

246 2443 396 2533 probibet
424 2444 551 2536 aliquos
579 2451 669 2513 aetus
698 2451 854 2533 tanquam
888 2441 1009 2529 melos,
1037 2442 1115 2534 quis
1142 2463 1257 2511 revera
1286 2443 1362 2510 meli

246 2560 338 2638 sunt3
354 2562 385 2620 et
398 2551 471 2620 ideo
485 2552 566 2620 alios
581 2551 699 2640 exigit,
715 2549 792 2642 quia
807 2571 921 2618 revere
937 2557 1063 2618 tenetur
1079 2549 1177 2618 homo
1191 2551 1252 2618 sub
1268 2549 1363 2641 culpa

246 2683 300 2729 eos
320 2683 458 2752 ponere;
480 2667 610 2751 ergoet
634 2659 705 2750 ipss
724 2659 876 2726 voluntas
897 2657 1009 2726 divina
1027 2657 1251 2750 praesupponit
1275 2655 1362 2726 obli-

246 2769 391 2858 gationes
403 2769 588 2837 essentiales
600 2765 667 2857 jam
683 2767 834 2856 existere,
851 2787 915 2835 non
926 2764 997 2835 illos
1010 2767 1081 2858 ipso
1097 2788 1156 2835 suo
1171 2772 1245 2835 actu
1264 2787 1362 2834 oons-

246 2871 343 2940 tituit.

773 3131 856 3224 §n

276 3367 426 3419 Stetuuntur
439 3365 566 3430 principis
579 3365 696 3430 quosdam
709 3378 819 3432 quorum
838 3378 888 3430 ope
901 3365 1020 3416 deveniet
1034 3364 1115 3429 possit
1129 3363 1163 3413 od
1178 3361 1327 3426 primarium

445 3455 632 3522 obligationum
646 3459 673 3506 et
684 3453 750 3522 jun's
765 3451 951 3522 cujuscuniquo
964 3453 1170 3505 tundamentum.

290 3727 477 3796 Pnososrrio
495 3727 537 3794 1¹.
563 3763 609 3778 -
623 3729 732 3794 Homo
748 3725 782 3792 in
798 3723 942 3816 quolibet
955 3735 1031 3791 notu
1048 3745 1106 3790 suo
1125 3722 1187 3791 sibi
1203 3722 1364 3813 proponit

247 3834 478 3927 attingendum
492 3836 593 3925 finem
616 3834 760 3924 aliquem
782 3831 951 3899 ultimum.
969 3869 1013 3882 -
1032 3831 1125 3899 Finis
1140 3840 1230 3899 octus
1245 3829 1365 3898 dicitur

247 3944 329 4012 illud
355 3944 395 4010 od
419 3939 506 4034 quod
525 3939 740 4009 obtinendum
754 3938 889 4030 ponitur
904 3947 1014 4025 actus3
1031 3961 1100 4020 seu,
1118 3937 1189 4006 eliis
1203 3938 1361 4022 terminis,

247 4052 328 4118 illud
348 4052 436 4142 quod
456 4049 552 4118 bomo
574 4048 645 4115 vult
664 4045 809 4114 obtinere
828 4068 886 4138 per
905 4067 1002 4114 suum
1022 4054 1143 4131 sotum,
1169 4055 1200 4111 et
1221 4045 1261 4112 ed
1276 4045 1363 4136 quoii

247 4180 305 4250 per
332 4157 420 4226 hunc
447 4165 554 4225 sotum
585 4153 700 4244 tendit.
728 4155 863 4223 Certum
890 4161 998 4221 autem
1031 4161 1079 4220 est
1109 4150 1274 4220 hominem
1305 4173 1364 4243 per
