3072 4948
606 459 781 510 'innotatus
804 462 842 507 DE
866 463 1018 510 Pntnutt‘tts

760 800 850 890 gu.

250 1011 287 1062 De
312 1011 478 1076 abrogatione
503 1013 698 1065 consuetudinis
720 1015 873 1079 perlegens
895 1013 1092 1066 antecedentem
1114 1015 1305 1076 consuetudini,
1321 1028 1380 1064 seu

282 1099 367 1146 utrum
382 1095 542 1147 consuetudo
554 1098 701 1148 annulletur
714 1099 855 1162 perlegere
868 1098 1035 1160 anteriorem,
1049 1112 1107 1165 qun
1119 1098 1250 1164 probibuit
1260 1111 1378 1149 omnem

281 1175 308 1224 in
322 1179 454 1239 postcom
470 1176 626 1228 contrariam
642 1177 691 1228 sihi
707 1178 932 1231 cousuetudinem.

294 1391 453 1482 Expresso
477 1393 589 1461 statuit
613 1393 694 1462 Pius
711 1395 756 1463 lV
773 1394 900 1463 concilii
923 1395 1107 1464 Tridentini
1130 1394 1259 1464 decreta
1281 1395 1376 1463 vali-

248 1507 323 1567 tura
340 1507 453 1568 contra
470 1522 584 1568 ornnes
598 1501 775 1569 contrarias
797 1525 872 1592 qum
887 1503 921 1569 in
938 1511 1103 1594 posterum
1119 1502 1375 1571 introduceren-

248 1622 303 1679 tur
327 1611 590 1697 oonsuetudines,
613 1613 723 1704 sicque
748 1613 822 1682 illas
839 1613 1091 1683 consuetudines
1107 1614 1141 1681 in
1163 1624 1371 1682 antecessum

248 1730 279 1790 et
305 1731 479 1814 antequam
504 1732 584 1790 ortae
610 1732 716 1792 essent
742 1724 843 1793 voluit
869 1723 1050 1792 annullare.
1082 1722 1237 1791 Prodiere
1263 1721 1374 1790 variis

246 1829 447 1921 temporibus
469 1831 541 1900 alim
566 1831 654 1921 leges
675 1831 774 1899 simili
800 1825 945 1900 clausula
964 1831 1093 1900 futuras
1114 1829 1373 1899 consuetudines

246 1938 423 2027 abrogante
452 1941 601 2007 munitm.
634 1941 778 2024 Quaestio
806 1962 886 2028 ergo
915 1947 964 2008 est
993 1947 1105 2008 utrum
1130 1959 1244 2007 revera
1272 1937 1371 2006 nulla

246 2047 445 2116 consuetudo
465 2049 644 2140 praevalere
666 2049 766 2140 possit
786 2058 899 2118 contra
919 2047 1107 2139 hujusmodi
1127 2047 1215 2135 leges
1227 2045 1288 2113 sibi
1303 2068 1370 2113 an-

245 2153 391 2242 teriores,
415 2179 490 2247 qnae
504 2179 656 2249 expresse
677 2158 722 2225 sic
737 2157 977 2248 prohibuerunt
988 2156 1132 2224 orituros
1146 2155 1180 2223 in
1196 2163 1366 2246 posterum

246 2264 424 2332 contrarias
445 2265 707 2334 consuetudines.
733 2264 780 2333 De
803 2287 869 2356 quo
894 2285 1014 2352 magna
1039 2271 1087 2332 est
1112 2265 1196 2331 inter
1216 2263 1367 2330 doctores

245 2371 476 2441 controversis.
508 2371 574 2440 Alii
604 2371 769 2440 affirmant
799 2371 923 2440 nullam
958 2369 1226 2440 consuetudinem
1254 2369 1366 2436 ualere

243 2501 336 2568 posse
361 2488 474 2548 eontra
499 2479 605 2570 legem
631 2501 705 2570 quae
731 2479 778 2546 sio
806 2485 918 2546 contra
943 2479 1086 2547 oriturae
1113 2477 1367 2546 correuetudines

244 2585 340 2652 cavit.
366 2585 432 2653 Alii
454 2607 532 2654 vero
556 2595 685 2674 negant.
708 2583 935 2654 Examinanda
951 2594 998 2653 est
1019 2583 1157 2676 questio
1171 2593 1241 2652 tum
1256 2583 1290 2650 in
1306 2606 1365 2672 ge-

242 2714 332 2780 nere,
349 2702 420 2761 tum
435 2693 470 2760 in
485 2694 672 2784 particulari
687 2693 794 2785 quoad
811 2693 984 2761 concilium
1006 2691 1247 2762 Tridentinum.

703 3025 861 3083 PUNCTUM
881 3027 901 3080 l.

650 3202 762 3261 Quastio
792 3203 817 3252 in
850 3215 954 3267 genere.

284 3421 310 3487 1.
329 3417 500 3487 Sententia
517 3417 701 3508 affirmans.
717 3416 856 3508 -Ejus
874 3417 1057 3508 precipuas
1077 3418 1218 3486 rationes
1234 3418 1280 3486 sic
1300 3440 1366 3488 ex-

240 3527 348 3620 posuit
363 3526 484 3596 Snarez
501 3554 508 3594 :
531 3553 548 3591 o
566 3529 597 3593 1⁰
613 3525 701 3594 'lulis
720 3523 920 3594 consuetudo
934 3547 973 3595 eo
988 3525 1059 3616 ipso
1074 3525 1164 3617 quod
1179 3525 1364 3617 specialiter

243 3665 260 3705 u
284 3637 487 3729 prohibetur,
516 3634 747 3705 irrationabilis
773 3643 836 3720 est;
860 3619 940 3724 ergo
962 3656 1134 3727 nunquam
1153 3642 1258 3726 potest
1273 3656 1363 3726 prae-

243 3773 260 3812 s
282 3745 398 3833 scribi3
411 3766 490 3835 ergo
506 3767 564 3813 neo
576 3744 683 3835 legem
696 3744 866 3832 abrogare.
884 3743 1109 3826 nonnanes
1123 3741 1361 3812 nullumcffec-

243 3883 261 3920 a
284 3862 353 3925 turn
385 3853 543 3922 haberent
568 3851 604 3918 in
639 3851 696 3920 tali
726 3851 798 3940 lege
827 3850 883 3919 illa
914 3850 1014 3920 verba
1045 3849 1166 3942 quibus
1195 3849 1294 3918 etiam
1323 3849 1361 3918 in

242 3990 260 4028 a<
282 3963 431 4032 loturum
444 3958 644 4030 consuetudo
657 3959 848 4052 prohibetur
857 3987 867 4048 3
885 3960 965 4052 quia
976 3968 1066 4030 actus
1082 3981 1139 4050 per
1150 3981 1233 4052 quos
1247 3958 1360 4029 induci

243 4071 336 4139 uvel
358 4069 506 4140 inchoari
530 4075 636 4162 potest
658 4068 731 4138 talis
761 4067 973 4151 consuetudo,
1000 4090 1043 4138 ex
1073 4068 1107 4138 vi
1132 4066 1215 4157 legis
1237 4068 1359 4160 presci-

243 4205 260 4244 «
282 4176 400 4270 pientis
422 4177 544 4270 absque
564 4174 620 4245 illa
634 4174 779 4245 clausula
800 4175 956 4267 prohibiti
971 4185 1061 4266 sunt,
1078 4183 1109 4244 et
1123 4183 1359 4268 consequenter
