3072 4948
550 453 634 502 runis
656 453 808 502 canonici.
1175 435 1236 502 alc

123 597 234 660 autem
261 589 424 660 affirmant
446 590 534 682 qnod
558 589 625 660 vim
649 590 730 682 legis
755 591 905 680 habeant,
931 593 958 662 si
983 594 1071 686 Papa
1090 595 1236 664 consulto
1286 573 1290 584 ¹

124 699 229 786 factae,
245 723 266 766 a
283 697 445 767 cardinale
468 698 621 791 praelecto
645 707 676 768 et
703 699 873 768 secretario
895 701 1085 793 subscriptae
1105 712 1136 770 ct
1154 725 1237 771 con-

123 814 216 876 aneto
237 807 339 898 ipsias
359 807 629 898 congregationis
655 807 763 898 sigillo
790 808 924 876 munitae
948 809 1037 876 sint:
1060 810 1158 902 idque
1177 834 1237 880 ve-

122 937 199 983 rum
224 924 356 984 estnon
376 923 502 984 tantum
522 923 670 1007 respectu
693 937 806 985 eorum
825 915 944 1006 quibus
965 917 1161 1006 redduntur,
1181 919 1236 988 sed

121 1022 219 1090 etiam
242 1031 386 1114 respectu
407 1022 546 1092 aliorum
569 1024 626 1115 qui
646 1023 685 1091 de
711 1022 776 1090 illis
791 1023 835 1091 ita
850 1022 984 1092 redditis
1004 1025 1151 1095 notitiam
1166 1049 1239 1096 cer-

122 1140 190 1199 tam
214 1130 374 1200 habent...
403 1131 443 1200 Et
461 1132 506 1200 ita
523 1131 660 1200 suadent
680 1133 820 1200 rationes
841 1154 899 1222 pro
920 1133 1062 1202 mcunda
1081 1136 1238 1204 sententia

124 1243 256 1332 (nempe
277 1239 486 1332 affirmante).
512 1267 528 1306 a
552 1241 601 1309 lto
629 1240 932 1331 Schnralzgrucbcr,
959 1241 1016 1332 qui
1041 1242 1116 1310 huic
1132 1244 1236 1312 tertiae

122 1349 292 1418 sententia
308 1348 464 1418 adherat.

186 1591 216 1644 v.
237 1590 306 1655 QUlll
326 1605 358 1646 RK
377 1605 435 1647 lSTA
454 1605 601 1647 Ol’ltllONUll
620 1605 791 1647 ltltssllsl'l'd'l'!
810 1605 948 1654 secunus
967 1605 1055 1654 QUOAD
1076 1605 1182 1648 emta.

167 1786 241 1856 Una
261 1785 396 1877 quidem
416 1809 457 1856 ax
478 1786 582 1856 tribus
602 1786 758 1877 expositis
776 1786 943 1854 sententiis
960 1787 1028 1854 vim
1043 1785 1124 1876 legis
1140 1786 1239 1856 dene·

120 1903 179 1984 gat
202 1893 472 1964 declarationibus
491 1894 760 1986 Gongragationis
777 1894 930 1973 Concilii;
952 1902 984 1963 et
1002 1894 1093 1963 illam
1107 1903 1240 1964 muten-

119 2005 202 2072 tiam
216 2013 326 2073 sancta
340 2005 440 2075 Sedes
455 2005 519 2074 huc
534 2028 635 2098 usquc
652 2004 800 2074 toleravit
814 2006 849 2072 in
863 2004 981 2073 scholis
997 2004 1161 2073 catholicis
1177 2027 1238 2072 ex-

119 2113 200 2205 poni
216 2121 248 2190 et
268 2113 386 2182 doceri.
404 2113 482 2182 luda
499 2137 575 2183 vero
595 2113 731 2182 minime
746 2113 893 2205 sequitur
908 2134 1001 2204 posse
1016 2112 1050 2180 in
1065 2113 1160 2204 praxi
1173 2135 1238 2182 non

118 2221 245 2290 attendi
271 2221 312 2289 ad
339 2221 515 2291 decisiones
540 2220 705 2313 praedictae
722 2219 991 2310 congregationis
1015 2246 1021 2286 :
1045 2228 1171 2288 certum
1191 2230 1240 2288 est

119 2336 271 2396 econtra
298 2329 379 2422 ipsis
405 2342 560 2420 tanquam
588 2327 761 2396 ordinariae
786 2327 908 2417 regula
925 2348 995 2394 esse
1009 2327 1238 2418 obtemperan-

119 2436 216 2505 dum.
247 2437 330 2506 Nam
360 2437 433 2505 licet
460 2437 562 2529 aliqui
593 2436 735 2525 theologi
760 2437 839 2528 ipsis
868 2435 1029 2526 denegent
1057 2435 1128 2502 vim
1156 2436 1238 2525 legis

119 2544 252 2635 proprie
273 2544 408 2631 dictam,
428 2543 538 2612 nullus
563 2553 672 2612 tamen
693 2543 817 2635 estqui
841 2565 906 2611 non
933 2541 1071 2610 fateatur
1085 2541 1167 2628 illas,
1185 2551 1239 2609 ut-

119 2663 196 2743 pote
224 2651 357 2720 nominc
381 2653 506 2720 summi
528 2651 696 2720 Pontificis
710 2675 729 2719 a
743 2650 822 2720 viris
836 2649 877 2718 ab
892 2650 962 2741 ipso
975 2647 1131 2738 delegatis
1146 2671 1239 2719 ema-

119 2770 226 2843 natas,
250 2782 319 2829 esse
338 2760 461 2829 summi
474 2757 630 2851 ponderis
650 2757 691 2828 ad
713 2767 795 2826 recte
812 2756 1022 2846 intelligenda
1037 2757 1239 2826 Tridentinae

119 2867 239 2962 synodi
264 2867 402 2937 decreta.
428 2868 530 2935 Porro
550 2866 610 2935 hcc
635 2865 703 2934 solo
727 2864 833 2951 titulo,
860 2874 892 2931 et
916 2863 989 2932 licet
1009 2863 1239 2932 concederetur

117 2978 193 3046 illas
216 2998 281 3046 non
306 2975 425 3044 habore
449 2974 608 3043 rationem
636 2973 728 3063 legis,
753 2972 900 3064 sequitur
926 2970 1079 3062 obligatio
1108 2970 1179 3039 illas
1205 2971 1238 3039 in

120 3084 217 3177 praxi
235 3083 398 3152 ordinaria
423 3079 587 3150 servandi.
611 3080 699 3150 Nulli
720 3081 809 3148 caim
830 3080 903 3147 licet
929 3078 1102 3147 temerarie
1117 3101 1237 3169 agere:

119 3192 212 3284 atqui
235 3213 378 3260 summae
401 3189 592 3259 temeritatis
618 3197 714 3274 esset,
737 3211 832 3256 suam
853 3187 1153 3278 interpretationem
1171 3187 1239 3277 pri-

120 3309 246 3386 vatam,
261 3298 392 3391 quando
407 3297 516 3389 agitur
531 3297 570 3366 de
582 3297 713 3388 legibus
728 3294 949 3364 ecclesiasticis
959 3302 1043 3362 recte
1055 3293 1238 3383 intelligen-

119 3407 171 3476 dis
185 3417 216 3475 et
233 3405 459 3498 exsequendis,
474 3403 732 3496 interpretationi
748 3405 921 3496 ipsiusmet
935 3401 1059 3470 summi
1073 3400 1239 3469 Pontificis

119 3539 179 3608 per
205 3515 368 3606 delegatos
397 3514 485 3584 viros
515 3514 679 3605 loquentis
704 3521 911 3603 anteponere.
944 3509 1038 3593 Quod
1070 3517 1106 3577 ut
1136 3507 1238 3598 magis

119 3631 239 3716 pateat,
267 3641 490 3714 supponamus
519 3643 633 3690 ornnes
662 3619 750 3688 orbis
777 3617 925 3687 catholici
952 3615 1177 3684 universitates
1203 3615 1238 3682 in

119 3730 314 3800 declarando
328 3739 358 3797 et
374 3737 501 3798 certum
513 3726 757 3820 pronuntiando
773 3724 910 3816 alicujus
924 3722 1146 3791 ecclesiastieae
1157 3721 1239 3812 legis

119 3859 218 3908 sensu
234 3836 332 3905 luisse
349 3835 531 3904 unanimes.
555 3835 683 3925 Magnas
705 3833 896 3902 temeritatis
910 3837 993 3898 esset
1009 3829 1083 3897 huic
1100 3837 1147 3897 tot
1161 3827 1238 3896 doc-

119 3956 231 4016 torum
252 3943 419 4013 sentcntiae
440 3942 614 4028 contraire,
639 3951 670 4010 et
701 3941 806 4031 legem
832 3938 893 4008 hoc
920 3960 1017 4006 seusu
1042 3934 1237 4004 intellectam

119 4055 311 4144 intringere.
340 4053 441 4122 Porro
471 4049 574 4120 multo
603 4049 738 4141 majoris
763 4045 963 4118 auctoritatis
991 4055 1039 4114 est
1063 4044 1237 4114 declaratio

120 4159 390 4253 Congregatiouis
422 4157 569 4228 Concilii.
606 4157 690 4228 Nam
734 4179 866 4226 summo
901 4152 1051 4223 Pontifici
1088 4155 1239 4246 competit
