3042 4946
286 471 345 536 tta
634 489 808 536 recasurus
832 491 869 534 ns
892 487 1045 535 vernoune

281 630 372 698 tilem
397 628 581 697 societatem
607 627 787 696 instituere.
809 627 896 718 Ergo
919 629 948 696 si
967 649 1044 696 vere
1065 625 1241 694 Ecclesiam
1260 623 1404 692 instituit

282 759 357 805 cum
388 736 548 806 societatis
576 736 696 818 forma,
728 736 913 806 societatem
943 735 1033 804 illam
1062 733 1163 802 simul
1190 731 1332 800 instituit
1358 731 1402 798 ab

282 845 437 914 omnibus
454 842 645 913 ineundam.

326 951 372 1020 V⁸
393 951 556 1021 Probutio.
573 991 618 1004 -
642 952 692 1020 Ex
715 974 753 1020 eo
774 951 861 1042 quod
884 951 1034 1021 Christus
1057 971 1123 1018 non
1145 946 1324 1016 instituerit
1341 967 1402 1036 pro

283 1059 421 1149 singulis
437 1058 627 1129 hominihus
651 1059 863 1128 revelationes
885 1059 1040 1150 privatas.
1056 1095 1101 1110 -
1115 1056 1228 1125 Voluit
1249 1054 1403 1122 Christus

282 1167 510 1257 religionema
529 1190 562 1236 se
583 1168 761 1236 revelatam
779 1167 930 1256 cognosci
955 1173 988 1233 et
1004 1163 1182 1234 observari.
1201 1161 1336 1230 Certum
1353 1169 1403 1227 est

283 1274 413 1345 aliunde
429 1276 470 1343 ab
484 1275 555 1366 ipso
568 1275 750 1344 institutam
767 1273 867 1342 larissa
886 1273 1066 1342 Ecclesiam
1087 1272 1123 1338 in
1142 1269 1230 1338 hunc
1249 1268 1351 1336 finem
1366 1276 1404 1334 ut

283 1405 397 1453 veram
411 1381 525 1470 fidem,
543 1403 721 1474 veramque
735 1403 868 1450 mamm
884 1381 1034 1472 regulam
1056 1388 1088 1448 et
1109 1377 1222 1446 omnia
1236 1375 1346 1464 media
1360 1373 1401 1440 ad

284 1492 421 1561 salntem
437 1491 618 1560 necessaria
633 1488 772 1576 doceret,
790 1498 887 1581 atque
908 1511 1023 1558 omnes
1045 1486 1207 1572 homines,
1222 1485 1307 1553 sieut
1322 1505 1403 1574 pes-

285 1607 335 1668 tor
349 1621 438 1684 oves,
456 1605 592 1688 regeret.
612 1597 687 1666 lam
700 1617 779 1665 vero
795 1598 903 1666 anon
918 1603 1002 1665 esset
1016 1592 1169 1684 obligatio
1185 1592 1284 1660 talem
1299 1591 1402 1660 socie·

285 1713 384 1774 tatem
411 1727 430 1772 a
454 1703 584 1774 Christo
612 1702 793 1773 institutam
823 1700 1047 1794 ingrediendi,
1072 1701 1144 1769 ideo
1172 1707 1300 1768 tantum
1324 1698 1403 1790 quia

284 1813 444 1901 Christus,
468 1821 588 1906 praeter
612 1813 695 1882 hanc
717 1812 867 1882 Ecclesia
894 1812 1070 1898 actionem,
1097 1809 1289 1878 instituisset
1310 1805 1401 1876 aliud

285 1921 431 1990 medium
452 1943 518 2013 quo
540 1920 732 2011 religionem
753 1942 824 1988 ase
850 1919 1028 1989 revelatam
1047 1916 1169 2007 singuli
1191 1923 1325 2009 possent
1348 1937 1402 1984 oo·

284 2051 437 2120 gnoscere
453 2037 485 2096 et
506 2037 578 2119 apte
595 2028 711 2096 colere.
729 2027 830 2118 Atqui
854 2049 920 2095 non
942 2025 1092 2094 institnit.
1110 2023 1195 2093 Nam
1218 2024 1306 2092 istud
1327 2045 1401 2090 me-

285 2135 378 2206 dium
405 2158 471 2205 non
499 2146 606 2227 posset
634 2134 808 2203 consistere
840 2135 903 2202 nisi
929 2135 963 2201 in
989 2132 1240 2202 revelationibus
1265 2132 1402 2222 privatis

284 2248 463 2339 unicuique
478 2247 580 2316 lactis.
597 2246 699 2314 Porro
723 2244 916 2335 hujusmodi
937 2245 1084 2336 privates
1107 2241 1319 2311 revelationes
1335 2264 1401 2309 non

284 2356 424 2424 instituit
438 2355 597 2425 Christus.
615 2353 743 2445 Duplici
768 2352 866 2422 modo
889 2352 1029 2442 intelligi
1049 2359 1183 2442 possum
1198 2373 1246 2418 eae
1262 2345 1400 2442 privatae

285 2465 521 2534 revelationes:
543 2485 661 2554 nempe
682 2463 734 2532 vel
757 2484 795 2531 eo
819 2485 918 2530 sensu
940 2461 1027 2553 quod
1049 2460 1198 2529 Christus
1225 2459 1402 2550 unicuique

286 2574 414 2644 homini
437 2572 626 2642 immediate
652 2573 811 2641 revelaret
834 2572 1027 2662 religionem
1051 2594 1158 2657 suam,
1175 2570 1227 2639 vel
1241 2593 1279 2639 eo
1303 2593 1401 2638 sensu

287 2683 375 2774 quod
400 2682 604 2751 revelationis
628 2681 724 2749 alicui
747 2681 906 2772 primario
926 2680 1032 2768 laotae,
1048 2680 1139 2749 verbi
1162 2679 1279 2769 gratia,
1296 2701 1400 2747 evan-

288 2791 425 2881 gelistis,
446 2797 477 2858 et
503 2791 621 2880 scripto
641 2789 780 2876 traditae,
800 2811 911 2858 veram
939 2788 1238 2880 interpretationem
1263 2787 1401 2877 singulis

287 2897 456 2966 revelaret.
484 2898 585 2989 Atqui
607 2899 641 2964 in
664 2905 778 2966 neutro
803 2919 901 2965 sensu
925 2897 1073 2966 Christus
1095 2895 1308 2964 revelationes
1334 2897 1401 2989 pri-

287 3012 379 3074 vatas
396 3003 546 3072 instituit.
566 3004 608 3071 Et
625 3005 739 3094 primo
759 3011 885 3072 certum
911 3013 959 3071 est
981 3003 1148 3072 Christum
1169 3025 1237 3071 non
1258 3003 1401 3072 revelare

288 3113 404 3204 cuique
424 3111 612 3180 immediate
632 3131 747 3178 omnes
763 3109 917 3179 veritates
939 3110 1117 3178 credendes
1136 3120 1167 3178 et
1188 3109 1253 3178 alia
1266 3109 1308 3177 ad
1324 3109 1400 3177 reli-

288 3223 419 3313 gionem
447 3220 658 3290 christianam
686 3219 890 3311 pertinentia.
917 3221 1164 3308 Interrogentur
1186 3218 1349 3306 homines,
1371 3231 1401 3288 et

289 3330 427 3420 quisque
448 3326 619 3396 testabitur
639 3349 672 3394 se
691 3347 863 3418 nunquam
887 3325 1078 3416 hujusmodi
1104 3326 1319 3394 revelationes
1343 3325 1401 3394 ha-

288 3435 408 3504 buisse.
424 3435 497 3502 lmo
512 3454 567 3502 eos
583 3433 660 3501 fidei
679 3432 831 3501 articulos
849 3433 1001 3522 ignorant
1022 3435 1157 3502 omnino
1172 3432 1196 3499 ii
1214 3435 1402 3525 omnesqui

289 3543 330 3612 ab
343 3541 418 3610 aliis
434 3539 624 3608 hominibus
638 3561 693 3608 eos
708 3561 774 3609 non
788 3537 985 3625 didicerunt,
1002 3540 1055 3608 vel
1072 3540 1106 3606 in
1125 3538 1218 3607 libris
1231 3561 1297 3608 non
1314 3540 1403 3630 lege·
1508 3553 1509 3632 j

289 3662 386 3737 runt3
416 3649 502 3741 quod
535 3659 618 3724 certe
647 3649 762 3740 prohat
793 3671 847 3717 eos
877 3648 1067 3740 hujusmodi
1095 3649 1308 3718 revelationes
1337 3673 1402 3718 non
1508 3675 1509 3758 q

289 3761 451 3829 habuisse.
462 3759 623 3841 secundo,
633 3782 693 3828 nec
702 3761 823 3829 revelat
833 3759 971 3850 singulis
981 3759 1130 3830 Christus
1140 3783 1258 3830 verum
1269 3783 1401 3830 sensnm

289 3868 452 3937 librorum
471 3889 652 3936 sacrorum.
672 3865 904 3959 Unusquisque
925 3869 1027 3955 enim,
1044 3869 1072 3936 si
1091 3870 1322 3960 interrogetur,
1340 3881 1404 3938 tes-

290 3977 356 4043 tari
366 3973 482 4067 poterit
496 3997 528 4043 se
544 3973 681 4064 legendo
702 3997 829 4043 sacram
854 3974 1072 4066 scripturam,
1087 3975 1213 4045 nullam
1230 3977 1403 4046 revelatio—

289 4103 367 4150 nem
402 4081 562 4172 accipere;
594 4080 653 4156 sed,
687 4083 775 4172 quod
813 4083 981 4172 intelligit,
1013 4105 1055 4151 ex
1091 4083 1231 4152 naturali
1272 4094 1402 4153 tantum

288 4191 491 4282 perceptione
514 4187 704 4276 intelligere.
732 4191 806 4260 lam
826 4212 904 4260 vero
931 4191 1135 4282 Scripturam
1158 4213 1235 4260 cum
1260 4191 1404 4260 naturali
