3072 4948
323 493 383 560 35⁴
672 515 847 562 reimarus
871 517 909 562 or
932 515 1085 562 rainerius

321 665 434 724 eontra
460 654 563 745 legem
592 657 771 724 naturalem
800 667 831 723 et
857 657 1017 741 divinam,
1049 655 1092 722 ite
1120 661 1154 722 ut
1181 651 1272 721 nulls
1299 661 1438 745 potestas

322 764 464 832 humana
486 763 591 832 lesere
612 765 713 856 possit
734 774 771 834 ut
785 765 864 834 tales
877 774 969 833 aetus
982 787 1049 833 uon
1065 763 1130 832 sint
1147 761 1387 856 peoeuminosi3
1407 772 1437 830 et

322 873 413 940 mata
433 871 620 954 extrinsece,
645 873 778 965 quando
793 881 884 940 aotrrs
901 895 960 964 per
977 871 1158 964 sequidem
1175 871 1251 939 mali
1265 893 1334 938 non
1348 879 1437 955 sunt,

321 977 376 1045 sed
399 977 484 1046 liunt
505 979 584 1047 tnles
606 1002 664 1071 per
683 980 766 1069 legis
781 979 935 1048 humanae
952 978 1219 1071 prohibitionem,
1236 977 1290 1046 vel
1306 989 1440 1070 propter

320 1089 506 1180 adjunctam
525 1089 801 1159 circumstantium
818 1111 966 1181 pravam.
988 1087 1198 1158 Consuetudo
1214 1087 1300 1155 mele
1315 1088 1439 1156 intriu-

321 1221 391 1268 seee
412 1198 530 1268 dieitur
552 1200 672 1268 abeona
694 1223 751 1270 seu
766 1200 965 1291 corruptela,
982 1208 1014 1268 et
1032 1219 1201 1290 nunquam
1215 1198 1250 1266 iu
1261 1198 1319 1289 jus
1331 1208 1442 1266 truns-

320 1308 368 1374 ire
393 1316 506 1400 potest.
533 1307 667 1376 Sinera
688 1331 754 1378 nou
779 1309 820 1376 sit
841 1308 926 1376 mala
945 1307 1007 1376 nisi
1021 1315 1154 1399 propter
1168 1305 1286 1374 malam
1300 1306 1441 1399 adjunc-

321 1425 386 1484 tam
400 1416 688 1498 circumstantiam,
705 1417 756 1486 vel
769 1425 900 1509 propter
911 1416 994 1506 legis
1006 1415 1160 1484 humana
1170 1415 1439 1507 prohibitionem,

318 1531 424 1614 potest
444 1521 582 1590 evadere
602 1523 688 1591 bone
709 1533 742 1594 et
764 1524 923 1593 rationem
945 1523 1029 1612 legis
1049 1523 1197 1590 induere.
1223 1521 1334 1592 Potest
1351 1525 1440 1591 enim

319 1627 441 1696 auferri
469 1630 710 1699 circumstantia
737 1652 856 1721 prave,
890 1631 932 1698 ab
960 1629 1056 1722 eujus
1086 1631 1278 1720 pravitatem
1310 1639 1440 1698 tentum

320 1735 519 1803 consuetudo
547 1737 632 1804 mele
662 1746 743 1804 erat.
775 1737 855 1806 Item
884 1736 1049 1825 legislator
1078 1745 1182 1828 potest
1208 1737 1442 1805 consentiendo

320 1843 547 1914 consuetudini
568 1847 694 1916 irritare
717 1847 970 1939 prohibitionem
993 1846 1075 1936 legis
1096 1847 1255 1939 positivae,
1277 1847 1320 1916 ob
1338 1871 1441 1939 quem

320 1953 420 2023 solam
443 1954 642 2022 consuetudo
667 1955 752 2022 ritulo
775 1965 854 2024 erat.
879 1955 951 2024 lam
974 1977 1051 2022 vero
1070 1955 1116 2022 sio
1135 1955 1221 2022 bone
1236 1953 1347 2024 ellectu
1359 1977 1442 2024 eou-

319 2059 458 2130 suetudo
481 2062 548 2148 illu,
573 2063 700 2154 poterit,
726 2063 809 2130 siout
829 2085 943 2130 omues
963 2063 1036 2130 aliae
1057 2061 1152 2130 bonae
1168 2063 1441 2149 consuetudines,

322 2172 355 2237 in
366 2169 421 2259 jus
435 2171 572 2240 transire
587 2180 618 2238 et
633 2171 867 2260 obligationem
884 2170 1049 2239 iuducere.

368 2281 400 2344 8·
422 2277 546 2347 Divisio
567 2279 600 2345 iu
623 2278 855 2346 rationabilem
870 2288 902 2345 et
918 2278 1192 2360 irrationabilem,
1210 2287 1371 2370 (quatenus
1389 2281 1443 2348 di·

323 2409 416 2454 verso
442 2409 461 2453 a
484 2385 642 2454 divisione
669 2387 704 2453 in
728 2385 846 2454 bonam
871 2395 902 2454 et
927 2387 1059 2471 molam,
1087 2407 1153 2453 non
1175 2384 1305 2453 videtur
1327 2385 1444 2454 solidis

323 2497 505 2566 rationibus
527 2497 671 2582 fundari,
696 2496 855 2589 quidquid
878 2497 912 2565 iu
927 2496 1127 2565 eontrarium
1150 2494 1312 2564 subtiliter
1326 2495 1446 2588 dispu-

324 2604 441 2671 taverit
455 2603 586 2672 Suarez.
607 2603 704 2694 (Loco
720 2605 829 2690 citato,
846 2627 874 2673 e.
895 2607 939 2693 b.)

371 2715 403 2776 s·
418 2710 455 2777 lu
473 2710 741 2779 consuetudinem
762 2733 781 2778 s
802 2711 878 2802 jure
892 2733 958 2778 non
972 2710 1150 2802 repulsam,
1171 2719 1203 2778 et
1216 2710 1252 2778 iu
1264 2721 1446 2782 eonsuetu-

325 2818 434 2886 dinem
456 2817 566 2908 ajune
586 2817 797 2909 abroqatarn,
819 2817 1027 2910 prohibitam
1050 2826 1082 2885 et
1102 2816 1326 2909 reprobatam.
1352 2817 1446 2888 Sunt

325 2932 433 2992 autem
452 2923 603 2992 distinata
616 2925 678 2992 tria
694 2925 778 3013 haeo,
798 2935 829 2993 et
845 2926 980 2993 minime
994 2924 1235 3012 confundenda,
1252 2925 1442 3017 abroqatio,

321 3029 503 3122 probibitio
523 3039 555 3098 et
576 3031 763 3123 reprobatio
785 3031 1030 3100 consuetudinis
1049 3054 1107 3123 per
1124 3032 1229 3122 legem
1246 3034 1443 3103 humanam.

327 3136 465 3219 Quando
488 3139 575 3205 euim
600 3138 652 3206 lex
677 3139 817 3228 abroqat
840 3147 964 3208 tentum
990 3139 1255 3208 consuetudinem
1276 3141 1339 3210 sibi
1360 3163 1446 3210 oon-

328 3247 473 3330 trarism,
496 3267 561 3313 non
583 3245 707 3314 tollitur
730 3256 762 3313 et
783 3247 932 3315 irritatur
950 3247 1012 3314 nisi
1032 3248 1232 3319 consuetudo
1244 3257 1338 3317 autea
1351 3251 1446 3318 exis-

327 3363 414 3438 tens,
449 3374 514 3419 non
544 3361 651 3421 eutem
682 3376 756 3444 quae
787 3362 898 3446 posteo
924 3375 1102 3443 exsurgere
1130 3363 1245 3446 potest.
1279 3356 1447 3427 Praeterea

328 3459 527 3528 consuetudo
549 3469 643 3526 autea
665 3461 824 3528 exsistens
844 3481 918 3551 quae
940 3461 1101 3546 irritetur,
1125 3483 1189 3529 non
1209 3462 1282 3531 ideo
1297 3463 1447 3533 dealem·

328 3576 383 3636 tur
412 3565 498 3635 mela
526 3567 594 3634 sive
624 3566 867 3636 irrationabilis.
904 3567 1013 3637 Potest
1042 3571 1129 3637 euim
1157 3570 1322 3660 legislator
1351 3573 1446 3643 illam

330 3675 413 3745 velle
437 3678 615 3761 destruere,
639 3698 705 3744 non
727 3676 805 3768 quia
827 3677 924 3764 mela,
949 3677 1018 3746 sive
1036 3677 1220 3765 intrinsece,
1237 3681 1306 3748 sive
1320 3703 1362 3750 ex
1377 3684 1448 3752 oir-

330 3785 545 3870 oumstantiie,
568 3784 625 3853 sed
645 3785 848 3876 quiiminus
865 3785 959 3854 utilio
972 3809 1070 3878 quam
1087 3789 1247 3856 contraria
1261 3788 1442 3858 ordinatio.

332 3892 471 3976 Quando
495 3915 573 3961 vero
597 3893 649 3960 lex
671 3893 824 3985 probibet
850 3893 1117 3964 consuetudinem
1141 3895 1206 3963 sibi
1232 3897 1444 3984 contrariam,

332 4024 399 4071 non
422 4000 528 4070 solum
552 3999 729 4090 abrogatur
751 4003 949 4072 consuetudo
972 4013 1065 4072 antea
1083 4002 1254 4088 exsistens,
1279 4005 1334 4073 sed
1351 4006 1444 4076 insu·

331 4132 391 4203 per
412 4109 577 4201 legislator
600 4107 725 4178 obsistit
749 4110 853 4180 eidem
871 4111 1096 4181 consuetudini
1115 4113 1148 4180 iu
1163 4123 1326 4204 posterum
1344 4113 1446 4182 indu·

332 4216 453 4292 rendae.
479 4215 551 4286 Non
572 4223 680 4286 amen
699 4216 787 4286 illem
805 4220 956 4311 reprobet
969 4242 1026 4288 seu
1040 4217 1180 4288 declarat
1199 4220 1338 4307 malum3
1363 4225 1442 4320 qnia
