<?xml version="1.0" encoding="UTF-8"?>
<!DOCTYPE html PUBLIC "-//W3C//DTD XHTML 1.0 Transitional//EN"
    "http://www.w3.org/TR/xhtml1/DTD/xhtml1-transitional.dtd">
<html xmlns="http://www.w3.org/1999/xhtml" xml:lang="en" lang="en">
 <head>
  <title>
</title>
<meta http-equiv="Content-Type" content="text/html;charset=utf-8" />
  <meta name='ocr-system' content='tesseract 3.04.00' />
  <meta name='ocr-capabilities' content='ocr_page ocr_carea ocr_par ocr_line ocrx_word'/>
</head>
<body>
  <div class='ocr_page' id='page_1' title='image "./tractatusdeprin00bouigoog_0482.png"; bbox 0 0 3050 4946; ppageno 0'>
   <div class='ocr_carea' id='block_1_1' title="bbox 525 438 1215 502">
    <p class='ocr_par' dir='ltr' id='par_1_1' title="bbox 525 438 1215 502">
     <span class='ocr_line' id='line_1_1' title="bbox 525 438 1215 502; baseline 0.001 -2"><span class='ocrx_word' id='word_1_1' title='bbox 525 457 609 502; x_wconf 79' lang='lat' dir='ltr'>runis</span> <span class='ocrx_word' id='word_1_2' title='bbox 632 457 786 502; x_wconf 77' lang='lat' dir='ltr'>canonici.</span> <span class='ocrx_word' id='word_1_3' title='bbox 1154 438 1215 502; x_wconf 80' lang='grc'>169</span> 
     </span>
    </p>
   </div>
   <div class='ocr_carea' id='block_1_2' title="bbox 81 593 1218 796">
    <p class='ocr_par' dir='ltr' id='par_1_2' title="bbox 81 593 1218 796">
     <span class='ocr_line' id='line_1_2' title="bbox 134 593 1218 687; baseline -0.003 -19"><span class='ocrx_word' id='word_1_4' title='bbox 134 597 187 668; x_wconf 85' lang='lat' dir='ltr'>Eu</span> <span class='ocrx_word' id='word_1_5' title='bbox 214 620 293 687; x_wconf 84' lang='lat' dir='ltr'>ergo</span> <span class='ocrx_word' id='word_1_6' title='bbox 314 619 391 665; x_wconf 88' lang='lat' dir='ltr'>vers</span> <span class='ocrx_word' id='word_1_7' title='bbox 416 617 513 664; x_wconf 88' lang='lat' dir='ltr'>causa</span> <span class='ocrx_word' id='word_1_8' title='bbox 538 593 703 686; x_wconf 84' lang='lat' dir='ltr'>suppressi</span> <span class='ocrx_word' id='word_1_9' title='bbox 729 593 804 660; x_wconf 84' lang='lat' dir='ltr'>libri</span> <span class='ocrx_word' id='word_1_10' title='bbox 833 594 952 664; x_wconf 83' lang='lat' dir='ltr'>Diurni</span> <span class='ocrx_word' id='word_1_11' title='bbox 981 596 1022 664; x_wconf 85' lang='lat' dir='ltr'>ab</span> <span class='ocrx_word' id='word_1_12' title='bbox 1050 596 1218 676; x_wconf 80' lang='lat' dir='ltr'>Holstenio</span> 
     </span>
     <span class='ocr_line' id='line_1_3' title="bbox 81 695 1217 796; baseline -0.003 -21"><span class='ocrx_word' id='word_1_13' title='bbox 81 706 171 776; x_wconf 86' lang='lat' dir='ltr'>editi</span> <span class='ocrx_word' id='word_1_14' title='bbox 192 733 200 775; x_wconf 76' lang='grc' dir='ltr'>ε</span> <span class='ocrx_word' id='word_1_15' title='bbox 218 727 260 774; x_wconf 82' lang='lat' dir='ltr'>ex</span> <span class='ocrx_word' id='word_1_16' title='bbox 278 695 371 772; x_wconf 79' lang='lat' dir='ltr'>textu</span> <span class='ocrx_word' id='word_1_17' title='bbox 386 703 485 796; x_wconf 87' lang='lat' dir='ltr'>hujus</span> <span class='ocrx_word' id='word_1_18' title='bbox 505 701 582 770; x_wconf 82' lang='lat' dir='ltr'>libri</span> <span class='ocrx_word' id='word_1_19' title='bbox 598 701 769 771; x_wconf 84' lang='lat' dir='ltr'>videbatur</span> <span class='ocrx_word' id='word_1_20' title='bbox 784 699 935 770; x_wconf 88' lang='lat' dir='ltr'>damnari</span> <span class='ocrx_word' id='word_1_21' title='bbox 950 704 1116 772; x_wconf 89' lang='lat' dir='ltr'>Honorius</span> <span class='ocrx_word' id='word_1_22' title='bbox 1129 703 1217 796; x_wconf 87' lang='lat' dir='ltr'>Papa</span> 
     </span>
    </p>
   </div>
   <div class='ocr_carea' id='block_1_3' title="bbox 83 807 1219 2096">
    <p class='ocr_par' dir='ltr' id='par_1_3' title="bbox 83 807 1219 1856">
     <span class='ocr_line' id='line_1_4' title="bbox 84 807 1219 905; baseline -0.001 -24"><span class='ocrx_word' id='word_1_23' title='bbox 84 822 247 905; x_wconf 84' lang='lat' dir='ltr'>tanquam</span> <span class='ocrx_word' id='word_1_24' title='bbox 285 811 342 904; x_wconf 89' lang='lat' dir='ltr'>qni</span> <span class='ocrx_word' id='word_1_25' title='bbox 377 811 412 878; x_wconf 93' lang='lat' dir='ltr'>in</span> <span class='ocrx_word' id='word_1_26' title='bbox 445 809 733 879; x_wconf 88' lang='lat' dir='ltr'>monothelismum</span> <span class='ocrx_word' id='word_1_27' title='bbox 763 807 939 877; x_wconf 84' lang='lat' dir='ltr'>incidisset.</span> <span class='ocrx_word' id='word_1_28' title='bbox 977 811 1050 879; x_wconf 92' lang='lat' dir='ltr'>Non</span> <span class='ocrx_word' id='word_1_29' title='bbox 1089 811 1219 880; x_wconf 85' lang='lat' dir='ltr'>fuerant</span> 
     </span>
     <span class='ocr_line' id='line_1_5' title="bbox 83 916 1218 1013; baseline 0 -24"><span class='ocrx_word' id='word_1_30' title='bbox 83 919 249 1013; x_wconf 81' lang='lat' dir='ltr'>appositae</span> <span class='ocrx_word' id='word_1_31' title='bbox 277 927 363 988; x_wconf 73' lang='lat' dir='ltr'>nota</span> <span class='ocrx_word' id='word_1_32' title='bbox 393 919 514 1012; x_wconf 87' lang='lat' dir='ltr'>quibus</span> <span class='ocrx_word' id='word_1_33' title='bbox 541 916 597 985; x_wconf 88' lang='lat' dir='ltr'>ille</span> <span class='ocrx_word' id='word_1_34' title='bbox 625 923 732 984; x_wconf 82' lang='lat' dir='ltr'>textus</span> <span class='ocrx_word' id='word_1_35' title='bbox 762 916 993 1008; x_wconf 74' lang='lat' dir='ltr'><strong>explanaretur</strong></span> <span class='ocrx_word' id='word_1_36' title='bbox 1018 925 1050 986; x_wconf 90' lang='lat' dir='ltr'>et</span> <span class='ocrx_word' id='word_1_37' title='bbox 1074 918 1218 988; x_wconf 82' lang='lat' dir='ltr'>lectore</span> 
     </span>
     <span class='ocr_line' id='line_1_6' title="bbox 85 1024 1218 1122; baseline 0.001 -25"><span class='ocrx_word' id='word_1_38' title='bbox 85 1052 196 1122; x_wconf 89' lang='lat' dir='ltr'>pravo</span> <span class='ocrx_word' id='word_1_39' title='bbox 222 1051 319 1096; x_wconf 89' lang='lat' dir='ltr'>sensu</span> <span class='ocrx_word' id='word_1_40' title='bbox 342 1026 608 1120; x_wconf 71' lang='lat' dir='ltr'>praemuniretur.</span> <span class='ocrx_word' id='word_1_41' title='bbox 641 1024 795 1094; x_wconf 91' lang='lat' dir='ltr'>Nondum</span> <span class='ocrx_word' id='word_1_42' title='bbox 825 1033 982 1117; x_wconf 73' lang='lat' dir='ltr'>praterea</span> <span class='ocrx_word' id='word_1_43' title='bbox 1009 1027 1115 1096; x_wconf 84' lang='lat' dir='ltr'>iuerat</span> <span class='ocrx_word' id='word_1_44' title='bbox 1140 1037 1218 1099; x_wconf 86' lang='lat' dir='ltr'>tuno</span> 
     </span>
     <span class='ocr_line' id='line_1_7' title="bbox 90 1132 1217 1229; baseline 0 -24"><span class='ocrx_word' id='word_1_45' title='bbox 90 1136 253 1229; x_wconf 85' lang='lat' dir='ltr'>temporis</span> <span class='ocrx_word' id='word_1_46' title='bbox 276 1137 397 1204; x_wconf 86' lang='lat' dir='ltr'>iactum</span> <span class='ocrx_word' id='word_1_47' title='bbox 417 1133 553 1203; x_wconf 87' lang='lat' dir='ltr'>Honorii</span> <span class='ocrx_word' id='word_1_48' title='bbox 577 1133 670 1224; x_wconf 84' lang='lat' dir='ltr'>plene</span> <span class='ocrx_word' id='word_1_49' title='bbox 684 1132 881 1202; x_wconf 88' lang='lat' dir='ltr'>discussum.</span> <span class='ocrx_word' id='word_1_50' title='bbox 906 1133 965 1200; x_wconf 87' lang='lat' dir='ltr'>His</span> <span class='ocrx_word' id='word_1_51' title='bbox 979 1135 1140 1204; x_wconf 87' lang='lat' dir='ltr'>stantibus</span> <span class='ocrx_word' id='word_1_52' title='bbox 1153 1137 1217 1206; x_wconf 88' lang='lat' dir='ltr'>cir-</span> 
     </span>
     <span class='ocr_line' id='line_1_8' title="bbox 92 1239 1216 1335; baseline -0.001 -22"><span class='ocrx_word' id='word_1_53' title='bbox 92 1244 318 1330; x_wconf 85' lang='lat' dir='ltr'>cumstantiis,</span> <span class='ocrx_word' id='word_1_54' title='bbox 353 1242 523 1335; x_wconf 87' lang='lat' dir='ltr'>prudentis</span> <span class='ocrx_word' id='word_1_55' title='bbox 547 1239 737 1310; x_wconf 82' lang='lat' dir='ltr'>oeconomiae</span> <span class='ocrx_word' id='word_1_56' title='bbox 767 1241 923 1309; x_wconf 86' lang='lat' dir='ltr'>Romanis</span> <span class='ocrx_word' id='word_1_57' title='bbox 947 1243 1135 1311; x_wconf 82' lang='lat' dir='ltr'>censoribus</span> <span class='ocrx_word' id='word_1_58' title='bbox 1160 1247 1216 1312; x_wconf 85' lang='lat' dir='ltr'>vi-</span> 
     </span>
     <span class='ocr_line' id='line_1_9' title="bbox 91 1348 1214 1442; baseline -0.002 -20"><span class='ocrx_word' id='word_1_59' title='bbox 91 1377 169 1423; x_wconf 90' lang='lat' dir='ltr'>sum</span> <span class='ocrx_word' id='word_1_60' title='bbox 196 1361 244 1421; x_wconf 87' lang='lat' dir='ltr'>cst</span> <span class='ocrx_word' id='word_1_61' title='bbox 267 1351 392 1420; x_wconf 88' lang='lat' dir='ltr'>edendo</span> <span class='ocrx_word' id='word_1_62' title='bbox 414 1348 604 1442; x_wconf 81' lang='lat' dir='ltr'>hujusmodi</span> <span class='ocrx_word' id='word_1_63' title='bbox 630 1349 714 1417; x_wconf 89' lang='lat' dir='ltr'>libro</span> <span class='ocrx_word' id='word_1_64' title='bbox 737 1371 797 1440; x_wconf 89' lang='lat' dir='ltr'>pro</span> <span class='ocrx_word' id='word_1_65' title='bbox 821 1356 966 1441; x_wconf 83' lang='lat' dir='ltr'>tempore</span> <span class='ocrx_word' id='word_1_66' title='bbox 993 1351 1214 1442; x_wconf 87' lang='lat' dir='ltr'>supersedere,</span> 
     </span>
     <span class='ocr_line' id='line_1_10' title="bbox 91 1455 1215 1552; baseline -0.002 -24"><span class='ocrx_word' id='word_1_67' title='bbox 91 1471 125 1528; x_wconf 85' lang='lat' dir='ltr'>et</span> <span class='ocrx_word' id='word_1_68' title='bbox 151 1461 228 1530; x_wconf 89' lang='lat' dir='ltr'>binc</span> <span class='ocrx_word' id='word_1_69' title='bbox 253 1458 491 1552; x_wconf 87' lang='lat' dir='ltr'>suppressionis</span> <span class='ocrx_word' id='word_1_70' title='bbox 510 1456 677 1525; x_wconf 89' lang='lat' dir='ltr'>decretum</span> <span class='ocrx_word' id='word_1_71' title='bbox 697 1455 806 1546; x_wconf 81' lang='lat' dir='ltr'>:justa</span> <span class='ocrx_word' id='word_1_72' title='bbox 827 1457 971 1548; x_wconf 87' lang='lat' dir='ltr'>prolecto</span> <span class='ocrx_word' id='word_1_73' title='bbox 996 1455 1036 1525; x_wconf 90' lang='lat' dir='ltr'>de</span> <span class='ocrx_word' id='word_1_74' title='bbox 1055 1479 1162 1544; x_wconf 88' lang='lat' dir='ltr'>causa,</span> <span class='ocrx_word' id='word_1_75' title='bbox 1188 1459 1215 1526; x_wconf 90' lang='lat' dir='ltr'>si</span> 
     </span>
     <span class='ocr_line' id='line_1_11' title="bbox 88 1563 1216 1661; baseline -0.004 -23"><span class='ocrx_word' id='word_1_76' title='bbox 88 1576 219 1661; x_wconf 86' lang='lat' dir='ltr'>justum</span> <span class='ocrx_word' id='word_1_77' title='bbox 245 1568 287 1638; x_wconf 89' lang='lat' dir='ltr'>sit</span> <span class='ocrx_word' id='word_1_78' title='bbox 305 1569 487 1637; x_wconf 80' lang='lat' dir='ltr'><strong>Romanam</strong></span> <span class='ocrx_word' id='word_1_79' title='bbox 510 1563 685 1634; x_wconf 74' lang='lat' dir='ltr'>Ecclesiam</span> <span class='ocrx_word' id='word_1_80' title='bbox 713 1586 751 1631; x_wconf 88' lang='lat' dir='ltr'>ca</span> <span class='ocrx_word' id='word_1_81' title='bbox 773 1587 793 1632; x_wconf 95' lang='lat' dir='ltr'>a</span> <span class='ocrx_word' id='word_1_82' title='bbox 817 1563 946 1656; x_wconf 88' lang='lat' dir='ltr'>populis</span> <span class='ocrx_word' id='word_1_83' title='bbox 965 1564 1149 1634; x_wconf 91' lang='lat' dir='ltr'>christianis</span> <span class='ocrx_word' id='word_1_84' title='bbox 1162 1589 1216 1635; x_wconf 89' lang='lat' dir='ltr'>ar-</span> 
     </span>
     <span class='ocr_line' id='line_1_12' title="bbox 93 1673 1216 1769; baseline -0.002 -23"><span class='ocrx_word' id='word_1_85' title='bbox 93 1701 180 1764; x_wconf 87' lang='lat' dir='ltr'>cere,</span> <span class='ocrx_word' id='word_1_86' title='bbox 206 1701 280 1768; x_wconf 76' lang='lat' dir='ltr'>quse</span> <span class='ocrx_word' id='word_1_87' title='bbox 300 1675 413 1769; x_wconf 89' lang='lat' dir='ltr'>positis</span> <span class='ocrx_word' id='word_1_88' title='bbox 433 1696 546 1742; x_wconf 89' lang='lat' dir='ltr'>rerum</span> <span class='ocrx_word' id='word_1_89' title='bbox 564 1683 596 1742; x_wconf 90' lang='lat' dir='ltr'>ct</span> <span class='ocrx_word' id='word_1_90' title='bbox 617 1682 802 1765; x_wconf 85' lang='lat' dir='ltr'>temporum</span> <span class='ocrx_word' id='word_1_91' title='bbox 830 1673 1091 1762; x_wconf 86' lang='lat' dir='ltr'>circumstantiis,</span> <span class='ocrx_word' id='word_1_92' title='bbox 1117 1677 1216 1744; x_wconf 86' lang='lat' dir='ltr'>noxia</span> 
     </span>
     <span class='ocr_line' id='line_1_13' title="bbox 94 1787 214 1856; baseline -0.008 -2"><span class='ocrx_word' id='word_1_93' title='bbox 94 1787 214 1856; x_wconf 85' lang='lat' dir='ltr'>forent.</span> 
     </span>
    </p>

    <p class='ocr_par' dir='ltr' id='par_1_4' title="bbox 94 1892 1216 2096">
     <span class='ocr_line' id='line_1_14' title="bbox 141 1892 1215 1964; baseline 0 0"><span class='ocrx_word' id='word_1_94' title='bbox 141 1895 236 1964; x_wconf 91' lang='lat' dir='ltr'>Nunc</span> <span class='ocrx_word' id='word_1_95' title='bbox 261 1907 368 1963; x_wconf 84' lang='lat' dir='ltr'>auteur</span> <span class='ocrx_word' id='word_1_96' title='bbox 393 1903 525 1963; x_wconf 79' lang='lat' dir='ltr'>mutatae</span> <span class='ocrx_word' id='word_1_97' title='bbox 547 1893 610 1960; x_wconf 84' lang='lat' dir='ltr'>illae</span> <span class='ocrx_word' id='word_1_98' title='bbox 636 1893 899 1962; x_wconf 73' lang='lat' dir='ltr'>circumstantia.</span> <span class='ocrx_word' id='word_1_99' title='bbox 924 1892 1110 1963; x_wconf 88' lang='lat' dir='ltr'>Probarunt</span> <span class='ocrx_word' id='word_1_100' title='bbox 1134 1893 1215 1964; x_wconf 89' lang='lat' dir='ltr'>doc-</span> 
     </span>
     <span class='ocr_line' id='line_1_15' title="bbox 94 2005 1216 2096; baseline 0.003 -22"><span class='ocrx_word' id='word_1_101' title='bbox 94 2016 184 2076; x_wconf 89' lang='lat' dir='ltr'>tores</span> <span class='ocrx_word' id='word_1_102' title='bbox 217 2005 365 2075; x_wconf 73' lang='lat' dir='ltr'>catholici</span> <span class='ocrx_word' id='word_1_103' title='bbox 390 2005 536 2096; x_wconf 89' lang='lat' dir='ltr'>plurimi,</span> <span class='ocrx_word' id='word_1_104' title='bbox 567 2026 660 2073; x_wconf 90' lang='lat' dir='ltr'>reum</span> <span class='ocrx_word' id='word_1_105' title='bbox 690 2005 824 2096; x_wconf 88' lang='lat' dir='ltr'>quidem</span> <span class='ocrx_word' id='word_1_106' title='bbox 850 2005 948 2074; x_wconf 86' lang='lat' dir='ltr'>fnisse</span> <span class='ocrx_word' id='word_1_107' title='bbox 977 2008 1160 2076; x_wconf 87' lang='lat' dir='ltr'>Honorium</span> <span class='ocrx_word' id='word_1_108' title='bbox 1185 2017 1216 2077; x_wconf 87' lang='lat' dir='ltr'>et</span> 
     </span>
    </p>
   </div>
   <div class='ocr_carea' id='block_1_4' title="bbox 94 2111 1216 2303">
    <p class='ocr_par' dir='ltr' id='par_1_5' title="bbox 94 2111 1216 2303">
     <span class='ocr_line' id='line_1_16' title="bbox 95 2111 1216 2206; baseline 0.003 -25"><span class='ocrx_word' id='word_1_109' title='bbox 95 2114 213 2182; x_wconf 87' lang='lat' dir='ltr'>merito</span> <span class='ocrx_word' id='word_1_110' title='bbox 227 2137 246 2181; x_wconf 90' lang='lat' dir='ltr'>a</span> <span class='ocrx_word' id='word_1_111' title='bbox 260 2121 351 2182; x_wconf 77' lang='lat' dir='ltr'>sexta</span> <span class='ocrx_word' id='word_1_112' title='bbox 364 2111 489 2204; x_wconf 89' lang='lat' dir='ltr'>synodo</span> <span class='ocrx_word' id='word_1_113' title='bbox 503 2111 753 2180; x_wconf 89' lang='lat' dir='ltr'>condemnatum</span> <span class='ocrx_word' id='word_1_114' title='bbox 768 2139 776 2196; x_wconf 90' lang='lat'>;</span> <span class='ocrx_word' id='word_1_115' title='bbox 791 2113 920 2204; x_wconf 89' lang='lat' dir='ltr'>culpam</span> <span class='ocrx_word' id='word_1_116' title='bbox 935 2122 1043 2182; x_wconf 63' lang='lat' dir='ltr'>summ</span> <span class='ocrx_word' id='word_1_117' title='bbox 1057 2116 1129 2206; x_wconf 89' lang='lat' dir='ltr'>ejus</span> <span class='ocrx_word' id='word_1_118' title='bbox 1149 2139 1216 2184; x_wconf 87' lang='lat' dir='ltr'>non</span> 
     </span>
     <span class='ocr_line' id='line_1_17' title="bbox 94 2209 1215 2303; baseline 0.004 -25"><span class='ocrx_word' id='word_1_119' title='bbox 94 2212 195 2280; x_wconf 84' lang='lat' dir='ltr'>inisse</span> <span class='ocrx_word' id='word_1_120' title='bbox 221 2211 356 2279; x_wconf 75' lang='lat' dir='ltr'>haeresis</span> <span class='ocrx_word' id='word_1_121' title='bbox 376 2210 623 2302; x_wconf 83' lang='lat' dir='ltr'>professionem,</span> <span class='ocrx_word' id='word_1_122' title='bbox 648 2209 762 2279; x_wconf 90' lang='lat' dir='ltr'>sedin</span> <span class='ocrx_word' id='word_1_123' title='bbox 789 2211 1017 2303; x_wconf 77' lang='lat' dir='ltr'>praepediendo</span> <span class='ocrx_word' id='word_1_124' title='bbox 1041 2221 1072 2280; x_wconf 88' lang='lat' dir='ltr'>et</span> <span class='ocrx_word' id='word_1_125' title='bbox 1093 2215 1215 2282; x_wconf 86' lang='lat' dir='ltr'>exstir-</span> 
     </span>
    </p>
   </div>
   <div class='ocr_carea' id='block_1_5' title="bbox 94 2320 1216 2627">
    <p class='ocr_par' dir='ltr' id='par_1_6' title="bbox 94 2320 1216 2627">
     <span class='ocr_line' id='line_1_18' title="bbox 94 2320 1216 2413; baseline 0.002 -25"><span class='ocrx_word' id='word_1_126' title='bbox 94 2321 203 2411; x_wconf 89' lang='lat' dir='ltr'>panda</span> <span class='ocrx_word' id='word_1_127' title='bbox 222 2321 338 2389; x_wconf 82' lang='lat' dir='ltr'>baeresi</span> <span class='ocrx_word' id='word_1_128' title='bbox 359 2321 587 2389; x_wconf 81' lang='lat' dir='ltr'>conniventem</span> <span class='ocrx_word' id='word_1_129' title='bbox 611 2320 858 2410; x_wconf 80' lang='lat' dir='ltr'>negligentiam.</span> <span class='ocrx_word' id='word_1_130' title='bbox 883 2321 987 2408; x_wconf 83' lang='lat' dir='ltr'>(Circa</span> <span class='ocrx_word' id='word_1_131' title='bbox 1006 2321 1132 2413; x_wconf 89' lang='lat' dir='ltr'>lapsum</span> <span class='ocrx_word' id='word_1_132' title='bbox 1148 2323 1216 2390; x_wconf 88' lang='lat' dir='ltr'>Ho-</span> 
     </span>
     <span class='ocr_line' id='line_1_19' title="bbox 94 2428 1215 2519; baseline 0.004 -25"><span class='ocrx_word' id='word_1_133' title='bbox 94 2428 194 2512; x_wconf 90' lang='lat' dir='ltr'>norii,</span> <span class='ocrx_word' id='word_1_134' title='bbox 212 2428 287 2496; x_wconf 89' lang='lat' dir='ltr'>vide</span> <span class='ocrx_word' id='word_1_135' title='bbox 303 2429 454 2498; x_wconf 88' lang='lat' dir='ltr'>Garnerii</span> <span class='ocrx_word' id='word_1_136' title='bbox 467 2428 590 2496; x_wconf 90' lang='lat' dir='ltr'>librum</span> <span class='ocrx_word' id='word_1_137' title='bbox 607 2428 786 2516; x_wconf 89' lang='lat' dir='ltr'>Diurnum,</span> <span class='ocrx_word' id='word_1_138' title='bbox 803 2451 837 2519; x_wconf 94' lang='lat' dir='ltr'>p.</span> <span class='ocrx_word' id='word_1_139' title='bbox 864 2431 938 2516; x_wconf 83' lang='grc'><strong>171,</strong></span> <span class='ocrx_word' id='word_1_140' title='bbox 960 2428 1037 2498; x_wconf 87' lang='lat' dir='ltr'>edit.</span> <span class='ocrx_word' id='word_1_141' title='bbox 1058 2434 1155 2518; x_wconf 84' lang='grc'><strong>1666,</strong></span> <span class='ocrx_word' id='word_1_142' title='bbox 1170 2469 1215 2483; x_wconf 90' lang='lat'>-</span> 
     </span>
     <span class='ocr_line' id='line_1_20' title="bbox 95 2535 962 2627; baseline 0.003 -24"><span class='ocrx_word' id='word_1_143' title='bbox 95 2547 126 2604; x_wconf 86' lang='lat' dir='ltr'>et</span> <span class='ocrx_word' id='word_1_144' title='bbox 141 2537 237 2605; x_wconf 85' lang='lat' dir='ltr'>ctiam</span> <span class='ocrx_word' id='word_1_145' title='bbox 251 2536 481 2624; x_wconf 86' lang='lat' dir='ltr'>Marchesium,</span> <span class='ocrx_word' id='word_1_146' title='bbox 499 2538 683 2627; x_wconf 81' lang='lat' dir='ltr'>Gorgnium</span> <span class='ocrx_word' id='word_1_147' title='bbox 698 2545 730 2605; x_wconf 88' lang='lat' dir='ltr'>et</span> <span class='ocrx_word' id='word_1_148' title='bbox 745 2535 962 2626; x_wconf 83' lang='lat' dir='ltr'>Bartholum.)</span> 
     </span>
    </p>
   </div>
   <div class='ocr_carea' id='block_1_6' title="bbox 607 2819 706 2912">
    <p class='ocr_par' dir='ltr' id='par_1_7' title="bbox 607 2819 706 2912">
     <span class='ocr_line' id='line_1_21' title="bbox 607 2819 706 2912; baseline 0.01 -26"><span class='ocrx_word' id='word_1_149' title='bbox 607 2821 627 2912; x_wconf 64' lang='lat' dir='ltr'>a</span> <span class='ocrx_word' id='word_1_150' title='bbox 650 2819 706 2887; x_wconf 89' lang='lat'>111.</span> 
     </span>
    </p>
   </div>
   <div class='ocr_carea' id='block_1_7' title="bbox 100 3005 1216 3153">
    <p class='ocr_par' dir='ltr' id='par_1_8' title="bbox 100 3005 1216 3153">
     <span class='ocr_line' id='line_1_22' title="bbox 100 3005 1216 3072; baseline 0.002 -14"><span class='ocrx_word' id='word_1_151' title='bbox 100 3009 134 3058; x_wconf 85' lang='lat' dir='ltr'>Dc</span> <span class='ocrx_word' id='word_1_152' title='bbox 161 3007 250 3058; x_wconf 82' lang='lat' dir='ltr'>codice</span> <span class='ocrx_word' id='word_1_153' title='bbox 280 3009 396 3060; x_wconf 77' lang='lat' dir='ltr'>Parisino</span> <span class='ocrx_word' id='word_1_154' title='bbox 426 3023 441 3057; x_wconf 90' lang='lat' dir='ltr'>u</span> <span class='ocrx_word' id='word_1_155' title='bbox 466 3007 591 3058; x_wconf 84' lang='lat' dir='ltr'>Garnario</span> <span class='ocrx_word' id='word_1_156' title='bbox 617 3007 740 3072; x_wconf 70' lang='lat' dir='ltr'>(Garnicr)</span> <span class='ocrx_word' id='word_1_157' title='bbox 770 3005 851 3068; x_wconf 85' lang='lat' dir='ltr'>edito,</span> <span class='ocrx_word' id='word_1_158' title='bbox 877 3008 910 3058; x_wconf 87' lang='lat' dir='ltr'>de</span> <span class='ocrx_word' id='word_1_159' title='bbox 927 3007 977 3058; x_wconf 86' lang='lat' dir='ltr'>alio</span> <span class='ocrx_word' id='word_1_160' title='bbox 1000 3008 1093 3060; x_wconf 86' lang='lat' dir='ltr'>codice</span> <span class='ocrx_word' id='word_1_161' title='bbox 1119 3010 1216 3072; x_wconf 72' lang='lat' dir='ltr'>Gallim,</span> 
     </span>
     <span class='ocr_line' id='line_1_23' title="bbox 376 3089 886 3153; baseline -0.006 -12"><span class='ocrx_word' id='word_1_162' title='bbox 376 3090 507 3153; x_wconf 88' lang='lat' dir='ltr'>quomodo</span> <span class='ocrx_word' id='word_1_163' title='bbox 524 3103 598 3140; x_wconf 87' lang='lat' dir='ltr'>snum</span> <span class='ocrx_word' id='word_1_164' title='bbox 614 3089 723 3140; x_wconf 81' lang='lat' dir='ltr'>ediderit</span> <span class='ocrx_word' id='word_1_165' title='bbox 739 3089 886 3140; x_wconf 76' lang='lat' dir='ltr'>(ternarius.</span> 
     </span>
    </p>
   </div>
   <div class='ocr_carea' id='block_1_8' title="bbox 99 3300 1224 4260">
    <p class='ocr_par' dir='ltr' id='par_1_9' title="bbox 99 3300 1224 4260">
     <span class='ocr_line' id='line_1_24' title="bbox 142 3300 1215 3394; baseline 0.003 -24"><span class='ocrx_word' id='word_1_166' title='bbox 142 3303 298 3372; x_wconf 74' lang='lat' dir='ltr'>Exstcdiat</span> <span class='ocrx_word' id='word_1_167' title='bbox 318 3301 450 3370; x_wconf 90' lang='lat' dir='ltr'>Parisiis</span> <span class='ocrx_word' id='word_1_168' title='bbox 474 3300 561 3394; x_wconf 89' lang='lat' dir='ltr'>apud</span> <span class='ocrx_word' id='word_1_169' title='bbox 582 3303 619 3370; x_wconf 90' lang='lat' dir='ltr'>P.</span> <span class='ocrx_word' id='word_1_170' title='bbox 644 3300 873 3389; x_wconf 87' lang='lat' dir='ltr'>Sirmundum,</span> <span class='ocrx_word' id='word_1_171' title='bbox 893 3309 930 3370; x_wconf 85' lang='lat' dir='ltr'>ut</span> <span class='ocrx_word' id='word_1_172' title='bbox 947 3301 1215 3393; x_wconf 86' lang='lat' dir='ltr'>supradiximus,</span> 
     </span>
     <span class='ocr_line' id='line_1_25' title="bbox 99 3409 1220 3500; baseline 0.002 -22"><span class='ocrx_word' id='word_1_173' title='bbox 99 3410 198 3478; x_wconf 83' lang='lat' dir='ltr'>codex</span> <span class='ocrx_word' id='word_1_174' title='bbox 235 3409 310 3478; x_wconf 89' lang='lat' dir='ltr'>libri</span> <span class='ocrx_word' id='word_1_175' title='bbox 337 3409 456 3477; x_wconf 88' lang='lat' dir='ltr'>Diurni</span> <span class='ocrx_word' id='word_1_176' title='bbox 485 3431 613 3499; x_wconf 68' lang='lat' dir='ltr'>magnae</span> <span class='ocrx_word' id='word_1_177' title='bbox 648 3409 745 3477; x_wconf 90' lang='lat' dir='ltr'>etiam</span> <span class='ocrx_word' id='word_1_178' title='bbox 775 3409 986 3500; x_wconf 76' lang='lat' dir='ltr'>antiquitatis,</span> <span class='ocrx_word' id='word_1_179' title='bbox 1018 3411 1070 3478; x_wconf 90' lang='lat' dir='ltr'>cui</span> <span class='ocrx_word' id='word_1_180' title='bbox 1100 3413 1220 3480; x_wconf 89' lang='lat' dir='ltr'>scilicet</span> 
     </span>
     <span class='ocr_line' id='line_1_26' title="bbox 99 3516 1221 3594; baseline 0 -6"><span class='ocrx_word' id='word_1_181' title='bbox 99 3518 276 3588; x_wconf 88' lang='lat' dir='ltr'>Garnerius</span> <span class='ocrx_word' id='word_1_182' title='bbox 302 3523 364 3585; x_wconf 85' lang='grc'>966</span> <span class='ocrx_word' id='word_1_183' title='bbox 385 3539 487 3586; x_wconf 86' lang='lat' dir='ltr'>annos</span> <span class='ocrx_word' id='word_1_184' title='bbox 511 3517 695 3594; x_wconf 86' lang='lat' dir='ltr'>tribuebat;</span> <span class='ocrx_word' id='word_1_185' title='bbox 718 3516 879 3584; x_wconf 83' lang='lat' dir='ltr'>Labbaens</span> <span class='ocrx_word' id='word_1_186' title='bbox 906 3540 984 3586; x_wconf 85' lang='lat' dir='ltr'>vero</span> <span class='ocrx_word' id='word_1_187' title='bbox 1012 3525 1044 3585; x_wconf 84' lang='lat' dir='ltr'>ct</span> <span class='ocrx_word' id='word_1_188' title='bbox 1066 3519 1221 3590; x_wconf 90' lang='lat' dir='ltr'>Possinus</span> 
     </span>
     <span class='ocr_line' id='line_1_27' title="bbox 101 3624 1220 3716; baseline 0.004 -24"><span class='ocrx_word' id='word_1_189' title='bbox 101 3630 162 3693; x_wconf 84' lang='grc'>766</span> <span class='ocrx_word' id='word_1_190' title='bbox 181 3635 238 3694; x_wconf 89' lang='lat' dir='ltr'>aut</span> <span class='ocrx_word' id='word_1_191' title='bbox 264 3629 338 3693; x_wconf 88' lang='grc'><strong>866.</strong></span> <span class='ocrx_word' id='word_1_192' title='bbox 356 3625 476 3694; x_wconf 90' lang='lat' dir='ltr'>Missus</span> <span class='ocrx_word' id='word_1_193' title='bbox 497 3625 537 3692; x_wconf 88' lang='lat' dir='ltr'>ad</span> <span class='ocrx_word' id='word_1_194' title='bbox 558 3624 763 3694; x_wconf 88' lang='lat' dir='ltr'>Holstenium</span> <span class='ocrx_word' id='word_1_195' title='bbox 789 3645 875 3691; x_wconf 90' lang='lat' dir='ltr'>anno</span> <span class='ocrx_word' id='word_1_196' title='bbox 895 3627 992 3713; x_wconf 84' lang='grc'><strong>1616,</strong></span> <span class='ocrx_word' id='word_1_197' title='bbox 1010 3633 1041 3691; x_wconf 84' lang='lat' dir='ltr'>et</span> <span class='ocrx_word' id='word_1_198' title='bbox 1055 3629 1220 3716; x_wconf 88' lang='lat' dir='ltr'>posteaad</span> 
     </span>
     <span class='ocr_line' id='line_1_28' title="bbox 101 3731 1222 3826; baseline 0 -22"><span class='ocrx_word' id='word_1_199' title='bbox 101 3733 312 3804; x_wconf 89' lang='lat' dir='ltr'>Sirmundum</span> <span class='ocrx_word' id='word_1_200' title='bbox 338 3741 533 3826; x_wconf 85' lang='lat' dir='ltr'>reportatus,</span> <span class='ocrx_word' id='word_1_201' title='bbox 560 3731 716 3800; x_wconf 89' lang='lat' dir='ltr'>edebatur</span> <span class='ocrx_word' id='word_1_202' title='bbox 739 3731 871 3800; x_wconf 90' lang='lat' dir='ltr'>Parisiis</span> <span class='ocrx_word' id='word_1_203' title='bbox 895 3755 914 3799; x_wconf 91' lang='lat' dir='ltr'>a</span> <span class='ocrx_word' id='word_1_204' title='bbox 933 3732 972 3800; x_wconf 89' lang='lat' dir='ltr'>P.</span> <span class='ocrx_word' id='word_1_205' title='bbox 997 3733 1117 3823; x_wconf 84' lang='lat' dir='ltr'>jesniia</span> <span class='ocrx_word' id='word_1_206' title='bbox 1137 3735 1222 3804; x_wconf 88' lang='lat' dir='ltr'>Gar-</span> 
     </span>
     <span class='ocr_line' id='line_1_29' title="bbox 101 3842 1224 3935; baseline 0.001 -21"><span class='ocrx_word' id='word_1_207' title='bbox 101 3846 182 3932; x_wconf 90' lang='lat' dir='ltr'>nier,</span> <span class='ocrx_word' id='word_1_208' title='bbox 204 3868 291 3914; x_wconf 91' lang='lat' dir='ltr'>anno</span> <span class='ocrx_word' id='word_1_209' title='bbox 308 3845 468 3913; x_wconf 67' lang='grc'><strong>1686119</strong></span> <span class='ocrx_word' id='word_1_210' title='bbox 485 3845 545 3912; x_wconf 88' lang='lat' dir='ltr'>isto</span> <span class='ocrx_word' id='word_1_211' title='bbox 560 3843 783 3935; x_wconf 87' lang='lat' dir='ltr'>manuscripto</span> <span class='ocrx_word' id='word_1_212' title='bbox 803 3842 848 3910; x_wconf 93' lang='lat' dir='ltr'>sic</span> <span class='ocrx_word' id='word_1_213' title='bbox 861 3866 947 3911; x_wconf 92' lang='lat' dir='ltr'>anno</span> <span class='ocrx_word' id='word_1_214' title='bbox 966 3847 1050 3912; x_wconf 87' lang='grc'><strong>1662</strong></span> <span class='ocrx_word' id='word_1_215' title='bbox 1063 3845 1224 3915; x_wconf 86' lang='lat' dir='ltr'>referebat</span> 
     </span>
     <span class='ocr_line' id='line_1_30' title="bbox 100 3951 1220 4024; baseline 0.003 -2"><span class='ocrx_word' id='word_1_216' title='bbox 100 3955 138 4022; x_wconf 90' lang='lat' dir='ltr'>ad</span> <span class='ocrx_word' id='word_1_217' title='bbox 164 3953 361 4022; x_wconf 89' lang='lat' dir='ltr'>cardinalem</span> <span class='ocrx_word' id='word_1_218' title='bbox 383 3952 593 4021; x_wconf 90' lang='lat' dir='ltr'>Franciscum</span> <span class='ocrx_word' id='word_1_219' title='bbox 620 3951 837 4018; x_wconf 83' lang='lat' dir='ltr'>Bnrberinnm</span> <span class='ocrx_word' id='word_1_220' title='bbox 860 3951 913 4018; x_wconf 89' lang='lat' dir='ltr'>vir</span> <span class='ocrx_word' id='word_1_221' title='bbox 937 3951 1120 4022; x_wconf 88' lang='lat' dir='ltr'>eruditione</span> <span class='ocrx_word' id='word_1_222' title='bbox 1140 3977 1220 4024; x_wconf 91' lang='lat' dir='ltr'>con-</span> 
     </span>
     <span class='ocr_line' id='line_1_31' title="bbox 102 4057 1222 4153; baseline 0.002 -24"><span class='ocrx_word' id='word_1_223' title='bbox 102 4063 230 4153; x_wconf 91' lang='lat' dir='ltr'>spicuus</span> <span class='ocrx_word' id='word_1_224' title='bbox 256 4061 433 4130; x_wconf 91' lang='lat' dir='ltr'>Possinus:</span> <span class='ocrx_word' id='word_1_225' title='bbox 455 4059 565 4129; x_wconf 77' lang='lat' dir='ltr'>Codes</span> <span class='ocrx_word' id='word_1_226' title='bbox 587 4057 718 4140; x_wconf 80' lang='lat' dir='ltr'>niurni,</span> <span class='ocrx_word' id='word_1_227' title='bbox 749 4059 807 4150; x_wconf 81' lang='lat' dir='ltr'>qui</span> <span class='ocrx_word' id='word_1_228' title='bbox 826 4060 937 4150; x_wconf 68' lang='lat' dir='ltr'>liceras</span> <span class='ocrx_word' id='word_1_229' title='bbox 964 4059 1057 4152; x_wconf 83' lang='lat' dir='ltr'>opud</span> <span class='ocrx_word' id='word_1_230' title='bbox 1078 4064 1117 4130; x_wconf 89' lang='lat' dir='ltr'>P.</span> <span class='ocrx_word' id='word_1_231' title='bbox 1143 4065 1222 4131; x_wconf 85' lang='lat' dir='ltr'>Sir-</span> 
     </span>
     <span class='ocr_line' id='line_1_32' title="bbox 104 4166 1224 4260; baseline 0.004 -24"><span class='ocrx_word' id='word_1_232' title='bbox 104 4169 275 4250; x_wconf 83' lang='lat' dir='ltr'>mnndum,</span> <span class='ocrx_word' id='word_1_233' title='bbox 307 4179 413 4237; x_wconf 76' lang='lat' dir='ltr'>exstat</span> <span class='ocrx_word' id='word_1_234' title='bbox 431 4167 517 4236; x_wconf 77' lang='lat' dir='ltr'>nunc</span> <span class='ocrx_word' id='word_1_235' title='bbox 540 4167 575 4236; x_wconf 86' lang='lat' dir='ltr'>in</span> <span class='ocrx_word' id='word_1_236' title='bbox 600 4167 752 4236; x_wconf 79' lang='lat' dir='ltr'>munibus</span> <span class='ocrx_word' id='word_1_237' title='bbox 772 4166 882 4258; x_wconf 80' lang='lat' dir='ltr'>patris</span> <span class='ocrx_word' id='word_1_238' title='bbox 899 4167 1018 4249; x_wconf 83' lang='lat' dir='ltr'>Labbc,</span> <span class='ocrx_word' id='word_1_239' title='bbox 1042 4169 1101 4260; x_wconf 81' lang='lat' dir='ltr'>qui</span> <span class='ocrx_word' id='word_1_240' title='bbox 1114 4169 1161 4238; x_wconf 85' lang='lat' dir='ltr'>ad</span> <span class='ocrx_word' id='word_1_241' title='bbox 1172 4187 1224 4240; x_wconf 77' lang='lat' dir='ltr'>mc</span> 
     </span>
    </p>
   </div>
   <div class='ocr_carea' id='block_1_9' title="bbox 0 0 1532 4946">
    <p class='ocr_par' dir='ltr' id='par_1_10' title="bbox 0 0 1532 4946">
     <span class='ocr_line' id='line_1_33' title="bbox 0 0 1532 4946; baseline 0 0"><span class='ocrx_word' id='word_1_242' title='bbox 0 0 1532 4946; x_wconf 95' lang='lat' dir='ltr'> </span> 
     </span>
    </p>
   </div>
  </div>
 </body>
</html>
