3064 4952
523 499 605 546 suuis
628 499 780 550 cauomm.
1028 552 1032 568 ,
1147 481 1207 548 tet

89 634 200 704 viduis
232 659 352 706 munus
381 637 463 708 illud
495 640 614 708 mensis
646 639 854 708 ministrandi
885 641 1128 710 transferretur.
1167 643 1211 710 At

89 767 169 812 vero
187 768 253 814 non
268 746 329 815 hoc
346 771 449 816 unum
474 747 648 839 profanum
679 748 826 816 ollicium
857 748 1001 818 diaconis
1026 749 1091 817 illis
1114 749 1213 818 tuisse

91 852 297 945 impositum,
325 856 382 924 scd
406 859 503 926 etiam
525 865 561 925 ut
582 865 689 926 esseut
712 881 812 926 sacrae
825 855 947 950 pariter
960 879 1082 926 meuse
1099 859 1213 927 minis-

91 960 147 1046 tri,
175 985 250 1031 vere
277 963 459 1052 ordinatos,
490 965 575 1034 sicut
604 964 800 1034 ordinantur
825 965 928 1034 nostri
954 965 1053 1036 hodie
1068 966 1212 1055 diaconi,

91 1077 206 1136 contra
231 1072 425 1142 acatholicos
463 1074 602 1165 probare
631 1073 737 1142 solent
768 1073 908 1164 theologi
945 1073 979 1141 in
1009 1081 1146 1162 traptatu
1174 1075 1215 1144 de

90 1177 218 1246 ordine.
250 1180 297 1248 De
326 1190 450 1270 septem
474 1182 612 1250 istorum
642 1181 854 1250 diaconorum
879 1203 1016 1250 munere
1039 1182 1136 1251 etiam
1153 1183 1216 1252 tuit

89 1283 270 1374 predicare
298 1289 436 1357 verbum
460 1289 519 1356 Dei
540 1298 572 1358 et
599 1288 775 1380 baptizare,
801 1297 838 1357 ut
860 1295 985 1357 constat
1007 1311 1047 1358 ex
1068 1289 1172 1381 capite
1196 1295 1213 1357 8

89 1394 247 1461 Actuum.

135 1503 192 1570 111.
221 1503 411 1573 Formulam
430 1505 623 1597 profitendae
636 1505 715 1574 fidei
738 1505 923 1574 christianae
943 1513 1097 1574 statutam
1112 1505 1213 1576 luisse

89 1609 132 1678 ah
148 1612 327 1703 Apostolis‚
343 1613 418 1682 licet
442 1623 567 1683 taceant
590 1613 782 1706 Scriptnrae,
812 1621 936 1683 certum
966 1613 1043 1682 lacit
1068 1615 1210 1685 traditio.

90 1717 219 1786 Testem
250 1719 409 1790 hahemus
437 1731 586 1790 sanctum
614 1721 848 1808 Ambrosium,
879 1721 937 1812 qui
962 1721 1096 1812 epistola
1123 1729 1141 1790 7
1170 1723 1211 1792 ad

89 1825 247 1894 Siricium
260 1830 305 1896 ait
323 1857 330 1896 :
354 1829 514 1899 Credatur
528 1830 688 1921 Symbolo
704 1829 946 1922 Apostolorum,
964 1828 1054 1920 quod
1069 1830 1210 1898 Ecclesia

88 1937 242 2002 nomana
264 1936 498 2006 intemeratum
513 1959 640 2030 semper
655 1936 795 2006 custodit
816 1949 847 2004 et
871 1947 991 2004 servat.
1016 1936 1165 2004 Testatur
1181 1945 1213 2004 et

87 2052 220 2112 sanctus
235 2044 302 2113 Leo
317 2045 469 2134 Magnus,
485 2046 622 2138 epistola
639 2050 678 2114 13
696 2046 737 2116 ad
748 2045 970 2130 Pulcheriam,
987 2044 1033 2112 sic
1046 2045 1206 2113 scribens:

88 2151 261 2242 Siquidem
275 2153 376 2244 insitu
392 2153 544 2244 Symboll
560 2153 662 2222 breuis
671 2154 856 2245 etpersecto
867 2151 1033 2244 consessio,
1047 2175 1120 2244 que
1126 2152 1209 2221 deco·

8 2341 9 2344 ¹
86 2261 195 2328 decim
220 2262 451 2354 Apostolorum
479 2263 615 2332 totidem
635 2277 680 2332 est
695 2264 829 2353 sipnato
846 2262 1024 2348 sententiis,
1050 2275 1122 2329 tam
1144 2263 1210 2330 ins-

86 2381 197 2438 tructo
221 2371 265 2438 sit
289 2371 324 2438 in
340 2371 433 2438 omni
445 2371 626 2440 munitione
640 2370 772 2451 coelesti,
787 2379 847 2439 otc.
872 2368 1036 2460 Ephesius
1050 2369 1211 2459 generalis

85 2480 234 2570 synodus
261 2479 301 2548 dc
329 2481 486 2572 Symbolo
514 2481 749 2572 Apostolorum
776 2490 807 2548 et
832 2479 871 2548 de
894 2480 1068 2547 subsecuto
1099 2488 1209 2570 postes

85 2585 246 2678 Symbolo
269 2587 401 2657 Nicaeno
426 2588 576 2680 loqueos,
598 2597 732 2658 testatur
750 2587 885 2656 :Fidem
909 2587 1006 2655 initio
1029 2586 1160 2678 quidem
1187 2612 1209 2655 o

83 2698 206 2764 sanctes
229 2699 390 2788 Apostolis
411 2697 591 2784 traditam,
610 2710 728 2788 postea
751 2721 825 2765 uero
849 2721 871 2764 o
894 2699 955 2764 318
980 2697 1014 2763 in
1037 2699 1212 2788 metropol

84 2803 225 2872 Nicoma
247 2806 346 2894 puisse
365 2806 558 2898 expositum.
580 2833 597 2870 u
611 2807 661 2874 Ex
677 2805 798 2897 quihus
820 2805 957 2896 aliisque
978 2803 1058 2872 adeo
1073 2813 1161 2872 corto
1174 2806 1208 2872 in

87 2939 105 2979 c
134 2913 280 2982 Ecclesia
291 2923 416 2983 constat
430 2915 490 2983 hoo
505 2914 698 3007 Symbolum
715 2937 792 2982 vere
808 2936 877 2982 esse
900 2913 941 2980 ah
957 2911 1125 3003 Apostolis
1138 2911 1210 2980 edi-

88 3047 105 3086 o
131 3031 215 3108 tum,
233 3029 270 3089 ut
283 3022 496 3090 temerarium
523 3024 658 3091 omnino
675 3023 757 3092 foret
780 3020 982 3090 contrarium
1007 3041 1162 3086 asserere.
1188 3047 1205 3086 s

83 3130 209 3219 (uiues,
225 3133 412 3222 Apparatus
427 3132 467 3199 ad
480 3131 534 3222 jus
549 3155 636 3218 cam,
654 3155 730 3224 pars
745 3136 778 3218 2,
794 3154 822 3199 e.
843 3135 875 3219 t,
894 3139 930 3196 u⁰
948 3131 1015 3220 ts.)

127 3239 188 3308 tv.
208 3239 427 3309 Celeberrima
445 3241 566 3331 pariter
590 3249 639 3308 est
662 3239 839 3330 apostolico
862 3239 1049 3307 constitutio
1063 3259 1138 3329 quae
1154 3259 1208 3306 re-

83 3347 190 3415 fertur
212 3347 250 3414 in
274 3348 365 3416 Actis
390 3347 623 3439 Apostolorum
644 3348 684 3438 (c.
706 3349 771 3436 15).
789 3345 873 3414 Com
888 3345 1008 3413 scilicet
1022 3345 1207 3413 Antiochiae

85 3461 243 3522 cresceret
287 3453 432 3522 fidelium
474 3477 633 3522 numerus
662 3453 827 3546 primique
857 3451 978 3520 ibidem
1012 3461 1207 3520 vocarentur

84 3562 275 3648 Christiani,
305 3563 444 3630 excitata
467 3573 515 3630 est
531 3563 617 3630 inter
633 3585 689 3630 eos
708 3561 869 3629 dissensio
885 3583 928 3628 cx
943 3560 1134 3652 quaestione,
1166 3561 1208 3627 air

84 3671 221 3760 gentiles
248 3673 397 3741 conversi
422 3682 610 3741 tenerentur
639 3671 829 3740 circumcidi
853 3669 981 3760 aliaque
1004 3669 1122 3758 legalia
1149 3669 1207 3766 oh·

84 3801 227 3849 servare.
260 3779 490 3850 Controversia
520 3781 590 3850 haec
616 3781 831 3848 ecclesiastica
862 3777 1014 3868 poscebat
1044 3777 1207 3846 visibilem

82 3887 224 3977 judicem
256 3890 314 3980 qui
343 3890 490 3958 eamdem
517 3897 624 3986 ppsset
653 3888 820 3956 dirimere.
858 3885 966 3968 Quare
999 3906 1040 3952 ex
1067 3894 1206 3982 utraque

86 4007 173 4086 parte
205 3998 296 4064 missi
326 3998 565 4090 lerosolymam
594 3997 635 4066 ud
665 3995 864 4087 Apostolos,
893 3994 951 4084 qui
982 4005 1206 4062 convenerunt

86 4131 156 4176 cum
171 4107 357 4176 senioribus
382 4105 490 4175 uidere
506 4105 544 4174 cle
558 4106 654 4174 verbo
670 4105 742 4184 hoc,
767 4125 853 4172 anno
874 4112 947 4196 post
967 4104 1090 4174 Christi
1118 4131 1206 4178 mor.-

87 4223 146 4284 tem
164 4218 218 4284 lt.
