3072 4948
503 493 586 546 tuus
607 497 759 546 cruorum
1127 477 1189 546 tos

72 659 91 698 α
116 654 192 704 nem
219 634 510 726 praeexsisteutem,
534 637 586 706 vel
607 637 751 706 futuram
773 635 968 706 durantibus
990 636 1106 708 iisdem
1127 640 1191 707 cir-

72 767 90 805 «
115 743 329 814 cnmstantiis.
344 745 428 814 Dein
439 767 506 814 non
518 745 637 816 desunt
648 745 799 838 exemplu
810 744 903 837 queis
912 747 1095 817 ostenditur
1104 769 1195 840 quse-
1231 731 1234 742 ¹

73 875 90 914 r
115 848 192 920 dam
207 849 243 920 S.
261 851 398 922 Concilii
409 852 594 924 Tridentini
608 853 738 924 decreta
752 853 853 924 luisse
866 853 1016 942 limitate,
1029 855 1190 943 restricta,

72 983 90 1022 s
115 959 170 1027 vel
196 960 331 1029 omnino
353 961 635 1050 percontrarium
658 985 756 1031 usum
778 961 945 1052 abrogata.
969 987 987 1028 s
1030 963 1123 1054 (solt,
1153 964 1193 1033 de

68 1065 390 1159 Praescriptionibns,
407 1077 499 1160 parte
515 1073 547 1157 2,
565 1069 668 1161 capite
686 1073 720 1155 l,
735 1069 758 1160 ἓ
771 1073 826 1158 12,
842 1092 876 1161 p.
892 1073 955 1138 abe
972 1079 1005 1140 et
1019 1073 1096 1158 360,
1111 1070 1189 1142 edit.

68 1173 241 1266 Dillingae,
259 1176 371 1266 1722.)

114 1283 165 1352 Ex
187 1283 337 1354 adductis
357 1285 566 1355 citationibus
584 1285 847 1356 concludendum
865 1285 996 1356 videtur
1015 1309 1080 1357 non
1100 1309 1193 1379 posse

67 1416 111 1463 ex
136 1393 207 1462 sole
225 1393 395 1464 doctorum
413 1395 603 1465 auctoritete
618 1395 710 1464 litem
723 1395 859 1465 omnino
874 1393 988 1464 dirimi
998 1422 1008 1483 ;
1034 1417 1110 1465 cum
1125 1418 1192 1466 non

67 1501 253 1592 reperiatur
274 1503 459 1571 communis
481 1503 651 1589 sententie,
673 1523 778 1593 neque
797 1501 882 1572 circe
900 1501 1115 1594 messionem
1134 1525 1191 1592 ge·

67 1607 217 1678 neralem
241 1609 282 1680 de
305 1609 434 1700 legibus
455 1609 668 1702 quibuslibet,
694 1609 872 1680 contraries
898 1610 959 1680 sibi
982 1608 1193 1680 consuetudi-

69 1737 129 1784 nes
153 1716 189 1784 in
215 1723 382 1808 posterum
407 1716 549 1786 oriturus
573 1717 791 1804 irritantibus,
818 1739 923 1809 neque
944 1717 978 1786 in
1003 1717 1193 1809 particulari

68 1825 156 1894 circe
176 1823 264 1916 leges
287 1824 499 1894 Tridentinae
522 1825 622 1894 simili
641 1824 771 1894 decreto
793 1825 943 1896 irritante
965 1825 1118 1896 munitas.
1147 1828 1192 1895 At

67 1943 220 2024 superest
241 1933 332 2002 uliud
356 1932 501 2003 medium
519 1933 561 2002 ed
579 1933 799 2004 dirimendam
820 1933 1055 2023 difficultatem,
1079 1935 1192 2027 praxis

67 2064 188 2133 nempe
212 2063 424 2111 romanorum
443 2041 671 2124 tribunalium,
691 2042 733 2112 de
751 2065 816 2133 qua
832 2065 921 2112 nunc
942 2043 1190 2135 inquirendum.

113 2149 171 2217 lll.
195 2148 405 2241 Rependitur
421 2149 719 2241 Conqreqctionum
741 2173 961 2220 romanarum
980 2164 1011 2218 ct
1035 2151 1192 2220 tribuna-

68 2259 154 2326 lium
177 2281 322 2328 romonee
340 2258 448 2328 Curiae
462 2259 594 2350 praeis.
609 2258 705 2327 —Si
723 2258 856 2350 probari
869 2267 975 2350 posset
990 2267 1190 2328 constantem

68 2377 99 2436 et
121 2367 341 2436 inviolabilem
360 2389 429 2436 esse
443 2368 572 2458 praxim
586 2369 620 2437 in
637 2367 824 2438 decidendis
839 2368 1035 2460 causisque
1050 2368 1190 2438 Romam

68 2474 276 2561 deferuntur,
297 2497 357 2566 pro
377 2475 477 2544 nullis
497 2475 638 2545 habendi
653 2475 905 2546 consuetudines
922 2483 1036 2546 contra
1049 2475 1189 2546 Triden·

69 2584 139 2652 tina
165 2583 303 2652 decreta
316 2582 473 2668 invectas,
498 2591 586 2652 certo
607 2584 727 2652 certius
749 2591 909 2652 constaret
931 2583 1131 2676 Principem,
1156 2583 1191 2653 id

67 2701 117 2760 est
141 2711 307 2760 summum
333 2690 538 2776 Pontificem,
562 2712 628 2758 non
650 2690 845 2776 consentire,
868 2689 967 2760 etism
989 2692 1096 2777 tecite,
1121 2691 1189 2760 hu-

64 2797 214 2889 jusmodi
233 2797 538 2868 consuetudinibus.
565 2797 721 2890 Princeps
743 2797 832 2866 enim
854 2819 914 2890 per
936 2821 995 2867 sua
1013 2799 1190 2869 tribunalia

64 2907 122 2997 jus
144 2905 308 2987 declarat;
331 2905 398 2974 imo
419 2904 597 2974 decisiones
616 2905 887 2996 congregationis
904 2905 1044 2976 Concilii
1058 2908 1190 2977 nomine

67 3023 101 3083 et
119 3013 310 3084 auctoritate
329 3013 450 3082 summi
468 3013 635 3082 Pontilicis
657 3011 851 3084 redduntur.
877 3013 913 3083 Si
926 3023 1036 3084 entem
1050 3018 1192 3109 supponi

66 3131 209 3214 nequeat
227 3143 403 3192 cousensus
423 3122 536 3192 saltem
555 3124 671 3193 tacitus
685 3122 848 3215 Principis
866 3123 903 3192 in
921 3123 1189 3194 consuetudinem

66 3232 134 3323 legi
156 3232 366 3318 contrariom,
392 3252 452 3322 pro
471 3232 562 3302 nulla
577 3231 728 3302 habenda
742 3241 791 3301 est
805 3234 1017 3320 consuetudo,
1036 3241 1073 3303 ut
1086 3234 1191 3304 laten-

67 3355 124 3412 tur
138 3363 263 3412 ornnes.

111 3453 246 3522 Factum
272 3458 380 3522 antem
407 3450 507 3536 istud,
536 3475 653 3543 nempe
678 3460 879 3521 constantem
906 3473 975 3520 esse
1001 3451 1132 3542 praxim
1159 3459 1191 3521 et

65 3561 217 3651 regulnm
249 3561 282 3627 in
315 3559 459 3628 romanie
481 3558 703 3628 tribunalibus
727 3569 759 3627 et
782 3557 1102 3648 congregationibus,
1129 3581 1189 3650 pro

66 3669 168 3740 nullis
187 3679 218 3738 et
235 3669 338 3738 irritis
357 3667 476 3738 babere
493 3667 744 3738 consuetudines
759 3668 895 3737 decretis
908 3666 1109 3736 Tridentinis
1125 3690 1188 3760 op-

65 3778 200 3870 positas,
230 3776 284 3848 ille
307 3775 396 3845 solus
418 3775 581 3846 affirmare
601 3777 750 3866 legitime
768 3785 873 3870 potest
890 3783 1046 3867 tanquam
1060 3783 1186 3846 certum

65 3885 203 3956 omnino
227 3894 259 3954 et
278 3883 392 3978 quoad
414 3885 526 3955 omnia
549 3885 741 3956 Tridentina
760 3887 901 3974 decreta,
924 3885 983 3978 qrri
1003 3906 1063 3976 per
1082 3907 1116 3954 sc
1137 3885 1189 3954 vel

65 3995 201 4064 idoneos
225 3991 307 4062 elios
327 3999 435 4080 testes,
457 3992 601 4083 integrae
620 3991 819 4062 decisionum
836 3993 1040 4066 collectiones
1053 4019 1188 4089 percur-

66 4108 182 4197 rendo,
209 4105 416 4198 exploratum
443 4104 565 4174 lactum
587 4103 670 4174 illud
694 4103 813 4174 hebere
833 4107 949 4197 potuit.
976 4107 1039 4177 Cui
1061 4108 1187 4200 ingenti

67 4215 301 4310 explorationis
316 4213 420 4284 labori
435 4214 577 4284 latemur
592 4214 686 4283 nobis
700 4212 847 4283 nondum
863 4237 977 4284 vacere
990 4215 1133 4288 licuisse.
