3050 4946
291 453 354 519 488
645 473 819 518 rntcrarua
841 473 879 518 DE
903 474 1056 520 relucteris

289 616 372 684 hanc
397 613 639 684 universitatem
660 611 930 705 jurisprudentiae
957 613 1120 685 discenda
1144 639 1241 686 causa
1262 619 1417 690 exomni
1519 659 1520 702 ,

287 723 419 812 regione
453 727 531 788 tunc
566 721 722 812 temporis
754 719 953 789 accederent.
992 723 1164 793 Probabile
1198 732 1245 793 est
1274 727 1416 818 insuper

286 829 433 900 camdem
457 828 580 898 bullum
608 827 649 896 ad
672 836 807 898 caeteras
830 852 961 922 quoque
982 831 1211 902 universitates
1235 834 1336 903 luisse
1359 835 1414 904 di-

287 950 418 1010 rectam.
905 945 911 954 '

331 1052 450 1118 Sextus
470 1047 683 1118 decretalium
702 1046 864 1117 dividitur
883 1057 915 1118 et
931 1049 1011 1140 ipse,
1025 1051 1109 1120 sicut
1124 1051 1328 1142 Gregoriana
1342 1053 1415 1121 col-

284 1157 391 1242 lectio,
413 1157 448 1224 In
468 1156 569 1224 libros
592 1155 751 1248 quinque,
772 1155 885 1226 cadem
912 1165 1040 1226 servata
1062 1158 1232 1228 titulorum
1250 1169 1281 1228 et
1306 1170 1413 1230 mate-

286 1267 410 1335 riarum
427 1265 521 1334 serie.

330 1379 370 1446 II.
390 1381 437 1446 De
460 1375 679 1445 Clementinis.
698 1374 907 1444 -Clemens
926 1375 957 1444 V
978 1377 1154 1445 decretales
1173 1387 1245 1469 post
1266 1381 1412 1448 Sextum

285 1495 429 1554 asancta
452 1483 535 1552 Sede
551 1491 714 1552 emanatas
734 1483 875 1574 collegit.
893 1485 980 1554 Cum·
992 1493 1100 1554 autern
1116 1495 1191 1555 ante
1210 1487 1411 1579 publicatam

284 1595 504 1664 collectionem
525 1613 618 1660 suam
646 1615 664 1659 a
690 1591 775 1660 vivis
796 1591 996 1679 excessisset,
1028 1615 1100 1661 eam
1134 1594 1266 1684 publica
1295 1605 1411 1666 aucto-

283 1703 378 1771 ritate
402 1701 553 1769 donatam
579 1697 801 1790 promulgavit
826 1699 967 1768 Ioannes
988 1698 1084 1769 XXII
1110 1723 1198 1771 anno
1222 1706 1320 1791 1317,
1345 1706 1411 1772 sub

288 1809 568 1878 Clementlnorum
599 1806 742 1876 nomine.
776 1807 953 1877 Continent
981 1808 1194 1881 clementinas
1225 1819 1344 1880 statuta
1374 1813 1410 1882 in

284 1917 420 1986 concilio
450 1915 627 1984 Viennensi
656 1915 867 1986 oecumenico.
899 1914 1101 1984 Dividuntur
1130 1925 1298 1987 autemst
1327 1920 1411 2011 ipsa

284 2031 321 2100 in
343 2031 487 2122 quinque
509 2029 620 2110 librae,
645 2036 677 2095 et
692 2027 842 2097 eumdem
865 2049 965 2120 quam
981 2030 1102 2098 Sextia
1117 2037 1149 2098 et
1163 2031 1309 2101 collectio
1325 2033 1411 2102 Gre-

284 2139 421 2228 goriana
435 2134 583 2205 ordinem
598 2145 791 2226 sequuntur.

327 2247 382 2314 III.
400 2248 448 2313 Dc
463 2242 764 2333 extravagantibus.
782 2283 825 2294 —
841 2243 923 2312 Duae
938 2243 1011 2313 aliae
1026 2245 1232 2314 collectiones
1248 2271 1410 2340 superve-

283 2377 373 2440 nere,
397 2354 453 2422 sed
473 2361 608 2445 {imaque
629 2353 757 2443 privato
777 2359 904 2420 tantum
919 2351 1040 2439 studio,
1059 2377 1124 2424 non
1141 2353 1308 2447 pontificia
1323 2379 1410 2426 auc-

213 2445 214 2450 *
279 2463 411 2533 ,toritate
440 2460 594 2550 vulgatae.
621 2459 715 2527 Prior
739 2461 883 2528 continet
901 2460 1075 2529 decretales
1095 2463 1232 2531 Ioannis
1250 2463 1358 2551 XXII,
1377 2475 1410 2536 et

284 2572 428 2640 noscitur
442 2570 503 2638 sub
517 2568 649 2636 nomine
662 2569 955 2659 extravagantium
968 2570 1106 2638 Ioannis
1117 2573 1222 2640 XXII.
1241 2573 1410 2644 Posterior

282 2680 379 2748 habet
403 2675 648 2746 constitutiones
665 2680 706 2744 25
721 2679 926 2769 sequentium
939 2679 1149 2767 Pontificum,
1170 2704 1288 2773 nempe
1302 2705 1411 2775 usque

283 2787 324 2857 ad
347 2787 479 2856 Sixtum
499 2785 558 2870 IV,
581 2794 613 2853 et
638 2787 791 2856 usuvenit
811 2787 872 2854 snb
892 2787 1155 2856 denominatione
1178 2802 1410 2882 extravagan-

284 2898 369 2964 tium
384 2892 621 2962 communium.
636 2893 727 2962 Licet
741 2895 867 2986 privata
882 2893 1044 2964 industria
1055 2898 1269 2986 concinnatas,
1284 2903 1409 2970 sensIm

282 3013 392 3072 tamen
413 3008 551 3091 receptas
571 3011 647 3069 sunt
669 3011 823 3094 tanquam
848 3002 986 3070 luissent
1001 3004 1185 3073 authentice
1200 3007 1356 3095 collectae,
1375 3021 1411 3078 et

283 3109 420 3202 Corpori
443 3107 528 3198 juris
551 3107 686 3200 adjectae
710 3119 802 3186 sunt;
827 3110 913 3178 unde
939 3135 1005 3181 non
1029 3110 1184 3183 deberent
1203 3115 1271 3207 jam
1294 3122 1409 3186 vocari

283 3221 526 3305 extravagante,
553 3238 628 3284 cum
654 3239 674 3284 a
695 3217 797 3285 multo
820 3226 965 3308 tempore
991 3219 1147 3288 desierint
1170 3225 1284 3312 vagari
1311 3234 1411 3295 extra
1518 3261 1519 3324 ᾗ

282 3329 410 3418 Corpus
432 3324 520 3417 juris
543 3325 709 3412 canonici,
736 3324 793 3394 sed
815 3327 1037 3397 denominatio
1061 3329 1143 3416 haec,
1170 3353 1236 3422 qua
1257 3334 1407 3424 primum

283 3436 458 3524 designatae
472 3443 560 3521 sunt,
574 3433 642 3502 ruis
656 3433 904 3504 immutabiliter
918 3436 1067 3506 adhesit.

328 3543 385 3610 IV.
405 3545 452 3610 De
466 3540 617 3610 Bullcrio
633 3541 798 3612 Benedicti
812 3545 861 3610 XI
868 3543 901 3610 V.
916 3581 961 3595 -
972 3544 1227 3616 Constitutiones
1245 3571 1323 3618 suas
1338 3553 1408 3620 col-

281 3651 340 3741 ligi
362 3649 491 3717 curavit
511 3649 705 3720 Benedictus
725 3649 804 3720 XIV
819 3659 851 3718 et
867 3653 1128 3743 promulgatione
1143 3656 1342 3746 authentica,
1359 3662 1408 3728 si-

282 3770 337 3830 cut
363 3759 481 3826 lecerat
503 3758 681 3850 Gregorius
705 3761 764 3846 IX,
794 3759 1015 3830 collectionem
1037 3763 1121 3832 hanc
1139 3766 1291 3836 munivit.
1308 3769 1407 3839 Unde

281 3867 426 3939 collectio
452 3865 509 3935 illa
536 3867 642 3958 plenae
670 3867 870 3965 auctoritatis
896 3868 1056 3938 censenda
1084 3880 1144 3958 est,
1173 3895 1239 3941 non
1265 3875 1407 3946 minoris

281 3975 401 4046 scilicet
424 3995 524 4065 quam
550 3974 695 4066 quinque
718 3973 793 4042 libri
817 3975 1049 4065 Decretalium,
1071 3985 1103 4047 et
1118 3977 1201 4048 liber
1223 3989 1349 4070 sextus,
1371 3993 1405 4053 et
1517 4031 1518 4072 3

281 4083 505 4156 Clementime.
1517 4173 1518 4192 Χ

324 4193 367 4262 V.
386 4191 538 4262 Collectio
552 4199 660 4260 aretem
677 4195 951 4283 querellarum
967 4219 1126 4288 magnum
1142 4202 1332 4270 Romanum
1345 4225 1403 4272 vo·
1517 4197 1518 4218 ¹
