3068 4948
285 451 348 518 316
642 473 817 520 retornus
839 475 877 520 os
899 473 1054 520 entucnirs

285 615 353 680 tum
377 612 552 681 Clementis
574 612 718 702 effatum,
747 613 833 707 quod
858 636 974 705 nempe
996 613 1223 704 buwficiomm
1242 612 1398 704 plenario

283 720 451 813 dispositio
475 721 522 790 od
540 725 725 792 Romanum
748 736 902 792 noscatur
924 723 1117 813 Pontificem
1131 721 1312 811 pertinere.
1337 722 1399 791 Sed

282 836 379 896 natus
401 829 547 897 nondum
570 839 640 899 erat
660 837 738 898 tuno
760 829 915 923 temporis
935 828 1190 920 gallicanismus.
1218 827 1399 899 Audiamus

284 943 315 1002 et
331 935 534 1006 Boniiacium
550 937 627 1006 Vnt
647 966 653 1006 :

330 1045 372 1112 Si
391 1045 493 1114 alicui
512 1070 611 1140 usque
630 1046 677 1115 ad
689 1059 812 1116 certam
827 1068 994 1115 summum
1002 1045 1174 1139 prouideri
1189 1045 1396 1128 mundamus,

285 1155 315 1220 ei
334 1177 399 1226 non
420 1156 455 1223 in
470 1158 635 1249 pensione,
659 1157 764 1226 sedin
786 1155 943 1249 benefieiis
963 1155 1182 1225 eulesiasticis
1200 1167 1332 1223 tantum
1345 1180 1399 1224 oo-

286 1264 393 1331 lumus
413 1263 610 1355 prouideri:
633 1266 697 1334 nisi
718 1263 757 1333 de
773 1263 933 1355 pensione
954 1262 989 1331 in
1011 1263 1131 1332 nostn's
1146 1263 1263 1331 litteris
1279 1263 1399 1332 mentio

285 1371 446 1441 habeatur
463 1396 623 1466 expressa.
654 1376 850 1465 Οιιαηφιαηι
873 1372 932 1441 suh
954 1373 1085 1440 nomine
1102 1373 1307 1440 occissionem
1323 1373 1399 1440 civi·

286 1483 365 1550 tatis
388 1483 684 1574 comprehendatur
704 1485 789 1551 alias
812 1483 941 1552 ecclesia
963 1481 1172 1564 cathedralis,
1197 1505 1273 1550 crem
1292 1495 1399 1551 tamen

287 1589 388 1657 alicui
407 1588 615 1681 de‘heneficio
637 1590 835 1660 mandamus
855 1592 889 1659 in
910 1593 1024 1683 aliqua
1040 1592 1245 1660 ecclesiarum
1259 1592 1401 1660 ciuitatis

287 1698 339 1766 oel
357 1698 499 1768 dioecesis
519 1700 696 1792 provideri,
722 1701 768 1768 ad
785 1701 1007 1770 cathedralem
1031 1701 1196 1770 ecclesiam
1215 1724 1247 1770 se
1262 1701 1400 1770 mando·

289 1823 360 1907 tum
380 1811 575 1902 hujusmodi
593 1835 659 1880 non
681 1808 838 1879 eatmdit.
865 1812 964 1878 Secus
984 1823 1096 1877 autem
1111 1833 1186 1877 cum
1203 1809 1400 1878 mandamus

287 1920 323 1987 in
351 1921 465 2013 aliqua
492 1922 698 1990 ecclesiarum
716 1919 896 2012 prouincia
916 1916 1088 2011 prouideri
1113 1946 1124 1984 .·
1156 1931 1234 1988 tunc
1261 1919 1400 1986 enimet

287 2029 542 2121 metropolitana
566 2042 596 2097 et
612 2042 736 2097 catum
750 2027 952 2096 cathedrales
967 2027 1103 2095 molesia
1117 2027 1330 2095 includuntur
1344 2027 1400 2094 suh

287 2137 350 2206 tali
368 2138 536 2220 mandato,
560 2161 634 2207 cum
657 2137 839 2206 uberiorem
860 2136 921 2204 hoc
944 2157 1020 2203 casu
1043 2134 1238 2227 impetranti
1255 2135 1399 2226 oratiam

283 2249 391 2337 facere
406 2246 587 2316 videamur.
607 2245 655 2338 (C.
677 2245 846 2329 Quamvis,
863 2241 1118 2330 capessendis,
1136 2241 1169 2310 in
1186 2245 1301 2334 secto.)

331 2355 367 2424 lu
392 2355 572 2424 Viennensi
597 2352 795 2423 aecumenica
821 2349 959 2442 synodo,
987 2358 1157 2442 postquam
1185 2349 1338 2441 quasdam
1364 2350 1401 2417 de

288 2461 520 2532 beneficiorum
541 2461 712 2531 collatione
733 2467 851 2528 statuta
867 2467 955 2538 sunt,
971 2459 1018 2525 sic
1033 2456 1197 2526 decretum
1213 2457 1374 2526 clauditur
1391 2486 1397 2524 :

333 2570 436 2638 Solva
460 2584 569 2640 tamen
593 2571 628 2638 in
645 2568 825 2662 premissis
838 2566 988 2634 omnihus
1006 2565 1150 2634 limnani
1163 2566 1331 2657 Pontificis
1342 2591 1402 2660 po-

290 2690 419 2761 testate,
453 2678 500 2747 ad
525 2702 621 2770 ptem
652 2677 873 2756 ecclesiarum,
901 2686 1156 2766 personatuum,
1188 2673 1399 2765 diphitatum,

290 2785 495 2878 aliorumque
511 2786 736 2878 beneficiorum
759 2781 1046 2851 ecclesiasticorum
1061 2780 1162 2872 plena
1178 2793 1208 2850 et
1222 2781 1324 2851 libera
1340 2781 1402 2850 dis-

211 2937 214 2944 ·
284 2892 419 2984 positio,
444 2916 484 2961 ea
501 2915 568 2961 sua
582 2891 753 2985 potestatis
768 2887 973 2982 plenitudine
986 2889 1130 2957 noscitur
1138 2889 1305 2980 pertinere
1322 2888 1402 2979 (Cle-

292 3003 447 3089 mentina‚
472 3007 513 3071 llt
528 3002 584 3071 lite
595 3001 782 3096 pendente).

333 3111 515 3181 Concilium
541 3133 617 3180 vero
642 3109 886 3194 Tridentinum,
915 3107 1148 3200 asspectatioas
1175 3106 1307 3198 quidem
1334 3131 1403 3176 sus-

292 3219 375 3306 tulit,
401 3243 466 3289 non
486 3242 566 3288 vero
585 3219 817 3288 reservationes
837 3217 1004 3308 generales
1018 3216 1054 3284 in
1068 3216 1268 3284 concellaria
1284 3217 1404 3307 regulis

292 3327 439 3395 sancitus.
467 3327 502 3396 Si
525 3337 645 3415 autem,
671 3335 706 3395 ut
725 3333 815 3394 tanta
830 3348 907 3393 cnm
921 3324 1099 3393 temeritate
1114 3322 1291 3392 inclamant
1305 3324 1405 3394 Galli-

292 3435 380 3522 cani,
411 3457 469 3526 per
495 3433 596 3503 dictas
623 3435 752 3525 regulas
779 3433 919 3502 Romani
944 3431 1117 3502 Pontifices
1146 3433 1314 3524 potestatis
1338 3455 1403 3500 sun

293 3544 374 3610 fines
395 3545 618 3630 excessissent,
642 3567 683 3610 on
703 3543 852 3611 tacuisset
867 3539 1057 3610 Tridentino
1070 3539 1240 3633 synodus?
1264 3541 1317 3608 An
1332 3550 1404 3609 tan-

293 3659 362 3718 tum
377 3650 499 3720 malum
516 3661 547 3719 et
562 3650 749 3720 scandalum
766 3650 800 3716 in
816 3648 956 3717 Ecclesia
973 3648 1180 3739 reliquisset?

337 3759 502 3828 Probatur
520 3763 572 3827 10⁰
587 3759 750 3828 indirecte.
764 3796 808 3810 -
822 3756 872 3824 Ad
891 3777 1057 3825 summum
1073 3755 1106 3823 id
1125 3759 1321 3826 contendere
1335 3781 1407 3850 pos-

296 3876 366 3935 sent
381 3867 550 3953 Gallicani‚
571 3887 723 3934 ramesse
738 3874 979 3933 controversam
994 3891 1002 3941 ;
1026 3863 1163 3955 reperiri
1178 3864 1299 3932 scilicet
1314 3864 1407 3956 gatti-

297 3997 394 4043 canos
419 3983 567 4044 auctores
599 3973 815 4042 recentiorum
844 3973 956 4040 saltem
989 3979 1173 4062 temporum
1204 3972 1261 4064 qui
1293 3973 1407 4040 dictam
1507 3987 1508 4002 ³

298 4091 485 4174 potestatem
514 4082 662 4151 Romano
693 4078 842 4148 Pontifici
871 4079 1042 4169 denegent.
1079 4078 1313 4148 Permittamus
1341 4101 1406 4147 rem

298 4189 360 4258 diei
385 4201 655 4262 controversam·
684 4213 775 4283 ergo,
800 4191 945 4283 inquam,
968 4189 1263 4259 controversiarum
1288 4191 1323 4260 in
1348 4191 1407 4257 Ec-
