3050 4946
495 537 579 585 runis
601 536 752 586 sisamoi.
1118 518 1177 584 llil

48 709 66 744 a
91 705 128 748 se
155 705 199 750 ea
219 685 427 774 potissimum
449 697 557 755 mente
579 687 801 756 collectionem
823 688 1009 774 confecisse,
1036 698 1074 758 ut
1099 689 1181 781 Epi-

48 815 64 852 «
91 789 209 882 scopis
222 791 279 883 qui
288 793 522 862 accusabantur
531 795 739 885 prospiceret.
753 793 790 860 ld
803 793 936 886 quidem
945 795 979 862 in
988 797 1183 888 apocryphis

48 923 65 958 a
89 920 174 987 qnae
205 899 361 968 conflavit
391 900 595 970 documentis
626 903 730 970 multo
763 903 882 970 clarius
912 903 1054 972 elucet...
1090 905 1180 974 ldcm

48 1031 64 1068 a
89 1029 232 1097 qnoque
249 1008 425 1076 consilium
447 1011 593 1077 maxime
615 1010 809 1102 perspicitur
829 1011 864 1078 in
884 1011 1032 1101 capitulis
1052 1011 1095 1102 (1)
1115 1013 1181 1080 Ha·

47 1141 63 1176 a
89 1113 217 1184 driano
248 1116 391 1202 tributis,
423 1141 497 1208 quae
529 1141 570 1186 ex
601 1117 797 1210 apocryphis
825 1118 1009 1208 prasertim
1035 1120 1179 1210 epistolis

46 1248 63 1284 a
88 1222 264 1315 decerpta,
300 1223 564 1318 apocryphorum
599 1226 871 1294 documentorum
903 1225 994 1294 velut
1023 1247 1179 1318 compen-

46 1355 62 1393 «
88 1330 195 1398 dium
213 1341 244 1400 et
263 1334 450 1426 compilatio
464 1334 574 1402 vocari
593 1344 728 1424 queunt.
752 1332 912 1424 Pleraque
930 1333 1022 1401 enim
1044 1333 1174 1403 illorum

47 1463 64 1500 a
90 1438 321 1528 capitulorum
344 1464 382 1509 eo
403 1449 547 1532 spectant
570 1449 607 1507 ut
621 1462 660 1508 ne
675 1440 826 1531 Episcopi
845 1441 990 1508 accusari
1005 1464 1024 1507 a
1037 1441 1178 1531 quibus-

46 1571 63 1608 a
87 1545 173 1613 libet
196 1549 331 1638 possint,
353 1572 424 1635 nec,
447 1549 474 1616 si
495 1557 699 1635 accusentur,
720 1548 961 1616 accusatoribus
977 1548 1069 1616 facile
1084 1548 1178 1618 defe-

47 1663 203 1740 «ratur,
236 1655 291 1723 sed
324 1677 366 1723 ex
398 1656 514 1722 multis
544 1656 650 1723 causis
676 1664 748 1722 tum
780 1663 980 1722 accusatores
1009 1653 1174 1745 repellere,

48 1787 64 1826 c
87 1772 166 1828 tum
192 1763 319 1852 judices
345 1762 438 1830 liceat
461 1785 656 1831 recusare.»
678 1759 922 1850 (Ballerini,De
943 1760 1064 1830 collect.
1092 1772 1175 1849 ant,

46 1877 132 1958 part.
154 1876 189 1956 3,
209 1894 237 1938 c.
256 1872 303 1962 6.)

88 1979 185 2046 ldem
213 1981 301 2070 quad
328 1980 483 2048 Ballerini
501 1979 777 2048 animadverterat
797 1980 918 2071 Fleury
943 2010 949 2047 ;
978 2008 994 2044 c
1017 1981 1064 2047 La
1082 1979 1174 2070 prin-

47 2111 62 2150 a
87 2086 195 2177 cipale
224 2087 357 2156 matiere
381 2087 421 2154 de
446 2109 498 2154 ces
523 2086 698 2154 decretales
725 2097 797 2155 sant
823 2088 870 2155 les
890 2085 1092 2154 accusatione
1117 2085 1173 2153 des

49 2225 63 2262 c
87 2181 262 2290 Eveques:
280 2198 303 2265 il
317 2200 373 2288 n'y
385 2223 426 2266 en
441 2222 461 2266 a
476 2221 615 2290 presque
638 2221 764 2266 aucune
784 2199 842 2290 qui
864 2200 939 2266 n’en
961 2199 1050 2290 parle
1070 2207 1101 2265 et
1115 2198 1172 2289 qui

48 2331 63 2366 a
87 2329 128 2373 nc
150 2307 262 2375 donne
285 2306 342 2374 des
365 2307 470 2396 r‘egles
496 2328 580 2396 pour
602 2305 648 2374 les
671 2307 788 2373 rendre
810 2305 971 2373 difficiles.
995 2304 1096 2373 Aussi
1111 2305 1172 2371 lsi-

47 2439 62 2474 «
86 2413 168 2481 dore
184 2415 243 2481 tait
263 2437 350 2482 assez
366 2415 439 2482 voir
453 2412 534 2481 dans
550 2412 583 2480 la
596 2411 723 2502 prelace
739 2412 822 2503 qu'il
837 2414 923 2480 avait
939 2421 1019 2480 cette
1034 2413 1169 2479 mati‘ere

48 2546 63 2582 a
86 2523 152 2590 lort
167 2529 189 2591 a
204 2545 306 2592 coeur.
333 2550 349 2585 »
370 2523 466 2612 (Hist.
490 2522 578 2603 eccl„
596 2523 619 2588 l.
640 2525 693 2608 ll,
712 2545 744 2589 n.
764 2522 833 2611 22.)

85 2632 158 2699 lmo
182 2631 270 2699 idem
293 2631 463 2700 confitetur
486 2631 604 2720 etipse
628 2631 702 2698 Van
726 2631 846 2722 Espen,
869 2633 926 2722 qni
948 2631 989 2698 de
1011 2630 1168 2698 Gratiano

43 2735 206 2807 disserens
227 2741 272 2806 sio
293 2738 435 2806 affirmat
454 2766 461 2804 :
480 2738 542 2805 Hic
563 2761 676 2806 rursus
699 2737 834 2826 adducit
856 2739 952 2806 varta
976 2740 1166 2830 frapmeata

43 2845 268 2928 decretalium,
285 2870 358 2939 qaae
373 2847 541 2937 praecipue
557 2844 603 2912 ad
618 2845 806 2914 eximendos
826 2847 1004 2938 Episcopos
1018 2849 1060 2914 ad
1076 2847 1168 2914 amai

43 2958 208 3027 criminali
224 2957 354 3049 judicio
374 2956 547 3025 adornata
569 2969 743 3046 apparent.
773 2983 789 3020 (ι
814 2956 891 3042 Sed,
919 2957 1025 3049 inquit
1049 2957 1166 3025 Devoti

46 3091 61 3128 a
83 3069 299 3156 (Prolegom.,
315 3089 344 3132 c.
365 3070 396 3149 5,
414 3065 435 3154 ξ
452 3066 519 3154 71),
537 3063 609 3131 vide
623 3063 721 3132 fidem
739 3072 771 3131 et
784 3064 1032 3133 inconstantiam
1051 3065 1163 3132 hami-

45 3198 60 3235 «
83 3176 132 3242 nis
156 3175 202 3266 (2)
224 3197 323 3265 quem
345 3172 429 3263 rapit
445 3174 479 3239 in
493 3169 610 3240 Sedcm
634 3172 854 3261 Apostolicam
872 3173 963 3240 viras
980 3173 1162 3240 acerbitatis

45 3307 60 3342 «
83 3307 150 3352 suae
175 3284 365 3351 :adversus
390 3282 474 3350 hanc
501 3305 601 3372 quam
628 3283 731 3350 noscit
757 3283 939 3366 veritatem,
963 3282 1070 3371 inquit
1093 3283 1161 3372 (lus

46 3419 61 3456 «
83 3397 203 3477 eccles„
219 3401 303 3486 part.
320 3395 352 3475 3,
368 3411 396 3457 c.
417 3393 449 3476 4,
468 3412 501 3455 n.
522 3390 575 3478 16)
590 3388 804 3456 Isidorianam
822 3388 1043 3456 collectionem
1058 3389 1158 3478 perti-

46 3529 61 3566 a
82 3528 157 3575 nere
174 3506 339 3597 praecepere
354 3501 400 3570 ad
412 3499 683 3593 amplificandam
699 3497 792 3566 Sectis
808 3498 999 3588 Apostolicae
1012 3500 1156 3566 auctori-

44 3637 59 3675 t(
81 3629 194 3685 tutem.
221 3643 236 3680 a

86 3833 117 3893 it)
135 3835 195 3885 Haec
206 3833 354 3898 compilatio
367 3833 398 3882 ah
412 3830 505 3882 eodem
518 3825 729 3881 Pseudo-Isidoro
742 3823 861 3875 contecta
872 3825 918 3872 est.

85 3915 115 3976 ill
131 3919 229 3982 Nempe
242 3917 298 3966 Van
312 3915 426 3979 Espenii.
