3050 4946
543 483 626 528 runis
649 481 800 528 canorum.
1170 463 1232 536 liii

101 617 268 708 theutica,
284 645 358 714 quae
374 631 483 690 tamen
504 622 538 689 in
554 623 615 690 hoc
630 622 739 690 codice
755 644 820 689 non
836 622 957 690 fuerint
972 622 1071 692 relata
1088 647 1095 686 :
1115 628 1229 704 Porro,

98 731 141 796 si
152 729 225 798 ideo
236 753 301 798 non
316 753 379 798 esse
394 730 567 799 decretales
581 730 734 822 epistolas
751 728 938 822 priscomm
956 732 1154 822 Pontificum
1169 737 1233 801 lto-

102 861 292 906 manorum
315 837 538 907 admittendas
564 838 686 918 dicunt,
714 837 792 928 quia
817 838 852 904 in
865 837 972 906 codice
994 862 1159 908 cananum
1178 840 1234 930 (ita

98 948 289 1016 vocabatur
302 947 412 1016 Codex
425 947 623 1033 Hadrianus,
640 955 675 1015 ut
690 945 1013 1038 supraostendimns)
1033 971 1098 1016 non
1108 950 1233 1018 baboe-

102 1068 169 1122 tur
181 1054 364 1146 adscriptae,
381 1077 456 1145 erqo
471 1077 527 1123 nec
544 1055 695 1144 Greporii
707 1053 822 1134 sancti,
839 1075 896 1122 nce
912 1053 1011 1122 ultius
1025 1055 1161 1125 alterius
1176 1062 1235 1150 qui

102 1176 190 1231 ante
209 1163 261 1230 oel
273 1175 348 1255 post
371 1164 479 1256 ipsum
495 1164 574 1254 fuit,
594 1175 638 1230 est
654 1160 791 1252 aliquod
804 1161 993 1230 institutum
1007 1163 1059 1231 vel
1073 1165 1233 1255 scriptum

102 1270 346 1362 recipiendum,
373 1293 408 1338 eo
429 1270 518 1361 quod
542 1271 577 1338 in
598 1268 715 1338 Codice
736 1291 899 1336 canonum
913 1291 977 1336 nan
995 1270 1157 1339 habeatur
1172 1274 1233 1342 ad-

101 1381 312 1471 scriptum...
343 1380 411 1450 Sed
431 1403 534 1472 quare
553 1380 697 1448 multum
717 1379 943 1459 immoremur,
964 1401 1039 1446 cum
1062 1403 1118 1449 nec
1145 1383 1232 1474 ipsas

103 1490 240 1558 divinas
255 1491 445 1582 Scripturas
461 1490 547 1561 Noai
563 1502 594 1556 ct
612 1489 731 1556 Veteris
749 1487 943 1556 Testamenti
950 1489 1031 1579 jam
1044 1490 1230 1582 recipimus,

103 1601 140 1666 si
166 1601 242 1667 istos
268 1600 458 1668 duxerimus
485 1598 663 1668 audiendos
691 1598 845 1666 :etenim
869 1610 1024 1666 neutrum
1048 1601 1168 1669 borum
1197 1605 1232 1672 in
1286 1693 1290 1700 μ

109 1707 233 1777 Codice
248 1709 533 1778 ecclesiasticorum
546 1733 709 1778 canonum
722 1710 862 1778 liabetur
876 1710 1046 1780 insertum.
1064 1713 1114 1782 En
1126 1724 1229 1784 totum

105 1818 201 1908 quod
222 1819 296 1886 lecit
319 1819 468 1887 Nicolaus
484 1819 498 1885 Ι
517 1847 524 1886 :
541 1819 752 1909 exprobravit
773 1841 890 1909 nempe
910 1820 1047 1889 modum
1067 1824 1186 1912 agendi
1201 1835 1233 1892 et

104 1926 326 1995 ratiocinandi
347 1930 405 2018 qui
424 1937 493 1995 erat
511 1947 625 1996 revera
640 1926 843 2016 illegitimus.
861 1930 914 1994 An
929 1937 1039 1996 autem
1055 1930 1233 2001 affirmavit

107 2033 286 2102 decretales
300 2057 320 2101 a
333 2034 602 2103 Pseudo-Isidoro
616 2033 719 2102 editas
729 2057 798 2102 esse
814 2035 1036 2104 authenticas?
1050 2038 1097 2106 Ne
1108 2040 1233 2128 syllaba

106 2141 258 2233 quidem.
277 2145 330 2210 An
346 2145 414 2234 ipse
428 2165 483 2210 eas
496 2141 648 2232 allegavit
664 2141 794 2232 quando
810 2142 915 2210 fontes
929 2144 1013 2233 juris
1027 2146 1233 2217 ecclesiastici

109 2251 234 2340 pluries
260 2250 486 2319 enumeravit?
514 2251 703 2341 Nunquam.
736 2249 784 2316 De
812 2249 876 2316 illis
903 2259 1029 2318 tantum
1061 2254 1127 2342 egit
1154 2279 1230 2323 cnm

108 2359 214 2427 Gallis
240 2360 369 2449 quiens
390 2360 424 2426 iu
451 2383 511 2426 usu
535 2358 708 2443 habebant,
733 2380 787 2425 eas
811 2379 932 2446 urgens
955 2368 1110 2450 tanquam
1127 2386 1231 2452 orpu-

109 2481 273 2548 mcntum,
299 2477 333 2535 ut
356 2467 480 2553 dicunt,
504 2466 550 2534 ad
568 2465 746 2534 bominem.
764 2465 849 2537 Cum
870 2473 980 2534 autem
996 2491 1050 2536 eas
1063 2469 1132 2560 ipse
1148 2496 1230 2541 non-

109 2576 194 2643 dum
214 2575 291 2643 satis
310 2575 494 2666 exploratas
515 2573 658 2659 baberet,
675 2573 716 2641 ab
731 2573 863 2642 illarum
883 2583 955 2642 tum
969 2578 1142 2648 asserenda
1158 2588 1229 2649 tum

110 2683 262 2771 neganda
294 2682 533 2750 authenticitate
565 2681 743 2772 prudenter
776 2681 942 2748 abstinuit.
977 2683 1071 2752 Unde
1101 2711 1230 2756 merum

112 2789 323 2857 rneudncium
354 2797 400 2855 est
430 2810 529 2879 supra
557 2787 653 2855 citata
678 2785 865 2874 affirmatio,
896 2803 1031 2879 arqente
1060 2795 1231 2866 veliemen-

109 2897 234 2964 tissime
247 2896 390 2966 ¹llicolaa
406 2898 433 2982 1,
455 2895 674 2963 isidorianam
694 2893 835 2962 codicem
851 2919 871 2962 a
887 2908 958 2965 tota
974 2901 1119 2970 Ecclesia
1131 2905 1233 2992 fitisse

109 3017 291 3094 acceptum.

155 3112 249 3192 Quod
268 3115 441 3180 confitetur
462 3112 576 3202 etipse
598 3111 720 3179 Natalis
741 3113 941 3201 Alexander,
957 3116 1033 3186 licet
1046 3119 1231 3190 Gallicanus

109 3228 141 3286 et
170 3219 211 3286 ob
238 3219 461 3288 Gallicanismi
483 3219 534 3287 sui
558 3219 707 3308 vigorem
737 3220 854 3288 Romae
879 3222 1125 3294 condemnatus.
1150 3229 1231 3296 Dico

109 3329 232 3418 itaque,
260 3328 378 3419 inquit,
396 3326 583 3408 Nicolaum,
606 3341 764 3397 emuncta·
783 3329 874 3396 noris
895 3331 1004 3400 viram
1019 3346 1050 3400 et
1064 3334 1230 3404 cruditum

109 3437 313 3526 Pontificem,
330 3421 481 3528 epistolas
495 3447 639 3502 veterum
653 3437 861 3527 Pontificum,
874 3461 956 3528 quas
970 3441 1121 3530 opprime
1132 3467 1230 3511 nove-

107 3557 163 3612 rat
177 3543 401 3636 supposititias
418 3544 476 3634 (1),
491 3543 610 3612 directe
618 3544 882 3636 propuqnandas
895 3569 960 3613 non
975 3550 1155 3639 suscepisse,
1174 3553 1233 3621 sed

109 3655 174 3720 lzoc
185 3675 288 3719 utrum
302 3650 509 3734 contendisse,
526 3651 714 3722 Gallicanos
728 3653 895 3721 Antistites
918 3677 1033 3723 earum
1048 3661 1231 3728 auctorita·

110 3774 176 3829 tem
199 3761 356 3852 inefficaci
379 3761 507 3829 ratione
529 3761 694 3851 impetere.
719 3761 884 3830 Gallicani
899 3762 1062 3833 enimvero
1077 3767 1233 3859 Episcopi

141 4053 173 4112 tt)
192 4050 217 4100 Si
235 4050 351 4114 apprime
369 4048 546 4112 supposititias
561 4048 684 4108 novisset,
700 4048 859 4112 probabilius
877 4051 940 4100 ittud
957 4052 1123 4103 declarasset.
1145 4057 1232 4105 Potius

108 4129 309 4180 existimandum
330 4133 369 4178 est
390 4129 439 4192 ipsi
457 4129 573 4178 nondum
588 4129 648 4179 satis
661 4131 806 4192 exploratas
826 4129 913 4192 tuisse,
927 4135 952 4180 ct
966 4132 1025 4180 ideo
1038 4132 1070 4181 de
1083 4134 1139 4196 ipsa
1151 4149 1233 4200 quaes·

111 4215 181 4264 tione
195 4210 399 4264 authenticitatis
411 4210 532 4260 tacuisse.
