3064 4952
565 485 648 532 rums
670 486 822 534 cononici.
1188 467 1249 534 201

129 619 275 712 legitimi
296 622 387 692 luere
409 630 440 692 et
454 633 530 696 suut
543 625 709 694 substituti
721 649 742 695 a
756 633 868 696 sancta
883 625 966 697 Sede
981 627 1016 696 in
1032 624 1149 697 iisdem
1162 626 1252 696 dice-

130 729 260 798 ccsibns
286 738 442 823 pastores.
464 732 515 801 En
531 733 573 802 ad
597 757 672 826 qnae
689 755 843 804 errorum
857 743 1005 806 monstra
1018 733 1157 806 deducat
1170 733 1251 804 illud

129 838 284 928 gallicani
296 841 485 930 systematis
499 842 712 934 principium,
726 865 794 912 nou
806 843 952 935 obligare
961 865 1057 936 posse
1073 843 1156 935 tepet
1165 865 1252 936 pun·

130 947 264 1039 tificius,
278 947 345 1018 ua'sc'
357 947 399 1018 ab
411 950 583 1044 Epr'scopr's
596 963 815 1044 acceptentur.

577 1381 722 1452 CAPUT
744 1382 800 1450 Ill.

155 1646 280 1712 Potest,
305 1647 332 1693 Sl
355 1647 460 1711 vaur,
485 1647 630 1695 nonanus
653 1647 803 1694 comm
826 1648 950 1696 neamus
972 1648 1037 1696 suls
1059 1649 1226 1696 UNlVEllSOS

316 1761 428 1808 uonna
452 1761 568 1816 ABSQUE
590 1761 793 1810 nrtscorotturr
817 1763 1054 1810 scammonia.

172 2047 352 2117 Probatum
368 2049 566 2140 generaliter
578 2057 643 2140 eat,
661 2051 695 2119 in
711 2049 908 2142 precedenti
923 2050 1030 2143 capite
1045 2071 1110 2118 non
1124 2051 1249 2141 requiri

125 2155 323 2247 cujusquam
346 2158 611 2249 acceptationem,
636 2167 672 2227 ut
686 2158 776 2248 leges
795 2158 972 2251 pontificiae
986 2157 1143 2247 obligent,
1161 2157 1188 2225 si
1203 2157 1248 2225 ita

125 2263 216 2355 Papa
229 2262 326 2344 velit;
343 2272 375 2334 et
389 2264 450 2334 hoc
465 2265 536 2358 ipso
551 2265 726 2358 probatum
743 2274 902 2353 remanet,
921 2288 980 2335 nee
995 2263 1119 2356 requiri
1133 2285 1247 2355 accep-

125 2370 282 2438 tationem
302 2372 550 2464 Episcoporum.
574 2375 619 2441 At
634 2395 711 2442 vero
736 2374 770 2441 in
784 2372 982 2443 adstruendo
997 2371 1058 2442 hoc
1072 2378 1248 2462 systemate

124 2478 166 2546 de
180 2479 363 2548 necessaria
375 2479 613 2572 Episcoporum
627 2481 857 2573 acceptatione,
883 2481 957 2550 totis
971 2479 1099 2550 viribus
1112 2479 1246 2549 adlabo-

122 2596 282 2656 raverunt
302 2595 462 2680 quotquot
484 2598 603 2660 sanctae
619 2591 779 2660 Romane
795 2589 889 2660 Sedis
909 2588 1058 2660 divinam
1073 2590 1247 2658 auctorita-

123 2703 191 2762 tem
221 2695 413 2764 labefactare
439 2697 585 2788 aggressi
611 2706 705 2784 sunt3
735 2720 794 2766 nec
816 2696 924 2766 adhuc
950 2698 1077 2788 integre
1099 2696 1247 2766 eradica-

122 2811 198 2872 tum
220 2813 268 2872 cst
289 2803 389 2896 hujus
416 2827 528 2896 pravae
552 2804 709 2875 doctriuae
733 2804 1010 2875 schismatiierum
1025 2827 1182 2896 germem
1201 2806 1247 2874 ita

122 2910 213 3003 quod
232 2912 351 2980 nostris
376 2913 475 2981 etiam
499 2913 703 3006 temporibus
726 2912 861 3005 quidam
878 2915 985 3006 quise
1000 2914 1156 2983 catholice
1172 2938 1247 2984 san·

121 3019 187 3086 tire
210 3019 411 3090 arbitrantur
437 3027 470 3088 et
494 3019 642 3112 cupiunt,
661 3043 726 3090 non
741 3043 862 3112 parum
877 3020 978 3113 hujus
992 3023 1111 3091 veneni
1124 3046 1165 3092 ex
1184 3024 1245 3092 Fe-

120 3128 283 3198 broniano
306 3137 338 3198 et
361 3128 590 3212 Quesnclliano
613 3130 701 3199 lonte
722 3131 757 3198 in
781 3153 840 3200 sna
859 3133 979 3225 scripta
994 3131 1242 3202 transfuderim.

121 3235 198 3304 Non
224 3258 303 3327 ergo
323 3236 381 3305 abs
409 3259 444 3305 re
467 3238 540 3326 erit,
567 3238 662 3306 istam
687 3237 728 3308 de
749 3240 937 3310 necessitate
957 3241 1186 3332 acceptationis
1204 3242 1245 3309 ab

121 3344 292 3436 Episcopis
312 3344 508 3432 doctrinam,
533 3346 606 3415 licet
621 3346 656 3414 in
672 3348 869 3438 precedenti
883 3349 1019 3419 articulo
1038 3348 1244 3439 generalibus

120 3453 304 3522 rationibus
328 3452 526 3523 sufficienter
550 3455 733 3548 explosam,
760 3457 881 3527 iterum
905 3457 958 3526 hic
979 3457 1112 3549 speciali
1127 3455 1244 3548 proba-

122 3560 252 3630 tionum
268 3560 484 3654 applicatione
499 3561 616 3631 lalsam
632 3562 812 3632 ostendere.

165 3670 385 3738 Annuusormr
406 3671 432 3739 Ι.
456 3672 570 3740 -Ec
590 3670 811 3763 applicatione
825 3682 975 3740 testeum
1001 3693 1102 3740 sacre
1126 3673 1242 3764 Scrip-

120 3790 207 3846 tura·
220 3801 322 3871 supra
335 3779 528 3847 albatorum.
547 3817 591 3832 -
610 3805 626 3844 a
649 3779 821 3872 Nusquam
846 3776 993 3847 invenias
1007 3778 1066 3870 (ait
1080 3779 1240 3868 zaccaria,

123 3913 140 3950 c
168 3885 410 3978 Antifcdrouius
437 3885 632 3968 vindicatus,
662 3895 686 3955 t.
708 3887 767 3971 lll,
792 3885 869 3955 diss.
895 3889 927 3976 6,
945 3909 973 3954 c.
999 3889 1031 3974 3,
1049 3909 1082 3978 p.
1101 3891 1140 3954 67
1161 3887 1238 3957 edit.

122 4021 140 4058 a
164 3993 324 4076 Caesenae,
344 3993 441 4084 1771)
461 4016 482 4062 a
507 3993 637 4063 Christo
650 3995 721 4062 vim
741 3993 866 4084 ligandi
883 3994 983 4064 luime
996 3994 1093 4064 Petro
1106 3995 1240 4086 ejusque

123 4127 141 4166 a
164 4102 408 4172 successoribus
418 4100 571 4170 traditam
585 4101 821 4172 eaconditione
829 4112 866 4173 ut
875 4103 1025 4197 Episcopi
1038 4102 1240 4174 adsentiren-

124 4235 142 4274 α
166 4218 230 4279 tur.
248 4209 345 4279 Petro
358 4209 570 4301 privilegium
585 4210 734 4280 Christus
748 4210 837 4281 dedit
851 4211 1156 4284 confirmandorum
1172 4212 1241 4282 fra-
