3042 4946
551 473 651 540 'ionis
674 475 825 521 canonici.
1196 455 1256 523 555

134 609 272 680 Consilii
289 611 488 680 Arelatensis
502 613 579 680 anni
598 617 673 701 455,
691 616 724 682 in
742 639 806 708 qno
822 617 869 684 sic
885 623 1041 687 statutum
1056 616 1162 686 iuerat
1179 639 1257 706 erga

133 719 306 789 Lirinensis
322 721 554 790 monasterium
570 750 577 791 :
592 725 784 794 Monastuii
801 726 907 794 omnis
919 727 1005 795 laica
1021 725 1198 794 multitudo
1212 724 1258 792 ad

133 850 253 896 caeram
266 827 582 921 Ablatispertineat‚
598 853 700 922 neque
710 855 751 900 ea
763 855 800 900 ea
812 832 875 900 sihi
885 833 1065 925 Episcopus
1077 833 1257 926 quidquam

133 937 289 1020 vindicet,
310 949 371 1006 aut
394 938 539 1030 aliquem
564 962 605 1006 ec
625 940 683 1008 illa
707 941 870 1022 clericum,
893 942 958 1009 nisi
977 941 1100 1010 Abbate
1116 953 1254 1033 petente,
1329 1009 1334 1034 Ι

134 1046 292 1114 ordinare
312 1060 536 1139 prasumat...
562 1048 664 1116 Laica
686 1071 760 1116 vero
782 1049 888 1118 onmis
910 1049 1102 1117 monasterii
1122 1070 1258 1139 conqrc-

131 1157 227 1247 potia
253 1157 299 1226 ad
317 1157 423 1226 solam
449 1181 488 1226 ac
514 1158 651 1227 liberam
676 1159 811 1228 abactis
831 1159 963 1253 proprii
985 1181 1080 1251 quem
1104 1157 1256 1250 sibiipsa

133 1267 276 1357 eleqerit.
309 1266 552 1336 ordinationem
579 1269 885 1362 dispositionemque
911 1269 1088 1361 pertineat.
1119 1268 1255 1336 Lectum

132 1375 198 1442 fuit
224 1375 389 1446 decretum
421 1376 508 1445 istud
538 1378 572 1444 in
604 1378 750 1448 Concilio
787 1377 1036 1468 Carthaginensi
1066 1377 1144 1444 anni
1178 1379 1251 1442 525.

137 1481 272 1573 (Lahhe,
289 1491 313 1550 t.
330 1483 390 1572 IV,
407 1484 468 1552 col.
489 1485 600 1574 1024.)
617 1485 759 1553 —Hinc
776 1485 886 1554 videre
906 1492 955 1552 est
972 1492 1131 1576 quantum
1147 1489 1257 1552 errent

132 1591 193 1682 qai
220 1592 442 1683 exemptiones
469 1593 697 1683 religiosarum
727 1593 866 1662 abusum
893 1615 1006 1661 recens
1032 1592 1255 1660 introductum

134 1697 296 1769 dictitant.

180 1810 230 1878 Ex
257 1810 362 1880 trihus
389 1811 566 1903 praemissis
599 1811 876 1905 propositionibus
902 1817 1027 1879 constat
1055 1807 1256 1902 jurisdictio-

133 1941 210 1986 nem
234 1919 468 2012 Episcopcrum
495 1941 601 2011 posse,
617 1928 649 1988 et
670 1920 776 2013 quoad
801 1920 883 2006 loca,
900 1927 931 1988 et
956 1919 1064 2012 quoad
1091 1917 1253 2000 materias,

133 2037 166 2096 et
187 2027 294 2120 quoad
318 2049 473 2120 personas
497 2029 587 2097 varie
613 2028 836 2110 determinari,
860 2028 992 2113 mutari,
1015 2025 1160 2114 extendi,
1186 2047 1256 2093 res-

133 2137 249 2227 iringi.

669 2323 724 2392 [Il.

182 2513 286 2564 Certum
303 2516 341 2564 eat
357 2517 509 2578 potestatem
526 2511 625 2562 ordinis
642 2511 718 2562 etiam
735 2509 890 2575 episcopalis
906 2511 973 2560 stare
991 2522 1067 2576 posse
1084 2507 1139 2559 sine
1158 2507 1208 2558 ulla

598 2592 791 2656 jurisdictione.

180 2790 204 2855 1.
223 2789 367 2858 Probent
390 2797 600 2856 monumenta
622 2788 834 2879 antiquitatis.
852 2787 964 2876 Magni
977 2785 1115 2856 Consilii
1128 2785 1254 2855 Nicaeni

134 2907 279 2988 tempore
299 2897 439 2965 occurrit
457 2896 644 2987 exemplum
667 2893 818 2987 Episcopi
839 2893 929 2961 omni
945 2892 1172 2984 jurisdictione
1197 2915 1253 2960 ca-

93 3087 96 3092 *
135 3005 247 3092 rantis,
269 3013 300 3071 ct
322 3004 379 3096 qni
403 3003 616 3072 nihilominus
642 3026 708 3070 non
734 3011 860 3070 tantam
887 3001 1106 3070 characterem
1130 3001 1255 3092 episco-

135 3114 253 3206 palem,
278 3113 334 3204 qni
359 3112 428 3180 tolli
452 3135 517 3181 non
545 3121 660 3204 potest,
684 3113 838 3198 servavit,
861 3111 916 3180 sed
944 3112 1039 3180 etiam
1064 3110 1252 3200 dignitatem

136 3229 166 3292 et
179 3222 336 3290 honorem
352 3220 542 3312 episcopalis
558 3220 693 3288 ordinis.
711 3220 765 3288 Sic
780 3220 867 3288 enim
884 3219 924 3287 dc
937 3218 1067 3288 Meletio
1078 3216 1254 3287 Thebaidae

136 3329 293 3422 Episcopo
317 3326 455 3396 habetur
478 3327 511 3394 in
533 3328 681 3418 synodali
708 3327 992 3397 Concilii'Nicaeni
1009 3327 1055 3410 ⁸ad
1081 3325 1256 3417 Episcopos

138 3437 272 3530 AEgypti
297 3435 443 3527 epistola,
462 3457 561 3527 quam
583 3433 683 3504 refert
705 3434 928 3503 Theodoreus
944 3434 1041 3525 (Hist.
1068 3435 1157 3516 eccl,
1177 3433 1199 3501 l.
1222 3437 1252 3518 1,

136 3569 205 3638 cap.
225 3545 257 3636 8)
275 3571 283 3612 :
300 3555 425 3611 restant
445 3555 557 3611 autem
574 3565 646 3634 quae
660 3542 707 3610 ad
719 3541 842 3610 Meletii
858 3541 1085 3632 petulantiam
1099 3542 1141 3610 ab
1157 3563 1256 3632 eaque

136 3653 303 3722 ordinatos
318 3663 476 3743 spectant.
493 3655 542 3718 Dc
555 3651 606 3718 his
619 3650 719 3718 etiam
735 3649 817 3741 quid
831 3649 983 3736 statuerit
996 3648 1150 3740 synodus,
1167 3649 1256 3716 cobis
1351 3677 1357 3707 ι

134 3763 365 3853 siqnificamus,
394 3761 515 3850 fratres
545 3759 755 3828 dilectissimi.
789 3759 920 3827 Placuit
950 3781 1038 3849 erqo,
1067 3759 1256 3826 clementius

137 3872 167 3938 ia
190 3869 285 3938 illum
312 3879 427 3958 aqcnte
452 3865 577 3958 synodo
598 3868 690 3957 (nam
712 3889 842 3954 sumum
862 3868 944 3957 jure
968 3866 1096 3933 nullam
1120 3889 1256 3957 prorsus

136 3979 265 4046 aeciam
290 3976 503 4066 merebatur),
530 3997 662 4042 manere
690 3974 859 4044 Melctium
882 3975 918 4042 in
938 3975 1080 4066 proprio
1109 3974 1251 4056 civitate,

138 4085 326 4176 nullamque
346 4083 479 4152 omnino
499 4083 617 4152 habere
638 4094 846 4174 patestatem,
864 4104 966 4173 neque
987 4080 1137 4172 oliqendi,
1154 4105 1256 4174 nequo

139 4192 323 4272 ordinandi,
352 4215 455 4284 nequo
484 4193 546 4260 hac
571 4191 610 4260 dc
634 4214 733 4260 causa
758 4191 792 4258 in
819 4191 983 4281 reqioncm
1010 4190 1063 4258 oel
1087 4188 1254 4260 civitatem
