3042 4946
235 427 296 494 572
588 452 763 500 rnncrxrus
786 455 824 498 nu
847 452 1001 498 rnrscrrus

232 612 264 658 se
279 589 474 682 lepitimore,
494 591 526 659 id
539 600 599 680 est,
610 592 766 662 exhibere
775 593 949 683 originales
959 592 1083 660 litteras
1095 613 1163 661 suae
1174 591 1360 683 delegatioss

231 698 294 766 nis.
316 699 433 781 Tertio,
451 700 600 792 superior
622 700 806 770 ordinarius
827 709 931 793 potest
950 699 1143 769 sententiam
1158 722 1177 767 a
1194 722 1227 768 se
1246 699 1359 769 latam

231 807 378 898 exsequi.
400 807 553 896 Econtra,
582 831 623 876 an
650 808 816 900 delegatus
840 809 916 900 (nisi
941 809 984 876 sit
1011 805 1177 899 delegatus
1202 830 1219 875 a
1247 807 1356 901 Papa)

231 914 332 1005 possit
346 916 481 1008 exsequi
495 938 589 986 suam
604 917 812 1003 sententiam,
825 915 1088 986 controvertitur.
1103 916 1150 984 lla
1161 939 1227 1008 quc
1239 939 1352 1008 qums-

231 1020 317 1090 tione
348 1021 419 1092 haec
447 1035 579 1094 annotat
611 1025 824 1094 Reillonstuel
851 1051 858 1092 :
890 1023 1096 1117 «Imprimis
1124 1031 1249 1092 certum
1277 1032 1349 1109 est,

233 1155 250 1194 n
273 1131 361 1222 quod
373 1133 539 1224 delegatus
555 1135 652 1228 Papae
670 1134 770 1226 possit
780 1156 837 1226 per
849 1134 994 1227 seipsum
1006 1133 1140 1225 exsequi
1152 1132 1349 1201 seutentiam

236 1261 293 1306 ca
319 1261 353 1308 so
374 1239 488 1328 latam,
510 1242 574 1311 nisi
599 1243 691 1312 malit
715 1265 787 1312 eam
810 1242 913 1335 judici
938 1239 1105 1312 ordinario
1135 1239 1344 1310 demandare.

235 1372 252 1410 o
275 1346 398 1417 Deinde
422 1351 521 1419 etiam
535 1351 591 1419 alii
606 1351 735 1443 jndices
749 1351 897 1442 delegati,
919 1359 993 1420 ante
1008 1349 1177 1419 sententis
1193 1348 1348 1441 prolatio-

236 1481 252 1520 «
277 1479 366 1545 nem,
392 1480 458 1528 non
475 1458 583 1529 solum
605 1470 740 1552 possunt
761 1469 868 1553 portes
889 1460 1000 1547 citare,
1025 1457 1082 1528 sed
1107 1459 1205 1527 etiarn
1231 1466 1347 1528 contu-

235 1589 252 1627 «
277 1587 383 1633 maces
403 1567 531 1658 punire.
556 1567 640 1636 Nam
657 1568 788 1661 quando
799 1566 984 1659 jurisdictio
998 1567 1074 1636 dats
1087 1574 1148 1653 est,
1165 1589 1203 1635 en
1218 1589 1347 1658 quoquc

235 1699 251 1736 «
274 1694 424 1742 concessa
436 1697 506 1742 asse
522 1674 673 1744 videntur
687 1677 755 1746 sine
772 1675 892 1769 quibus
909 1674 1095 1768 jurisdictio
1109 1673 1265 1766 explionri
1279 1696 1348 1742 nou

234 1808 250 1843 n
274 1789 418 1872 potest...
448 1783 594 1852 Tandem
614 1785 692 1854 satis
708 1784 916 1876 probabiliter
936 1783 999 1852 dici
1020 1790 1123 1876 potest
1138 1781 1238 1875 quod,
1256 1805 1347 1874 spoc-

235 1915 251 1952 n
276 1895 339 1956 tato
360 1889 435 1980 jure
453 1891 620 1978 canonico,
642 1893 739 1961 etiam
763 1891 929 1982 delegatus
951 1891 1115 1961 interioris
1133 1889 1233 1980 possit
1252 1911 1346 1956 suom

235 2023 251 2060 n
273 1999 465 2068 seutentiam
483 2001 631 2094 exsequi,
654 2000 786 2093 quaudo
808 2000 961 2091 delegans
975 1998 1113 2068 habebnt
1127 1997 1223 2066 talem
1239 2005 1347 2089 potes·

232 2132 249 2171 c
274 2115 370 2176 tatem
394 2107 605 2201 exsequendi,
631 2108 699 2178 sire
723 2108 807 2178 hunc
831 2108 935 2176 eidem
962 2129 1113 2199 expresse
1139 2105 1345 2190 concesserit,

234 2241 251 2277 n
275 2214 342 2284 sive
368 2239 451 2304 uon,
477 2217 642 2309 quiajam
664 2215 840 2286 accessorio
862 2213 992 2284 videtur
1005 2213 1179 2284 concedi.»
1203 2216 1343 2298 Quarto,

227 2321 412 2411 jurisdictio
449 2324 615 2394 ordinaria
649 2345 714 2394 non
750 2323 970 2413 exstinguitur
1004 2330 1107 2392 morte
1140 2319 1348 2390 concedentis

230 2427 339 2517 (modo
353 2431 536 2524 excipiatur
548 2431 733 2524 jurisdictio
751 2430 864 2500 vicarii
880 2430 1039 2520 generalis
1054 2428 1215 2521 Episcopi)
1228 2457 1234 2508 ;
1247 2451 1345 2496 econ-

228 2543 279 2604 tra
301 2535 485 2627 jurisdictio
510 2539 657 2630 delegata
682 2538 838 2630 exspirat,
862 2537 888 2604 si
914 2537 1080 2629 delegans,
1103 2559 1138 2605 re
1153 2535 1291 2626 integra,
1309 2535 1346 2602 id

227 2655 287 2734 est,
312 2669 464 2738 processu
484 2647 630 2718 nondum
644 2649 796 2740 inooepto,
823 2647 991 2715 moriatur.
1016 2646 1145 2715 Dictum
1168 2652 1227 2732 est,
1246 2643 1344 2712 modo

229 2756 414 2848 excipiatur
430 2758 620 2850 jurisdictio
643 2757 759 2827 vicarii
773 2757 934 2848 pomerolis
957 2755 1124 2848 Episcopi,
1151 2755 1229 2847 quia
1252 2775 1344 2821 enm·

227 2861 301 2932 dem
324 2885 398 2933 cum
424 2866 582 2959 Episcopo
603 2865 861 2958 jurisdictionem
883 2864 979 2933 habet
999 2863 1148 2956 idemque
1176 2861 1340 2940 tribunal;

226 2969 314 3040 unde
330 2980 470 3060 mortuo,
492 2974 543 3043 vel
560 2973 728 3062 translato,
753 2975 804 3044 vel
821 2996 979 3065 suspenso
994 2972 1166 3064 Episcopo,
1183 2970 1266 3063 perit
1279 2970 1341 3040 hoc

195 3087 197 3090 ’
225 3077 295 3170 ipso
312 3077 496 3169 jurisdictio
515 3081 676 3170 generalis
703 3082 828 3170 vicarii,
845 3080 918 3150 licet
932 3081 1096 3150 ordinaria
1107 3080 1148 3148 sit
1165 3085 1273 3170 utpote
1289 3078 1339 3170 ip-

224 3189 292 3257 sius
319 3189 458 3259 officina
476 3191 550 3282 jure
574 3191 715 3282 alligata.
749 3192 883 3276 Quinto,
898 3213 900 3216 ’
906 3190 1089 3282 jurisdictio
1103 3187 1267 3259 ordinaria
1292 3196 1342 3256 est

225 3295 425 3384 favorabilis,
446 3297 592 3389 delegata
606 3321 696 3386 vero,
720 3306 830 3391 utpote
844 3297 1019 3368 ordiuariae
1036 3297 1209 3388 derogans,
1225 3317 1341 3364 cense-

225 3410 279 3472 tur
294 3403 417 3494 odioso,
441 3405 527 3475 uude
545 3415 593 3474 cst
611 3406 717 3475 stricte
732 3405 984 3497 interpretanda.
1003 3405 1088 3474 Hinc
1101 3405 1247 3498 sequitur
1262 3425 1342 3497 pro-

223 3512 333 3602 rogari
371 3512 502 3605 quidem
547 3536 640 3606 posse
670 3512 881 3592 ordinarium,
924 3536 989 3581 non
1028 3533 1105 3581 vero
1144 3511 1339 3602 delegatam,

223 3619 350 3688 etiamsi
365 3620 568 3690 consentiant
582 3629 699 3713 partes.
722 3623 837 3703 Sesto,
857 3621 918 3689 suh
932 3619 1146 3713 appellatione
1162 3619 1341 3710 moqistro-

223 3739 275 3797 tns
289 3729 378 3800 veuit
388 3729 573 3821 jurisdictio
587 3730 764 3817 ordinaris,
782 3753 848 3800 nou
864 3752 940 3798 vcro
957 3728 1114 3818 delegata.
