3050 4946
243 451 304 520 460
595 481 769 527 cancarrus
793 481 830 526 nc
854 481 1007 528 rnrncuus

242 617 375 684 missam
401 627 432 685 ct
457 620 638 709 probatam,
665 629 700 688 ut
728 622 762 689 in
787 623 977 692 tractatibus
998 623 1038 690 de
1063 623 1204 690 Ecclesia
1229 619 1361 714 probari

242 723 334 792 solet.
351 726 438 814 Ergo
453 725 624 818 disciplina
638 751 737 819 quam
754 731 909 798 exhibent
929 731 1046 799 Isidori
1062 741 1093 798 et
1106 731 1253 799 Gratiani
1267 733 1364 800 codi-

242 855 306 914 ces,
323 843 432 926 utpote
447 835 488 904 ab
502 837 655 904 universa
671 839 811 907 Ecclesia
829 840 977 930 proheta,
988 847 1020 906 et
1032 839 1065 906 in
1079 840 1207 932 praxim
1224 840 1363 907 unirer-

242 941 342 1010 salem
365 943 405 1010 de
429 944 511 1012 iacto
527 945 671 1032 inducta,
689 949 730 1015 ab
752 949 842 1016 omni
860 948 931 1014 viro
951 948 1109 1016 catholico
1124 947 1218 1014 dehet
1232 947 1362 1015 admitti

241 1059 279 1118 ut
304 1053 390 1120 hona
412 1063 443 1120 et
469 1054 650 1122 laudabilis.
679 1055 742 1124 Sed
769 1057 854 1124 bona
877 1065 910 1124 et
933 1055 1105 1124 laudabilis
1133 1077 1198 1123 non
1221 1065 1315 1138 esset,
1331 1056 1362 1122 si

242 1159 419 1247 genuinam
434 1169 466 1229 et
488 1162 687 1230 retinendam
704 1164 822 1230 veteris
841 1162 991 1230 Ecclesim
1011 1163 1214 1255 disciplinam
1235 1163 1363 1230 imatu-

241 1275 350 1354 tasset‚
361 1268 388 1336 si
400 1270 455 1360 jus
468 1271 692 1338 Romanorum
710 1269 904 1338 Pontificum
917 1270 1003 1338 ultra
1016 1269 1137 1337 limites
1148 1269 1359 1354 extendisset,

243 1375 272 1440 si
283 1375 359 1465 jura
375 1377 565 1468 Episcorum
587 1389 617 1446 et
639 1379 853 1447 conciliorum
872 1378 1120 1470 provincialium
1135 1379 1314 1464 evertisset,
1331 1379 1360 1446 si

242 1483 291 1550 rei
304 1483 527 1552 ecclesiasticae
546 1485 676 1554 exitiale
691 1486 822 1569 vulnus,
840 1493 874 1553 ut
888 1485 992 1570 aiunt,
1009 1486 1186 1562 intulisset;
1203 1507 1281 1574 ergo
1304 1485 1362 1552 illa

242 1590 352 1658 omnia
368 1591 454 1659 mala
468 1615 527 1681 per
539 1593 634 1661 tabas
646 1593 820 1662 decretales
836 1593 961 1662 inrecta
973 1593 1057 1660 nihil
1068 1592 1156 1660 aliud
1170 1605 1247 1660 sunt
1260 1615 1360 1684 quam

243 1698 410 1787 figmenta,
437 1700 472 1766 in
503 1711 646 1769 sanctam
681 1711 712 1768 et
738 1725 757 1769 a
785 1701 918 1770 Christo
948 1699 1178 1769 infallibilitate
1207 1701 1359 1768 donatam

243 1806 417 1876 Ecclesiam
442 1831 576 1900 prorsus
599 1811 769 1901 injuriosa,
791 1819 823 1877 et
845 1810 887 1877 ab
912 1809 1087 1878 hereticali
1112 1810 1175 1877 isto
1199 1809 1360 1900 principio

241 1916 396 2004 prolecta,
413 1917 501 2008 quod
515 1939 624 1986 errare
643 1918 743 2010 possit
759 1918 900 1985 Ecclesia
923 1917 1103 1986 doctrinam
1126 1917 1265 2008 aliquam
1282 1941 1359 2008 pro·

241 2022 363 2111 hendo,
378 2033 435 2092 aut
454 2026 618 2108 sectando,
636 2025 888 2118 proponendove
904 2033 936 2092 et
950 2023 1357 2116 recipiendodisciplinam

240 2129 383 2224 aliquam
396 2135 625 2205 universalem.

286 2239 427 2310 Videant
441 2243 498 2334 qui
512 2252 577 2312 tam
595 2244 734 2328 incaute,
753 2250 823 2333 post
837 2243 972 2332 Fleury,
988 2241 1141 2324 Quesnel,
1158 2241 1231 2307 Van
1251 2239 1357 2330 Espen

242 2357 273 2414 et
294 2348 474 2418 istiusmodi
498 2351 579 2419 alios
594 2360 770 2420 venenatos
794 2359 955 2436 auctores,
974 2349 1013 2416 de
1036 2347 1207 2437 disciplina
1228 2369 1248 2415 a
1269 2346 1358 2413 falsis

240 2455 453 2526 decretalibus
485 2459 669 2527 introducta
705 2457 940 2542 lamentantur,
972 2478 1014 2524 an
1045 2455 1190 2547 profiteri
1218 2454 1358 2521 audeant

241 2565 406 2634 lallihilem
428 2567 602 2636 Ecclesiam
620 2569 654 2635 in
671 2567 850 2659 disciplinis
867 2566 1118 2636 universalibus.

284 2676 446 2747 Caeterum
463 2679 613 2770 probavit
626 2679 757 2770 quidem
775 2679 919 2748 Ecclesia
933 2677 1136 2769 disciplinam
1149 2675 1244 2768 juxta
1258 2701 1355 2769 quarn

240 2784 384 2854 lsidorus
412 2787 556 2878 scripsit;
586 2786 625 2854 de
654 2786 897 2856 authenticitate
932 2793 1039 2854 autem
1070 2792 1355 2853 monumentorum

239 2892 279 2960 ab
300 2894 370 2985 ipsu
392 2893 606 2963 adductorum
631 2894 757 2962 nullum
784 2895 946 2986 judicium
970 2893 1055 2961 tulit.
1078 2893 1200 2960 Omnes
1221 2890 1354 2982 quidem

238 2999 357 3067 scholae
373 3001 538 3070 catholicae
561 3011 770 3070 monumenta
787 3002 842 3069 illa
858 3011 894 3069 ut
916 3003 1060 3092 genuina
1079 3000 1282 3084 hahuerunt;
1299 2999 1355 3066 sed

237 3106 419 3174 infallibilis
443 3130 506 3176 non
533 3119 581 3176 est
611 3110 778 3177 unanimis
810 3109 995 3177 scholarum
1026 3131 1203 3175 consensus
1230 3107 1293 3174 nisi
1321 3107 1354 3172 in

236 3215 383 3283 doctrina
407 3239 504 3306 quam
532 3217 729 3285 unanimiter
752 3227 874 3302 tenent,
900 3239 965 3286 non
988 3226 1096 3285 autem
1121 3215 1228 3307 quoad
1255 3237 1352 3303 argu-

236 3333 346 3393 menta
361 3334 393 3393 et
413 3326 494 3393 facta
515 3327 550 3393 in
572 3327 794 3416 probationem
817 3327 967 3394 adducta.
986 3325 1034 3393 Ne
1049 3335 1136 3392 erret
1151 3325 1185 3390 in
1207 3324 1356 3391 doctrina

236 3432 403 3500 unanimis
425 3433 608 3502 scholarum
632 3455 821 3518 consensus,
838 3433 950 3500 debuit
968 3433 1055 3499 Dens
1076 3431 1263 3521 pmvidere,
1279 3431 1357 3522 quia

234 3539 378 3631 alioquin
401 3551 524 3608 erraret
547 3543 616 3632 ipsa
641 3541 798 3626 Ecclesia3
823 3539 910 3632 quod
930 3549 1037 3608 autem
1059 3537 1240 3605 infallibilis
1258 3539 1355 3606 etiam

235 3650 276 3717 sit
291 3651 325 3716 in
341 3649 494 3718 adhibitis
513 3649 770 3741 probationibus,
786 3673 914 3718 necesse
931 3656 1077 3717 nonest:
1095 3645 1182 3738 quod
1201 3647 1356 3738 praeclara

233 3757 384 3846 exposuit
400 3755 556 3824 Melchior
572 3758 660 3824 Cano
679 3757 737 3842 (lle
755 3757 834 3824 loeis
850 3757 1064 3845 theologicis).

279 3864 415 3932 Veneno
440 3863 535 3954 plena
559 3873 636 3932 sunt
661 3863 718 3931 illa
745 3864 865 3955 ubique
896 3865 1095 3931 recurrentia
1123 3865 1163 3931 de
1190 3865 1356 3954 prioribus

232 3971 383 4040 Ecclesiae
419 3971 550 4038 saeculis
585 3972 765 4062 praeconia,
797 3971 917 4062 quihus
954 3973 1169 4062 impugnatur
1198 3971 1355 4040 indirecte

233 4087 388 4168 tanquam
412 4078 555 4167 lugenda
577 4079 713 4169 dejectio
735 4079 895 4170 posterior
910 4079 1057 4169 ejusdem
1080 4079 1232 4147 Ecclesiae
1253 4079 1356 4146 disci-

232 4185 335 4277 plina,
363 4187 456 4276 quasi
484 4185 628 4253 fluminis
653 4184 742 4252 illius
770 4185 884 4254 vitales
911 4185 1009 4253 undar
1040 4189 1164 4278 possint
1191 4209 1351 4278 uuquam,
