3072 4948
316 457 378 524 tot
669 476 845 524 1116111116
867 475 906 522 66
928 473 1082 523 rumonus

321 649 338 688 1
360 620 534 713 incipiente
552 620 744 689 6666611116
760 625 858 702 occ,
874 641 951 711 quac
965 619 1077 688 omnia
1090 613 1190 685 simul
1203 613 1353 706 ejusdem
1368 611 1440 702 Sy-

322 755 339 794 1
362 727 440 797 6661
459 728 565 819 capito
582 727 820 819 complectitur,
840 728 951 797 irritas
969 749 1007 796 66
1021 726 1135 794 inanes
1147 722 1277 792 1616166
1291 719 1442 789 6661116-

321 863 338 904 1
361 837 445 906 verit
465 835 720 920 comtetudincs,
745 859 819 928 quaa
842 838 925 928 lepos
945 836 1075 927 aliquos
1097 835 1133 901 ia
1147 831 1262 900 iisdem
1276 827 1445 922 capitidw

320 971 338 1010 1
361 955 527 1012 contentas
542 943 675 1012 violent.
694 971 711 1008 1
737 943 875 1036 (Relatio
890 943 1067 1028 6661616111,
1084 942 1119 1009 16
1135 938 1316 1009 Tarentina
1327 957 1442 1020 66666,

317 1055 359 1120 26
376 1051 532 1120 februarii
550 1053 648 1137 1826,
666 1053 701 1119 16
719 1051 982 1142 congregatione
997 1049 1136 1120 Concilii
1151 1046 1331 1140 proposito,
1354 1043 1445 1112 The·

318 1184 434 1232 ssurus
448 1160 598 1247 resolut,
616 1169 640 1230 t.
659 1165 713 1247 86,
730 1183 763 1253 6.
784 1162 853 1252 19.)

366 1272 544 1363 «Insuper
569 1271 818 1362 ponderandum
845 1280 893 1340 est
918 1271 1045 1341 6611661
1072 1277 1185 1339 666116
1209 1263 1446 1336 'tridentinum

323 1407 340 1446 c
363 1379 434 1448 6611
456 1376 737 1464 consuetudinem,
759 1388 797 1446 nt
815 1379 908 1448 docet
928 1377 1128 1446 clarissimus
1143 1373 1259 1444 Devoti
1273 1373 1309 1440 in
1323 1369 1447 1440 Prole·

324 1513 342 1554 1
364 1485 512 1576 gomenis
531 1483 572 1553 ad
590 1485 645 1577 jus
664 1508 751 1573 166,
768 1509 839 1576 cap.
858 1490 912 1572 16,
928 1485 950 1577 ξ
965 1489 996 1572 6,
1016 1492 1039 1552 1.
1059 1489 1088 1569 1,
1106 1507 1138 1575 p.
1157 1485 1220 1550 326
1235 1508 1252 1546 1)
1282 1480 1329 1571 (in
1343 1501 1447 1546 causa

320 1591 509 1676 Bovinensi,
526 1594 567 1658 27
585 1591 662 1658 16611
680 1594 776 1678 1826,
795 1590 996 1677 Thesaurus,
1012 1600 1037 1659 t.
1056 1595 1110 1677 86,
1128 1612 1162 1681 p.
1183 1589 1271 1678 163).

368 1698 551 1768 «Maxime
581 1720 657 1767 cum
684 1708 801 1789 agatur
831 1699 872 1768 de
899 1696 1133 1768 consuetudine
1159 1697 1344 1765 introducta
1372 1701 1446 1784 post

323 1833 341 1872 1
365 1805 614 1893 Tridentium,
630 1805 724 1898 cujus
738 1808 920 1876 sanctiones
934 1807 1143 1876 confirmavit
1154 1805 1234 1874 Pius
1245 1804 1292 1872 1v
1303 1805 1339 1870 in
1353 1801 1447 1870 bulla

326 1941 344 1980 11
366 1911 557 1982 Benedictus
573 1917 670 1995 Deus,
690 1937 765 2005 quae
781 1913 947 1983 decretum
963 1915 1096 1984 irritans
1114 1923 1146 1981 61
1160 1911 1340 1980 clausulam
1355 1911 1447 1977 Sut-

325 2049 343 2087 1
365 2023 436 2091 lota
457 2043 525 2112 prae
545 2045 579 2090 66
597 2022 680 2109 1611,
702 2045 745 2091 cx
759 2021 880 2114 1611666
895 2023 1073 2114 impeditur
1089 2045 1128 2092 ne
1143 2019 1290 2109 legitima
1303 2039 1448 2086 consue-

325 2157 342 2196 1
367 2128 445 2198 1666
477 2138 591 2199 contra
617 2129 827 2199 Tridentinus
859 2131 1040 2198 sanctiones
1074 2128 1255 2198 6661666616
1285 2125 1445 2216 66166111,

327 2266 344 2306 a
367 2248 497 2308 auctore
513 2237 680 2329 Fagnano.
702 2265 718 2304 a
748 2239 947 2329 (Thesaurus
965 2240 1114 2322 rcsolut.‚
1138 2253 1162 2305 t.
1181 2241 1235 2323 79,
1253 2259 1287 2326 p.
1304 2239 1385 2322 212,
1402 2273 1446 2286 -

323 2350 358 2415 16
374 2369 473 2416 causa
487 2347 657 2432 Amerina,
676 2351 715 2413 16
731 2347 926 2438 septembris
942 2349 1053 2435 1868.)

369 2455 410 2522 11.
437 2455 590 2522 Auctores
612 2454 780 2522 6611166116
803 2455 970 2546 opposita.
989 2491 1034 2506 -
1046 2453 1229 2520 Fatendum
1248 2460 1297 2519 661
1316 2459 1447 2520 exstare

324 2563 469 2630 doctores
491 2560 618 2652 aliquos
641 2561 698 2652 qui
719 2570 893 2630 1166166166
907 2561 1122 2654 quaestionem
1138 2560 1235 2628 ctiam
1249 2559 1284 2626 16
1301 2559 1447 2651 particu-

324 2669 387 2736 lari
405 2654 514 2760 quoad
532 2668 658 2736 decreta
670 2668 873 2755 Tridentino,
892 2669 1089 2737 contrariam
1104 2666 1296 2734 sententiam
1312 2674 1445 2749 tonent;

327 2775 415 2868 quod
429 2774 507 2842 satis
519 2773 621 2864 liquet
635 2797 676 2843 cx
693 2776 904 2866 sequentibus
919 2775 1029 2845 verbis
1041 2774 1149 2842 Patris
1159 2774 1292 2844 tecuitae
1306 2773 1379 2842 Soll
1396 2801 1404 2840 :

376 2909 394 2948 1
414 2883 499 2952 Cum
521 2881 561 2948 de
584 2881 683 2973 hujus
705 2885 788 2952 sacri
811 2885 940 2953 concilii
962 2885 1087 2976 (nempe
1102 2882 1294 2971 7116661161)
1309 2883 1451 2950 decretis

332 3019 350 3058 1
372 2991 560 3083 frequenter
587 2990 766 3060 admodum
796 2991 917 3060 mentio
943 2991 1076 3076 incidat,
1104 2989 1196 3058 liceat
1225 2990 1277 3058 hic
1304 2989 1451 3058 breviter

332 3129 350 3168 c
371 3097 559 3168 examinare
574 3105 686 3166 utrum
698 3106 811 3167 contra
823 3097 968 3188 ejusdem
980 3098 1108 3167 decreta
1119 3096 1289 3189 praescribi
1303 3097 1419 3188 possit.
1428 3149 1450 3164 ..

334 3237 351 3276 a
375 3210 514 3279 Videtur
527 3215 636 3274 autem
651 3205 825 3276 dicendum
839 3208 928 3299 quod
944 3208 1016 3276 haec
1029 3205 1452 3297 dccretnpraescriptionem

334 3347 351 3386 1
374 3317 543 3406 effugiant,
565 3317 643 3406 quia
662 3317 830 3385 continent
850 3317 1109 3386 omniadecreta
1126 3316 1209 3384 sacri
1229 3314 1361 3382 concilii
1374 3314 1454 3382 Tri-

335 3453 353 3494 c
374 3423 501 3494 6661161
526 3423 691 3492 decretum
714 3424 860 3511 irritans,
882 3433 919 3492 61
943 3433 1102 3492 testantur
1117 3421 1291 3492 cardinalis
1305 3421 1348 3489 de
1362 3421 1453 3490 Luca

336 3560 353 3602 a
376 3533 424 3625 (in
446 3539 557 3600 annot.
580 3531 622 3598 ad
642 3529 677 3598 S.
702 3530 739 3600 C.
763 3531 802 3600 T.
825 3529 975 3600 discursu
998 3535 1028 3618 1,
1052 3544 1086 3600 6ο
1105 3534 1159 3618 16,
1179 3529 1373 3598 6161616166
1395 3533 1451 3611 22,

336 3669 353 3708 c
376 3653 413 3708 n⁰
430 3642 482 3730 7);
510 3637 653 3707 Barbosa
674 3638 720 3729 (in
741 3638 864 3706 collect.
881 3661 960 3706 sess.
980 3644 1011 3725 1,
1029 3649 1064 3705 6ο
1081 3640 1133 3728 5),
1156 3637 1314 3705 1111616166
1334 3633 1387 3726 (66
1402 3658 1454 3704 re-

336 3749 472 3840 «gulas
491 3747 705 3844 cancellariae,
730 3747 830 3836 gloss.
855 3751 908 3835 16,
927 3756 961 3813 n⁰
985 3750 1053 3836 37),
1077 3745 1188 3815 616111.Ι
1218 3745 1347 3814 Verum
1361 3766 1454 3813 com·

337 3885 354 3926 11
378 3857 490 3927 munis
510 3855 578 3924 1616
602 3855 751 3924 66611166
775 3866 835 3943 661,
862 3878 936 3947 quae
955 3855 1048 3926 docet
1067 3875 1142 3924 cum
1155 3853 1361 3950 6616116116
1379 3853 1415 3944 (l.
1435 3858 1452 3920 1

339 3994 356 4034 a
380 3988 450 4036 var.
468 3987 496 4032 c.
516 3966 570 4049 13,
597 3985 630 4030 6.
649 3963 679 4052 1)
707 3963 795 4054 quod
814 3963 880 4052 legi
900 3962 951 4032 vel
968 3962 1099 4049 canoni,
1117 3983 1183 4030 non
1197 3961 1344 4030 obstante
1358 3959 1453 4028 cleu-

337 4100 356 4142 6
377 4073 451 4144 sula
475 4070 528 4140 vel
549 4070 678 4138 decreto
702 4070 864 4157 irritante,
891 4071 1053 4140 contraria
1073 4067 1273 4138 consuetudo
1290 4067 1454 4136 introduci

338 4212 355 4250 1
378 4181 499 4275 possit;
525 4201 601 4249 cum
622 4177 790 4248 decretum
811 4177 943 4246 irritans
967 4179 1074 4248 solum
1094 4177 1229 4266 abroget
1244 4175 1453 4246 cousuetudi-
