3072 4948
298 439 360 504 ttl
649 457 824 506 rercrrrns
844 458 884 504 nr
905 457 1057 505 menes

300 597 616 668 «constitutionibus
639 600 672 666 in
689 604 707 665 o
726 600 783 688 (1),
800 607 831 666 et
844 599 966 690 alioqui
986 593 1138 688 expediet
1158 591 1412 665 consuetudines

297 730 316 769 c
339 706 543 775 rationabiles
557 707 722 775 observari
736 715 769 774 et
785 707 855 774 vim
870 730 964 776 snam
982 707 1150 792 obtinere;
1167 727 1258 794 ergo.

340 814 393 882 Ad
413 824 642 904 argumentum
658 815 826 883 sententie
847 817 1003 907 oppositu
1016 838 1059 885 ex
1074 815 1200 884 ratione
1213 813 1408 896 deductim,

297 945 414 1015 nempe
430 923 535 1013 legem
556 925 652 992 statui
664 945 731 993 non
747 947 841 1016 posse
855 926 1027 1014 ignorante
1044 923 1206 1014 Principe,
1221 945 1259 991 ac
1273 921 1411 1014 proinde

296 1031 384 1100 idem
407 1029 471 1100 dici
494 1029 610 1098 debere
630 1029 670 1098 de
693 1031 939 1118 consuetudine,
962 1053 1037 1101 cum
1059 1031 1180 1122 etipsa
1200 1032 1243 1098 sit
1261 1031 1411 1099 veralex

298 1136 371 1206 licet
395 1159 462 1206 non
484 1139 616 1228 scripta,
642 1139 830 1228 responderi
852 1147 982 1230 potest:
1003 1161 1068 1207 non
1088 1148 1139 1208 est
1164 1159 1281 1208 verum
1305 1140 1411 1228 legem

298 1246 395 1314 stetui
421 1267 487 1314 non
510 1267 603 1336 posse
628 1245 728 1314 inscio
751 1246 900 1337 Principe
918 1273 926 1313 ε
943 1247 971 1313 si
992 1247 1083 1315 enlm
1104 1247 1227 1338 aliquis
1252 1245 1412 1338 Princeps

297 1353 396 1424 semel
423 1376 483 1444 pro
510 1377 636 1446 semper
660 1355 846 1425 decerneret
870 1377 904 1423 se
931 1356 1136 1424 mesfacere
1157 1365 1190 1423 et
1220 1357 1411 1424 motoritme

297 1483 357 1530 sua
382 1459 513 1529 firmare
535 1461 623 1550 leges
642 1484 756 1530 omnes
776 1485 795 1530 a
814 1463 950 1531 consilio
970 1463 1082 1554 aliquo
1099 1461 1366 1554 jurisperitorum
1391 1485 1412 1530 a

299 1590 333 1634 se
360 1565 533 1636 constituto
566 1579 783 1656 emansores,
815 1580 921 1662 posset
946 1571 1000 1638 lex
1029 1571 1138 1662 aliqua
1170 1571 1212 1638 ab
1240 1572 1302 1639 isto
1331 1593 1413 1639 eon·

298 1675 370 1742 silio
393 1675 566 1744 constituta
590 1685 623 1743 et
639 1677 845 1767 promulgata
865 1679 1048 1768 ignomin
1072 1679 1234 1769 Principe,
1254 1689 1287 1746 et
1302 1690 1412 1747 tamea

298 1783 367 1850 vim
392 1781 547 1860 heberet:
566 1805 645 1872 ergo
668 1794 701 1853 et
717 1785 825 1876 quoad
844 1785 1105 1872 consuetudines,
1126 1807 1200 1855 cnm
1221 1807 1281 1876 per
1298 1787 1413 1854 ‹lecre-

300 1897 369 1958 tarn
408 1889 557 1978 generale
598 1900 757 1964 saluatur
790 1893 824 1960 in
854 1895 929 1983 jure
961 1893 1136 1980 canonico,
1168 1892 1326 1960 valituras
1359 1915 1414 1962 eas

298 1996 395 2066 modo
429 1997 495 2069 sicr
525 1997 643 2068 talibus
678 2000 917 2069 conditionibus
954 2002 1101 2088 munite,
1141 1998 1317 2070 dicendam
1356 2025 1415 2070 co-

298 2103 478 2194 gnitionem
510 2105 550 2174 de
583 2105 714 2174 illarum
745 2108 934 2176 exsistentia
971 2131 1038 2178 non
1069 2109 1193 2199 requiri
1217 2109 1252 2176 in
1280 2131 1414 2178 summo

298 2210 467 2282 Pontifice.

343 2320 399 2388 ad
408 2319 619 2410 objectionem
637 2322 843 2415 desumptam
857 2345 900 2393 ex
914 2324 1132 2394 decisionibus
1151 2325 1245 2394 tiore
1265 2345 1412 2394 romense

300 2439 393 2502 etex
416 2428 543 2516 Glome,
569 2438 661 2519 putat
676 2430 884 2500 Reiffenstuel
907 2432 1094 2524 responderi
1114 2453 1220 2524 posse,
1240 2431 1289 2500 ibi
1301 2432 1357 2521 agi
1372 2432 1413 2500 de

300 2539 592 2609 consuetudinibus
609 2564 631 2611 a
648 2543 723 2633 jure
745 2545 935 2636 reprobatis.
956 2543 1189 2634 (Reiffeustuel,
1206 2545 1239 2611 in
1260 2545 1283 2610 l.
1307 2546 1322 2610 l
1347 2543 1413 2612 De-

300 2655 393 2734 erec,
409 2655 433 2714 t.
451 2647 568 2736 ege,
585 2657 621 2716 η’
638 2653 726 2741 rer.)

332 2963 365 3026 (l)
378 2961 419 3013 Sic
436 2959 464 3013 ln
475 2961 524 3013 isto
538 2959 622 3028 capite
641 2961 755 3028 loquitur
769 2959 915 3012 Bonilecios
930 2960 1004 3012 viil:
1022 2978 1035 3008 c
1052 2961 1126 3012 Licet
1137 2957 1271 3012 Romanus
1282 2959 1413 3024 amares

300 3057 315 3090 e
331 3042 376 3106 qui
383 3044 441 3108 jure
453 3043 541 3094 omnia
549 3045 576 3094 in
589 3043 685 3094 scrinio
699 3042 813 3106 pectoris
824 3042 864 3091 sni
878 3045 998 3091 censetur
1010 3042 1116 3104 babere,
1126 3041 1338 3092 constitutionem
1349 3057 1412 3093 con-

301 3137 316 3172 e
332 3123 418 3173 deado
434 3125 613 3188 posteriorem,
632 3123 745 3188 priorem
765 3121 882 3187 quamvls
893 3121 927 3172 de
944 3121 1001 3186 ipss
1013 3123 1172 3172 mentionem
1182 3135 1236 3173 uon
1247 3123 1325 3173 locist
1337 3135 1411 3172 revo-

300 3225 314 3260 r
330 3221 390 3260 care
404 3210 610 3274 nemetumque
620 3214 709 3259 temen
721 3209 840 3258 locorum
855 3206 1008 3270 specialium
1023 3210 1049 3256 et
1060 3219 1228 3270 personarum
1242 3205 1411 3271 eirgnlufium

301 3306 315 3341 e
332 3290 532 3342 consuetudines
542 3294 568 3342 et
581 3293 674 3342 statuta
685 3300 755 3354 (cnm
767 3289 819 3340 sint
831 3288 892 3340 tacti
902 3293 933 3339 et
943 3289 970 3338 ln
981 3287 1049 3338 laeto
1064 3286 1211 3353 consstmr)
1223 3291 1309 3352 potest
1318 3287 1411 3352 proba·

301 3389 316 3420 e
330 3373 418 3424 biliter
434 3373 572 3438 ignorare:
586 3374 659 3438 ipsis,
681 3373 743 3423 dum
761 3378 848 3424 tamea
866 3374 918 3423 sint
929 3372 1098 3436 rationabilia,
1112 3386 1159 3438 per
1171 3371 1410 3424 constitutionema

300 3472 314 3505 r
331 3469 359 3507 ee
368 3456 471 3507 noviter
486 3456 581 3507 editam
595 3457 654 3522 (nisi
668 3469 789 3521 expresse
802 3461 923 3507 caveatur
936 3457 963 3506 in
976 3455 1043 3520 ipsa)
1055 3468 1108 3506 non
1121 3455 1272 3519 intelligitur
1284 3455 1311 3506 in
1325 3454 1408 3518 aliquo

302 3553 316 3586 ι
330 3537 464 3603 derogare.
481 3555 496 3587 r
