3022 4950
309 519 346 584 18
659 539 833 586 rnncrnrus
856 541 894 586 or
916 539 1071 586 rnrnmrrrs

305 693 354 750 ter
368 688 495 750 tuntum
517 681 740 768 delineamus3
758 683 972 754 evolvendam
988 683 1177 773 theologicis
1199 692 1231 752 et
1253 682 1426 776 metaphy-

304 791 379 860 sicis
395 789 583 860 tractatibus
599 791 833 884 relinquentes.

756 1187 900 1258 CAPUT
924 1187 979 1256 lll.

702 1425 741 1470 DE
765 1426 842 1473 sunu
868 1426 1032 1473 urrunnu.

351 1653 620 1725 Prmnotondum.
646 1694 690 1706 -
710 1653 796 1737 Quid
821 1655 1001 1744 generatim
1029 1675 1087 1744 per
1105 1651 1161 1744 jus
1181 1652 1328 1722 naturate
1342 1675 1431 1721 sem-

306 1787 364 1858 per
379 1763 576 1832 intellectum
597 1763 650 1849 sit,
675 1761 786 1850 colligi
810 1768 914 1853 potest
935 1783 978 1830 ex
1003 1761 1192 1830 notionibus
1208 1783 1264 1828 seu
1279 1759 1434 1851 descrip-

308 1871 451 1940 tionibus
471 1870 558 1961 apud
574 1879 720 1940 auctores
742 1869 909 1938 variorum
934 1879 1117 1961 temporum
1136 1868 1394 1954 occurrentibus,
1414 1893 1433 1936 e

307 1982 427 2073 quibus
444 1981 624 2071 precipuae
639 1980 691 2048 bic
705 1979 908 2072 subjicimus.
931 1980 969 2047 ln
984 1979 1111 2048 decreto
1129 1978 1274 2047 Gratiani
1290 1979 1375 2070 (ceo.
1394 1981 1431 2064 7,

305 2090 381 2156 dist.
401 2089 432 2179 1)
443 2088 498 2178 jus
516 2088 663 2156 natrrrele
679 2087 898 2156 diciturillud
914 2086 1002 2178 quud
1017 2100 1063 2156 est
1084 2109 1258 2155 commuue
1278 2084 1432 2154 omnium

307 2198 491 2278 nationum,
511 2220 547 2266 eo
563 2195 650 2288 quod
664 2196 782 2287 ubique
798 2195 956 2264 instinctu
971 2207 1112 2276 naturae,
1125 2217 1189 2262 nou
1196 2193 1434 2264 constitutione

309 2306 435 2399 aliquo,
460 2305 611 2373 babetur.
637 2303 826 2372 Aristotcles
844 2305 875 2394 (5
903 2303 995 2388 Eun,
1009 2325 1037 2370 e.
1056 2303 1089 2390 7)
1109 2301 1190 2371 illud
1212 2300 1430 2388 describebat,
1503 2347 1504 2386 ᾗ

310 2413 400 2508 quod
412 2413 530 2505 ubique
545 2411 694 2481 eumdem
707 2413 776 2480 vim
791 2411 901 2493 babet,
918 2423 949 2478 ct
964 2432 1032 2478 nun
1045 2410 1125 2502 quia
1140 2409 1270 2478 videtur
1282 2421 1343 2478 auct
1365 2431 1434 2478 nou
1503 2403 1504 2410 '

311 2523 450 2592 videtur.
469 2523 590 2592 Seneca
606 2543 683 2591 vero
700 2521 803 2612 (epist.
823 2524 877 2606 65,
895 2518 935 2587 ed
948 2517 1123 2609 Lucilium)
1134 2521 1212 2588 :Est
1223 2539 1299 2608 erqo
1311 2541 1333 2585 u
1346 2521 1430 2600 Deo,

312 2648 474 2726 tunquam
498 2645 627 2700 matures
652 2643 796 2710 auctore,
824 2631 1021 2722 impressum
1049 2629 1255 2720 inditumque
1281 2627 1434 2696 cordibus
1502 2645 1503 2716 j

311 2739 439 2821 uostris,
455 2761 516 2830 per
530 2738 619 2830 quod
631 2737 809 2807 secundum
818 2737 982 2807 dictamen
997 2737 1137 2807 rationis
1153 2737 1321 2829 praetium,
1338 2749 1434 2806 actus

312 2851 475 2918 boemanos
490 2846 606 2916 liberos
621 2846 668 2915 ud
681 2847 802 2916 bouum
808 2847 1006 2938 justumque
1024 2845 1210 2936 diriqimus.
1227 2845 1370 2914 Celebris
1384 2857 1436 2914 est

312 2957 536 3027 Ciceronianis
562 2955 735 3048 descriptio
766 2959 836 3048 (pro
858 2957 989 3046 Milone)
1010 2959 1156 3046 :chem
1176 2978 1241 3024 non
1259 2955 1433 3048 scriptum,

312 3089 414 3159 quam
424 3088 490 3134 nou
502 3063 686 3146 didicimus,
700 3064 849 3154 lecimus,
859 3087 973 3133 verum
982 3087 1022 3132 cu
1032 3063 1105 3156 ipsa
1114 3077 1237 3132 natura
1247 3064 1433 3148 hausimus,
1501 3079 1502 3119 t

312 3174 505 3265 accepimus,
525 3171 740 3264 expressimus
749 3198 767 3255 ‚r
778 3172 825 3240 ad
843 3195 945 3263 quum
966 3195 1034 3241 non
1054 3172 1153 3254 docti,
1174 3171 1230 3240 sed
1241 3173 1326 3263 sacti
1337 3197 1350 3254 ;
1364 3195 1437 3241 non

313 3281 467 3363 institui,
485 3279 542 3348 sed
553 3280 674 3348 imbuti
686 3303 810 3350 sumus.
827 3281 868 3348 Et
887 3282 922 3348 in
935 3281 993 3349 lib.
1017 3283 1046 3348 ll
1063 3280 1102 3350 dc
1118 3281 1266 3371 Leuibus,
1285 3282 1330 3348 sic
1344 3303 1437 3350 eam-

314 3389 390 3456 dem
409 3387 574 3456 notionem
594 3387 740 3457 evolvit:
766 3391 861 3456 Hauc
881 3388 973 3456 video
995 3389 1310 3479 sapientissimorum
1334 3389 1438 3480 finisse
1500 3391 1501 3444 ἓ

315 3496 526 3577 sententium,
559 3489 662 3586 leuem
691 3519 794 3588 neque
824 3497 999 3566 bominum
1030 3497 1165 3586 inqeuiis
1195 3496 1435 3587 eccoyitatam,

316 3627 419 3696 neque
431 3605 550 3674 scitum
567 3627 631 3672 esse
644 3605 781 3696 aliquod
786 3605 1003 3696 populorum,
1021 3603 1078 3672 sed
1089 3617 1247 3674 eteorum
1260 3605 1436 3696 quiddam,

317 3713 406 3805 quod
420 3713 609 3781 uuiversum
635 3713 797 3783 muudum
819 3727 955 3804 reqeret,
981 3713 1169 3804 imperandi
1178 3714 1441 3806 prohibendique

316 3821 492 3911 sapientia.
524 3823 577 3890 ltu
601 3821 795 3912 principum
820 3820 922 3911 leqem
940 3820 1035 3888 illum
1061 3833 1092 3888 et
1113 3821 1270 3890 ultimam
1294 3835 1441 3891 mentem

319 3951 383 3996 csse
398 3927 559 4008 dicebant,
575 3928 686 3996 omniu
708 3929 839 3996 ratione
861 3917 921 3996 aut
944 3929 1085 4018 cucumis
1107 3942 1167 3998 uut
1188 3930 1328 3998 vetantis
1350 3931 1440 3998 Dei.-

320 4061 361 4106 επ
374 4035 512 4129 quadiu
529 4034 592 4116 lec,
611 4057 712 4126 quam
728 4034 777 4104 dii
790 4036 938 4104 numano
961 4037 1072 4126 qeneri
1094 4035 1262 4118 dederunt,
1285 4050 1370 4106 recte
1392 4052 1442 4108 est
1498 4047 1499 4112 i

319 4147 479 4228 laudium
493 4156 539 4212 est
562 4143 648 4211 cuim
667 4143 754 4211 ratio
776 4165 928 4236 meusque
945 4144 1101 4236 sapientis
1120 4141 1166 4211 ud
1180 4144 1366 4234 jubendum
1382 4146 1441 4214 de-

318 4253 567 4344 terrendumque
581 4249 711 4321 Moneo.
729 4251 768 4320 Et
782 4251 817 4320 in
833 4250 917 4320 libro
933 4252 973 4320 de
987 4250 1166 4342 Republica
1185 4275 1193 4315 :
1212 4255 1274 4322 Est
1288 4275 1365 4322 vera
1380 4277 1438 4324 ra-
