3050 4946
289 411 350 477 506
638 429 813 477 raacrarus
835 430 874 476 nn
896 429 1048 477 affluens

285 573 362 666 plex
371 569 530 660 distingui
540 577 643 662 potest
660 570 849 640 societatum
864 569 1083 638 humanarum
1102 567 1225 658 gradus
1241 593 1249 635 :
1265 565 1402 636 societas

285 681 447 767 inchoata,
471 681 604 750 societas
626 680 827 774 imperfecta,
852 689 883 751 et
905 679 1039 750 sociem
1053 681 1221 772 completa„
1240 680 1401 748 imberto

287 793 420 862 societas
442 802 491 860 est
507 791 652 862 collectio
670 791 841 861 bominum
862 792 903 862 ad
924 793 1066 886 aliquem
1080 791 1401 863 communemfinem

286 893 502 984 tendentium,
525 898 582 968 aad
605 898 727 990 absque
752 907 867 970 mutuo
889 900 1020 970 vinculo
1034 922 1089 970 eos
1108 899 1149 969 ed
1162 897 1402 970 invicemobli-

288 1013 405 1095 gante;
429 1005 535 1098 qualis
563 1015 611 1076 est
630 1007 765 1078 societas
785 1029 899 1078 eorum
919 1008 992 1099 qui,
1015 1008 1058 1076 ed
1079 1007 1247 1098 regionam
1256 1006 1403 1098 aliquam

290 1112 536 1205 proficiscendo,
559 1136 628 1186 sese
647 1114 831 1186 caudunum
848 1139 887 1185 co
908 1118 973 1184 fine
988 1123 1026 1184 ut
1037 1116 1100 1184 iter
1108 1113 1290 1206 jucundius
1303 1123 1338 1183 et
1351 1137 1404 1182 ae-

289 1220 403 1292 curius
419 1230 529 1312 agant,
545 1226 603 1292 sed
618 1223 741 1316 absque
755 1222 822 1294 ulla
835 1222 1034 1314 obligatione
1053 1221 1105 1292 vel
1120 1221 1404 1292 incoadunatione

288 1329 490 1418 remanendi,
520 1329 571 1400 vel
593 1329 718 1421 aliquid
740 1329 830 1400 aliud
852 1328 1041 1422 prestandi.
1059 1329 1201 1399 Societas
1218 1329 1404 1421 esttbsper·

286 1439 384 1528 suta,
413 1437 543 1529 quando
568 1437 737 1508 intercedit
761 1436 893 1530 quidem
925 1437 1079 1527 obligatio
1110 1436 1335 1506 membrorum
1360 1435 1404 1504 ad

291 1543 444 1632 invicem,
459 1543 515 1614 sed
536 1543 581 1612 ita
601 1552 638 1614 ut
654 1543 713 1614 alii
727 1545 769 1614 ab
783 1544 858 1613 aliis
872 1566 939 1613 non
954 1543 1169 1636 dependeant,
1185 1546 1277 1614 etita
1290 1553 1406 1613 uttota

290 1652 426 1722 societas
439 1650 630 1742 subjicietur
655 1651 752 1722 aliem
772 1651 865 1722 alteri
887 1652 1030 1722 societati
1051 1651 1113 1722 sibi
1128 1652 1310 1744 superiori:
1327 1653 1406 1722 talss

235 1774 240 1788 ·
292 1769 381 1846 sunt,
401 1760 491 1829 verbi
510 1761 627 1848 gratia,
641 1760 807 1830 societates
819 1783 901 1853 ques
915 1760 1000 1831 inter
1013 1783 1048 1828 se
1063 1761 1177 1830 ineunt
1192 1767 1403 1849 mentatoret5

291 1868 325 1935 in
348 1865 399 1934 his
421 1888 538 1958 nempe
564 1866 770 1938 societatibus
790 1867 900 1936 omnia
927 1868 1084 1956 membra,
1106 1877 1258 1960 expecto
1279 1871 1403 1956 sociali,

290 1975 456 2044 communi
470 1975 581 2067 aliqua
593 1975 789 2066 obligatione
802 1975 963 2066 ligantur3
981 1973 1038 2066 sed
1052 1997 1111 2067 per
1124 1975 1215 2044 illam
1230 1975 1405 2066 obligatio-

273 2107 367 2154 ·nem
388 2106 476 2154 unus
499 2091 657 2154 ιιθιιιιοι
681 2107 748 2155 non
767 2084 833 2154 luit
852 2085 1000 2176 superior
1020 2084 1128 2172 alteri,
1144 2094 1177 2153 et
1190 2092 1258 2154 tota
1271 2085 1406 2155 societas
1509 2159 1510 2162 ,

291 2193 463 2285 subjicitur
486 2191 628 2262 societati
650 2192 753 2262 cirili.
774 2191 917 2262 Societas
941 2214 1020 2263 vero
1040 2192 1147 2262 totalis
1173 2215 1231 2263 seu
1245 2194 1406 2286 completo
1509 2171 1510 2236 ἕ

293 2301 349 2370 ille
372 2309 432 2387 eat,
457 2302 492 2371 in
516 2323 583 2394 qua
596 2299 747 2394 praesidet
765 2299 939 2370 auctoritas
954 2322 1050 2391 aque
1063 2300 1174 2371 omnia
1188 2301 1336 2370 membra
1350 2301 1408 2371 de-

292 2410 444 2502 pendent,
470 2417 503 2479 et
516 2433 591 2500 quae
606 2409 704 2479 simul
730 2407 951 2500 independens
970 2408 1072 2477 estab
1088 2408 1277 2478 auctoritate
1292 2410 1407 2500 cujus-
1509 2449 1510 2490 ι

293 2539 432 2608 cumque
463 2516 599 2586 alterius
629 2515 800 2586 societatis.
832 2515 910 2584 Tale
942 2523 991 2583 est
1016 2537 1112 2584 omne
1145 2537 1285 2604 regnum
1319 2516 1407 2608 quod
1509 2521 1510 2566 l

292 2623 473 2694 auctoritati
505 2623 630 2693 nullius
656 2622 788 2693 alterius
815 2621 909 2712 regni
941 2621 993 2690 vel
1020 2621 1207 2714 reipublice
1248 2622 1403 2714 subjacet.

337 2732 432 2804 Unde
447 2735 489 2802 ab
503 2733 709 2825 probandum
720 2731 897 2802 Ecclesiam
916 2753 985 2802 esse
1000 2730 1184 2800 sodetatem
1197 2732 1403 2824 completam,
1509 2723 1510 2772 3

294 2840 463 2935 probanda
478 2849 555 2911 sunt
569 2850 696 2911 tantum
712 2839 783 2910 haec
802 2840 868 2911 duo
886 2866 894 2908 ι
915 2843 947 2908 1⁰
965 2839 1117 2908 Ecclesia
1139 2860 1279 2930 preesse
1295 2849 1408 2908 aucto

294 2951 420 3020 ritatem
445 2950 538 3041 cujus
561 2949 715 3041 regimini
738 2949 850 3018 onania
876 2947 1022 3018 mambre
1043 2947 1227 3040 subjaceut;
1245 2951 1279 3015 2ο
1293 2948 1407 3018 Eccle-
1509 2975 1510 2988 2

294 3057 378 3127 siam
399 3059 444 3126 sic
467 3058 674 3128 constitutam
693 3081 714 3126 a
736 3057 860 3128 nullius
885 3055 1024 3124 diversae
1048 3054 1207 3124 societatis
1220 3057 1409 3126 aucmritate
1509 3131 1510 3156 χ

158 3156 161 3164 ’
296 3164 489 3257 dependere.
503 3166 606 3235 Porro
617 3167 689 3236 haec
704 3164 770 3234 duo
784 3173 871 3234 certa
883 3173 971 3234 aunt.

343 3279 375 3342 1ο
389 3273 557 3346 Christum
571 3274 748 3344 instituisse
762 3275 797 3342 in
810 3273 952 3342 Ecclesia
967 3271 1188 3341 auctoritatem
1212 3271 1265 3340 cui
1282 3270 1410 3342 docenti
1509 3323 1510 3328 η

294 3393 326 3454 et
352 3383 477 3474 regenti
498 3388 683 3452 tenerentur
707 3381 818 3450 omnia
841 3381 988 3450 membra
1009 3379 1244 3471 obtemperare,
1272 3381 1412 3471 probant
1509 3441 1510 3478 p

297 3499 465 3584 sequentes
489 3498 599 3560 textus
617 3517 626 3558 ι
643 3495 732 3559 Doto
762 3503 808 3560 est
833 3489 918 3558 midi
941 3487 1048 3558 omnia
1069 3499 1257 3581 potestas...
1286 3489 1414 3557 Euclea
1509 3491 1510 3536 ἶ

295 3625 382 3692 erpo,
398 3599 507 3670 docete
519 3620 627 3668 omnes
642 3610 751 3689 pentec
764 3648 815 3679 ...,
833 3595 977 3666 dcccmo
992 3618 1044 3664 eos
1057 3595 1312 3664 seruorcomnia
1322 3617 1413 3686 que-
1509 3693 1510 3696 Ἴ

296 3731 434 3799 cumque
459 3705 619 3776 mandavi
639 3706 739 3776 vobis.
759 3743 805 3756 -
824 3704 1001 3774 nemesin
1023 3702 1186 3772 mundum
1211 3703 1411 3784 wdoersum,

292 3816 470 3909 praedicate
482 3814 685 3904 evcnpelium
701 3813 794 3882 omni
805 3824 975 3882 creatum.
996 3812 1061 3895 Qui
1074 3809 1246 3880 crediderit
1261 3823 1292 3880 et
1304 3810 1414 3902 bapti·
1509 3903 1510 3906 Ἴ

295 3939 389 3995 zotto
400 3923 512 4016 suerit,
529 3921 638 3990 solvus
657 3921 717 3988 crat
734 3948 745 3988 :
760 3921 819 4012 qui
841 3942 916 3989 vero
931 3941 999 3988 oon
1017 3919 1200 4002 crediderit,
1216 3917 1415 3988 condemno-

299 4034 397 4102 ln‘tor.
423 4030 532 4099 —Si
560 4029 741 4099 Ecclesium
776 4051 841 4096 oon
878 4027 1034 4116 audem,
1072 4027 1116 4094 ait
1153 4027 1214 4095 tibi
1250 4040 1415 4117 tanquam
1509 4101 1510 4104 Ἴ

298 4141 442 4212 ethnicus
465 4153 495 4208 et
516 4139 724 4229 publicanus.
741 4174 785 4190 -
803 4137 868 4221 Qui
892 4159 947 4204 vos
966 4135 1073 4220 audit,
1100 4157 1152 4204 me
1173 4133 1280 4222 audit,
1304 4146 1335 4202 ct
1356 4133 1416 4225 qui
1509 4169 1510 4186 a
