3068 4948
279 589 282 594 ,
362 523 424 584 308
712 537 887 586 rrraerrrua
910 543 948 586 nn
971 541 1124 588 rarucrrus

358 705 394 750 ea
418 681 569 750 ordinare
591 705 665 774 quae
690 685 855 753 materiam
877 684 1118 753 beneficiariam
1135 685 1323 776 respiciunt.
1341 685 1460 773 Ergaat

356 798 496 858 statuere
514 788 555 858 ad
571 813 729 882 quosnam
748 792 923 884 pertinebit
944 793 1098 861 electores
1119 793 1172 862 vel
1194 792 1363 862 collatores
1385 793 1461 861 vada

357 895 513 964 beneficia
540 898 574 965 in
604 897 845 967 usumfructum
874 898 1012 969 tradere.
1042 901 1131 990 Ergo
1159 911 1191 970 et
1216 923 1275 992 per
1304 924 1338 970 se
1369 901 1460 991 ipsum

356 1004 550 1074 conterenda
561 1003 711 1098 quasdam
730 1006 919 1098 hujusmodi
933 1007 1087 1077 beneficia
1105 1031 1284 1077 reservare.

401 1114 567 1182 Probatur
581 1118 615 1181 6ο
629 1152 674 1165 -
687 1117 742 1182 Ea
755 1127 920 1206 potestate
939 1128 970 1184 ct
994 1117 1101 1208 efficia
1129 1117 1249 1185 abusus
1267 1117 1309 1185 ab
1332 1115 1461 1186 Ecclesia

357 1222 560 1294 eliminandi.
581 1222 793 1290 -Accidere
818 1229 923 1312 potest
946 1231 981 1292 ut
1004 1221 1162 1292 ordinarii
1176 1224 1331 1293 electores
1345 1223 1395 1292 vel
1408 1221 1463 1290 ccl·

355 1333 486 1419 latores,
504 1331 579 1423 jure
594 1353 653 1398 suo
671 1328 848 1416 abutendo,
876 1329 1020 1419 indiguis
1034 1340 1090 1399 aut
1108 1331 1143 1399 in
1160 1329 1223 1399 lide
1237 1331 1396 1422 suspectis
1410 1330 1462 1398 cle·

352 1441 428 1510 riais
455 1439 615 1508 benefida
641 1437 855 1522 committant,
883 1460 1011 1506 summa
1045 1461 1120 1508 cum
1154 1439 1341 1507 animarum
1371 1447 1402 1506 et
1425 1437 1462 1504 rei

355 1547 520 1616 catholicae
543 1545 741 1613 discrimine.
764 1545 856 1613 Tunc
875 1567 953 1614 vero
978 1545 1031 1612 ille
1054 1545 1108 1615 cui
1123 1545 1283 1616 aChristo
1302 1548 1462 1616 universa·

354 1654 418 1722 lem
433 1651 607 1721 Ecclesiam
624 1651 776 1743 pascendi
792 1660 824 1720 et
840 1650 975 1742 regendi
990 1653 1109 1721 tradita
1122 1661 1170 1721 est
1191 1661 1346 1744 potestas,
1363 1651 1462 1745 procul
1513 1671 1514 1674 ’

354 1762 454 1830 dnbio
479 1759 597 1852 poterit
622 1759 753 1828 edictis
772 1759 964 1829 electoribus
983 1768 1014 1828 et
1037 1760 1247 1831 collatoribus
1269 1762 1326 1853 jus
1351 1762 1426 1854 ipsis
1448 1783 1462 1826 a

352 1870 423 1960 lege
437 1870 549 1938 datum
565 1869 706 1955 auferre,
723 1877 755 1935 et
770 1867 811 1935 ad
833 1866 913 1936 alios
934 1869 1123 1957 transferre,
1141 1869 1193 1937 vel
1209 1869 1271 1938 sibi
1294 1891 1460 1938 reservare.

293 1969 294 1972 '
398 1977 531 2046 Possent
556 1977 619 2044 alia
646 1975 747 2043 multa
762 1973 950 2066 hujusmodi
971 1988 1165 2065 argumenta
1188 2000 1229 2045 ex
1246 1979 1391 2069 primatu
1407 1975 1461 2044 llo

353 2087 442 2156 mani
466 2084 632 2155 Pontificis
654 2083 747 2152 facile
769 2085 896 2153 confici.
924 2085 1047 2154 Eorum
1071 2097 1179 2155 autem
1208 2087 1258 2155 vis
1276 2086 1339 2155 hoc
1354 2083 1464 2178 duplici

351 2195 563 2265 fundamento
592 2192 732 2262 nititur:
755 2197 787 2260 1⁰
818 2193 908 2262 Talis
933 2205 980 2262 est
1002 2203 1118 2263 natura
1139 2195 1217 2264 boni
1237 2195 1462 2286 cujuscumque

352 2302 566 2390 ecclesiastici,
591 2310 627 2370 ut
653 2302 761 2369 statim
781 2323 818 2370 ac
841 2300 879 2368 fit
896 2302 1148 2372 ecclesiasticum
1174 2326 1230 2371 seu
1259 2302 1411 2372 Ecclesiae
1436 2309 1461 2368 et

351 2415 419 2483 Deo
438 2419 674 2496 consecratum,
697 2433 717 2478 a
740 2408 885 2479 dominio
905 2410 1140 2503 cujuscumque
1162 2411 1306 2480 hominis
1327 2411 1389 2480 hoc
1403 2411 1462 2500 ipsc

350 2531 477 2590 exeant.
501 2520 542 2587 Et
564 2527 673 2587 tamen
699 2517 924 2586 administrari
946 2528 978 2587 et
1000 2517 1060 2586 fini
1083 2541 1142 2588 sno
1169 2517 1325 2610 applicari
1345 2519 1387 2587 ab
1408 2516 1462 2584 ali-

351 2652 415 2721 qua
437 2635 590 2719 potestate
615 2625 744 2695 debent.
772 2629 805 2693 2ο
821 2625 966 2695 Potestas
982 2627 1135 2718 quaelihet
1146 2625 1354 2717 gubernandi
1369 2635 1399 2694 et
1413 2621 1462 2693 ad-

350 2733 557 2804 ministrandi
588 2733 622 2800 in
650 2731 790 2801 Ecclesia
813 2740 861 2800 est
892 2755 933 2800 ex
962 2733 1163 2802 institutione
1190 2732 1314 2801 Christi
1345 2753 1462 2803 summo

349 2843 443 2911 alieni
465 2843 598 2934 pastori,
622 2841 760 2932 principi
788 2848 819 2908 et
843 2840 1044 2926 monarche,
1070 2839 1178 2928 idest,
1194 2841 1463 2910 RcmanoPouti-

351 2952 415 3036 fici,
438 2949 659 3019 subordinate.
683 2947 777 3017 Unde
802 2950 895 3016 litut
922 2948 1049 3017 nullum
1070 2949 1172 3038 possit
1191 2948 1348 3017 exsistere
1364 2950 1397 3016 in
1413 2949 1463 3016 Ec-

351 3059 447 3127 clesia
467 3059 522 3149 jus
540 3057 581 3124 de
601 3057 695 3124 bonis
719 3055 870 3123 Ecclesiae
893 3065 923 3124 et
945 3056 1013 3124 Deo
1037 3055 1150 3123 dicatis
1164 3056 1274 3146 aliquo
1291 3057 1390 3125 modo
1405 3055 1463 3122 dis-

350 3165 505 3258 ponendi,
530 3165 616 3256 quod
641 3163 794 3255 primario
815 3164 884 3254 juri
905 3186 1066 3254 supremae
1091 3163 1384 3233 administrationis
1408 3185 1463 3231 non

352 3273 554 3364 subjiciatur.

396 3381 561 3450 Probatur
576 3385 607 3445 7⁰
621 3419 666 3432 -
681 3379 831 3448 Ecclesiae
841 3381 957 3470 prasci.
980 3419 1020 3432 -
1033 3381 1107 3449 Jam
1123 3381 1156 3447 in
1170 3382 1368 3473 precedenti
1379 3404 1464 3473 para·

352 3489 477 3581 grapho
513 3488 715 3556 ostendimus
744 3496 817 3556 ante
851 3487 948 3558 lalsas
980 3487 1096 3557 Isidori
1137 3489 1310 3558 decretales
1345 3491 1463 3560 solitam

351 3600 451 3669 luisse
477 3596 695 3689 Apostolicam
714 3595 831 3666 Sedam
858 3597 1016 3666 beneficia
1040 3597 1141 3665 libere
1155 3597 1302 3666 conferre
1322 3623 1380 3669 seu
1395 3621 1464 3667 con·

352 3706 486 3775 terenda
499 3705 677 3795 precipere
692 3705 841 3794 personis
864 3727 883 3772 a
903 3727 937 3772 se
960 3704 1080 3792 electis,
1096 3704 1170 3773 licet
1187 3727 1229 3774 ex
1247 3705 1323 3796 jure
1339 3706 1463 3776 ordina·

353 3818 403 3886 rio
431 3815 558 3884 collatio
583 3813 655 3881 haec
681 3810 722 3880 ad
747 3810 828 3880 alios
856 3812 1042 3905 pertineret.
1073 3811 1138 3881 Sed
1168 3822 1357 3905 potestatem
1390 3815 1464 3882 banc

353 3947 515 4018 supremae
546 3922 778 3991 beneficiorum
803 3922 1105 4009 administrationis,
1138 3922 1249 3991 multis
1271 3923 1345 3991 aliis
1366 3921 1464 3991 modis

352 4035 492 4103 Romani
514 4031 687 4100 Pontifices
707 4030 741 4098 iu
762 4030 903 4098 Ecclesia
923 4039 1151 4099 exercuerunt.
1177 4034 1208 4096 l⁰
1228 4030 1368 4113 Quidem
1390 4029 1464 4118 legi·

352 4146 414 4212 hus
441 4163 516 4234 quoe
546 4138 587 4208 ad
614 4137 816 4228 vigilantiam
845 4147 1000 4230 spectant.
1028 4137 1125 4209 Multi
1155 4137 1277 4207 scilicet
1298 4136 1463 4208 Pontifices

353 4250 590 4346 prohibuerunt
610 4269 649 4313 ne
665 4246 786 4337 absque
805 4246 962 4314 Romanae
974 4245 1074 4314 Sedes
1092 4268 1252 4315 consensu
1272 4246 1358 4316 bona
1367 4245 1463 4316 accle-
