3064 4952
305 479 367 544 152
658 497 830 544 rnlcrnrus
853 497 890 541 oe
914 493 1067 542 rnrucrrns

302 661 496 710 memorasse
507 639 586 708 setis
601 641 654 726 sit,
670 647 702 708 et
716 661 816 732 suprs
828 644 1022 708 memorales
1033 635 1237 706 eruditorum
1248 631 1418 701 eluouhrs·

301 748 415 836 tiones,
432 770 473 816 ex
489 747 609 839 quihus
625 746 761 818 studiosi
778 747 907 840 plenius
922 745 1088 832 haurient,
1105 741 1305 834 indigitesse.

811 1009 909 1100 §nn

464 1207 500 1256 De
515 1203 659 1256 canonibus
668 1204 853 1268 Apostolorum
862 1202 1019 1267 incorpore
1031 1203 1097 1267 juris
1111 1201 1251 1253 contentis.

342 1401 368 1466 Ι.
387 1398 498 1490 Aliqui
515 1398 676 1487 doctores,
690 1421 730 1466 ex
746 1398 999 1491 protestantibus
1013 1399 1190 1490 praecipue,
1206 1419 1280 1464 oum
1295 1397 1424 1466 Jocune

301 1505 420 1576 Dsllaeo
442 1527 574 1574 omnem
598 1507 666 1574 vim
691 1505 775 1594 legis
800 1505 852 1574 his
876 1505 1057 1574 renonibus
1078 1505 1252 1594 denegent,
1284 1503 1424 1595 illosque

300 1623 457 1706 tanquam
479 1634 601 1680 merces
621 1613 807 1704 suppositas
828 1613 994 1704 rejiciunt.
1017 1612 1212 1681 Fundentur
1232 1619 1341 1680 cutem
1373 1611 1424 1680 his

300 1721 367 1789 fere
391 1718 596 1788 rationibus:
626 1724 656 1788 l⁰
682 1720 737 1788 lsti
760 1743 899 1789 canones
925 1722 1010 1790 inter
1035 1719 1264 1814 apocryphon
1292 1720 1424 1788 Gelasio

300 1833 389 1926 Papa
413 1840 641 1920 numerentur,
665 1843 701 1902 ut
728 1833 841 1903 videre
864 1842 912 1904 est
935 1834 969 1900 in
995 1833 1138 1924 Corpore
1158 1830 1244 1924 juris
1258 1828 1422 1914 canonici,

299 1964 328 2009 o.
356 1946 388 2027 3,
413 1941 631 2010 distinctionis
648 1946 701 2009 15.
720 1946 754 2009 2⁰
769 1943 933 2010 incertum
948 1948 996 2009 est
1011 1949 1091 2032 quot
1107 1940 1172 2007 sint
1191 1937 1354 2032 ejusmodi
1370 1961 1424 2006 ce·
1522 1975 1523 2018 ;

301 2071 429 2118 nones:
455 2073 532 2118 nam
558 2073 586 2116 c.
614 2053 646 2138 2,
669 2049 744 2118 dist.
774 2053 825 2134 16,
857 2059 1085 2134 numerantur,
1114 2047 1305 2138 sexaginta;
1328 2069 1359 2114 c.
1391 2051 1423 2128 l,

298 2157 445 2249 ejusdem
475 2158 703 2246 distinctionis,
735 2159 995 2250 quinquaginta3
1027 2169 1059 2226 et
1086 2158 1191 2249 cupite
1216 2158 1249 2242 t,
1273 2155 1424 2248 ejusdem

298 2289 428 2361 semper
443 2266 672 2356 distinctionis,
689 2269 854 2358 octoginta
865 2269 1031 2360 quiuque3
1047 2267 1170 2335 inserte
1182 2273 1374 2334 eutemtum
1390 2266 1425 2332 in

299 2375 444 2468 Corpore
458 2367 544 2468 juris
560 2377 725 2462 cononici,
740 2385 809 2444 tum
826 2377 861 2443 in
875 2375 1019 2468 Corpore
1032 2375 1119 2468 juris
1137 2371 1243 2443 civilis
1268 2383 1426 2442 sunt'nu-

301 2505 391 2552 mero
419 2484 583 2572 octogiuta
612 2491 771 2574 quatuor3
799 2483 932 2576 quidem
952 2505 1028 2551 cum
1053 2482 1194 2551 Beronio
1221 2481 1426 2555 authenticos

300 2600 483 2680 agnoscunt
498 2597 627 2658 tentum
642 2589 882 2687 quinquaginta
895 2590 988 2660 duos.
1008 2589 1239 2659 ulterutram
1257 2590 1427 2660 continent

301 2695 466 2789 Apostolis
480 2697 620 2765 alienum
639 2724 646 2764 :
665 2697 711 2764 sic
726 2719 849 2767 cunone
872 2698 988 2790 quinto
1007 2697 1170 2791 Episcopi,
1194 2697 1379 2790 presbyteri
1395 2707 1427 2766 ot

301 2803 429 2873 diaconi
445 2803 661 2895 prohihentur
677 2826 798 2872 uxores
811 2804 961 2896 objicere.
975 2805 1107 2874 Csnoue
1122 2809 1163 2873 45
1179 2814 1211 2873 et
1226 2809 1266 2873 th
1283 2807 1426 2897 supponi

302 2911 431 2980 videtur
445 2911 609 3002 baptisma
623 2910 664 2979 oh
679 2910 845 2980 hereticis
867 2911 1020 2982 collatum
1042 2935 1111 2980 esse
1132 2912 1327 2982 invalidum.
1359 2913 1427 2983 Ce-

301 3042 386 3089 noue
404 3024 444 3088 ot
461 3020 654 3114 prohibetur
667 3020 833 3112 jejunium
858 3020 910 3090 die
938 3021 1102 3090 dominice
1126 3030 1159 3090 et
1187 3021 1332 3090 subbato.
1355 3023 1426 3091 Cu-

302 3151 386 3198 none
406 3129 522 3198 ultimo
538 3129 594 3197 uhi
608 3139 819 3199 recensentur
841 3131 917 3198 libri
933 3131 1078 3198 canonici
1102 3153 1203 3199 secrae
1227 3129 1422 3222 Scripturae,

301 3237 462 3306 omittitur
477 3237 560 3306 liber
574 3237 801 3324 Ecclesiastioi,
830 3239 956 3325 Tobiae,
981 3238 1098 3308 Judith
1124 3247 1155 3307 et
1177 3237 1422 3330 Apoealypsis:

299 3353 412 3415 contra
429 3368 507 3415 vero
521 3346 723 3436 interlihros
738 3369 838 3415 ssorae
853 3345 1032 3439 Scripturae
1048 3353 1258 3415 recensentur
1271 3346 1425 3415 Clemen-

300 3454 340 3522 tis
356 3455 501 3547 epistole
526 3455 601 3524 duae
623 3479 664 3523 ex
681 3455 978 3526 Constitutionihus
993 3455 1224 3547 Apostolorum
1246 3455 1425 3547 dequibus

299 3585 412 3654 supro.

343 3669 384 3740 ll.
403 3671 655 3740 Canonistcrum
683 3672 832 3764 plerique
852 3673 1042 3744 existiment
1064 3683 1188 3762 contre,
1215 3677 1254 3741 ut
1283 3696 1425 3742 conones

299 3777 559 3870 Apostolorum,
593 3789 691 3871 prout
724 3780 759 3846 iu
795 3801 931 3873 corpore
955 3779 1041 3872 juris
1065 3779 1162 3849 hodie
1186 3782 1423 3868 continentur,

297 3911 367 3955 esse
383 3888 586 3958 authenticos
601 3897 633 3956 et
647 3909 723 3956 vere
739 3889 957 3958 canonizatus.
975 3888 1022 3956 Itu
1043 3889 1239 3976 Turrienus‚
1257 3889 1424 3959 Coverru·

298 3996 380 4080 vies,
399 3996 556 4083 Berhose,
569 3995 812 4085 Sohombogeu,
828 3997 1049 4088 Plettenberg,
1063 3997 1242 4084 Wiestner,
1258 3997 1422 4081 Schmier,

297 4101 604 4193 Schinalzgrueber,
621 4103 764 4190 Pichler,
778 4103 1004 4192 Reiffenstuel,
1020 4105 1121 4174 etalii
1137 4105 1243 4174 multi.
1267 4105 1424 4174 «Praeisti

299 4241 315 4278 u
339 4236 490 4301 renones,
507 4214 551 4281 eit
564 4213 602 4284 P.
622 4212 784 4303 Schmier,
808 4215 891 4285 nihil
917 4213 1007 4286 eliud
1030 4223 1108 4284 sunt
1133 4238 1231 4307 quatu
1255 4216 1425 4285 Constitu·

1506 1344 1514 1501 l
