3072 4948
493 535 575 584 tonis
596 537 747 585 circuiet.
1113 521 1172 586 339

82 695 151 742 ceo
174 683 401 767 proponuntur
430 678 478 770 (ut
500 678 538 748 C.
565 681 620 747 Ea
646 678 774 762 litteris,
804 687 835 748 et
858 680 895 749 C.
924 683 979 748 Ec
998 693 1107 773 porte,
1136 682 1176 750 de

81 807 95 844 a
116 781 237 868 const,
261 783 397 876 diisque
418 787 567 876 constat).
591 783 714 854 Deinde
735 787 780 854 ita
800 786 978 856 declaravit
996 787 1177 858 Nicolausl

79 916 95 954 c
118 889 160 980 (in
173 889 209 958 C.
226 892 268 960 Si
280 895 517 976 Rornnnorum,
535 892 610 961 dist.
630 894 701 983 19);
722 893 928 963 Innocentius
945 895 991 963 Ill
1006 895 1053 986 (in
1067 896 1104 965 C.
1122 899 1176 966 lic

80 1029 95 1067 a
115 1005 228 1086 multe
250 1005 290 1074 dc
309 1004 399 1075 Orat.
422 1013 454 1073 et
467 1004 535 1074 voti
549 1003 656 1093 red.);
680 1003 828 1072 Gelasius
845 1005 935 1096 Papa
957 1005 1002 1095 (in
1019 1007 1056 1074 C.
1072 1006 1173 1089 Licet,

78 1138 92 1176 u
116 1117 164 1200 lt,
184 1138 215 1207 q.
236 1114 266 1204 3)
284 1143 291 1192 ;
315 1124 426 1207 estque
449 1114 629 1206 (sententia)
652 1111 882 1205 receptissima.
903 1113 970 1182 Nec
989 1111 1107 1182 desunt
1122 1136 1176 1182 ra·
1203 1127 1206 1134 ’

79 1246 93 1284 a
112 1221 212 1291 tiones
229 1248 236 1290 :
257 1245 335 1290 nam
350 1223 404 1291 lex
418 1243 462 1289 an
476 1220 637 1311 generalis
650 1220 703 1306 sit,
721 1242 764 1287 an
777 1219 996 1311 particularis,
1013 1220 1177 1289 metienda

77 1353 90 1390 <t
112 1337 158 1398 est
176 1353 196 1396 a
217 1337 371 1421 potestate
393 1327 586 1418 legislatoris
609 1327 657 1419 (C.
673 1327 733 1395 ult.
756 1325 1038 1417 meonetius).
1060 1327 1176 1418 Legis-

77 1436 190 1505 «letor
216 1459 296 1506 vero
324 1457 477 1505 summus
505 1434 656 1504 Pontifex
684 1435 871 1525 generalem
897 1434 994 1503 habet
1020 1434 1175 1526 jurisdic-

78 1568 91 1604 «
111 1542 228 1611 tionem
259 1543 295 1610 in
321 1565 436 1612 omnes
464 1541 586 1612 Christi
615 1539 737 1614 fideles.
769 1541 856 1631 Ergo
883 1541 956 1610 licet
981 1564 1172 1634 responsum

77 1675 91 1714 c
112 1649 221 1720 datum
241 1652 283 1718 sit
298 1651 338 1718 ad
355 1648 586 1744 particularem
601 1649 708 1718 locum
723 1649 776 1717 vel
792 1670 979 1741 personam,
997 1649 1052 1740 jus
1066 1657 1176 1722 tamen

77 1785 90 1822 a
111 1760 193 1850 qnod
218 1759 316 1828 efficit
340 1759 580 1851 comparatione
604 1759 755 1827 omnium
779 1781 913 1828 casuum
937 1759 1113 1847 similium,
1140 1770 1176 1829 ut

77 1891 90 1928 a
111 1869 256 1956 generale
275 1867 462 1936 habendum
482 1875 541 1934 est.
568 1864 691 1934 Deinde
705 1866 760 1933 ubi
783 1865 897 1934 eadem
912 1874 960 1934 est
974 1869 1069 1954 ratio,
1086 1868 1175 1937 idem

78 1999 91 2035 c
109 1975 160 2064 jus
178 1975 331 2044 constitui
354 1974 457 2042 debet.
482 1974 584 2043 Casus
601 1973 693 2042 enirn
710 1972 833 2040 similes
851 1973 883 2040 in
900 1973 971 2063 lege
985 1975 1046 2042 sub
1060 1976 1174 2045 eadem

77 2085 229 2152 tratione
254 2083 424 2152 communi
445 2081 663 2151 continentur.
690 2081 738 2148 Nc
760 2101 839 2170 ergo
857 2080 1008 2149 Pontifex
1029 2092 1175 2175 acceptor

76 2190 147 2258 usit
172 2173 487 2282 personarum,'sed
513 2209 627 2257 omnes
652 2187 811 2256 uniformi
836 2186 949 2276 regula
973 2189 1173 2277 moderetur,

77 2323 89 2358 a
111 2297 143 2364 in
160 2296 321 2387 singulari
341 2318 496 2388 responso
514 2294 569 2363 dat
586 2296 692 2384 legem
710 2295 760 2361 vel
779 2293 860 2381 legis
875 2293 1174 2385 interpretationem

76 2405 303 2492 «generalem.
329 2403 394 2472 Nec
413 2401 501 2471 dicas
522 2402 679 2472 nonnulla
700 2401 762 2470 sibi
782 2401 817 2468 in
835 2403 997 2492 responsis
1011 2403 1176 2473 Pontificis

75 2537 88 2573 a
109 2511 297 2582 contrariari
320 2509 464 2602 adeoque
483 2511 555 2578 vim
576 2507 743 2598 obligandi
760 2531 827 2576 non
844 2507 972 2576 habere.
997 2509 1071 2578 Non
1085 2513 1175 2581 enim

76 2645 89 2680 a
109 2619 280 2688 Pontifices
303 2619 367 2687 sihi
387 2619 422 2686 in
447 2618 632 2687 deliniendo
652 2619 739 2709 jure,
762 2616 817 2685 sed
840 2616 875 2684 in
898 2617 981 2686 lacto
999 2617 1175 2708 judicando

74 2753 88 2792 c
108 2729 321 2800 adversantur
331 2757 340 2817 ;
367 2729 504 2823 ideoque
525 2751 680 2822 responsa
695 2728 751 2796 illa
767 2750 832 2796 non
850 2729 1016 2798 continent
1029 2753 1174 2800 errorem

74 2859 88 2896 a
106 2837 198 2926 juris,
222 2837 280 2906 sed
301 2838 387 2906 iacti.
407 2865 424 2903 a
455 2837 683 2929 (Plettenberg,
701 2836 899 2906 introductio
912 2837 953 2906 ad
973 2839 1028 2930 jus
1042 2863 1172 2929 canon,

70 2965 131 3035 cap.
147 2972 216 3034 xix,
235 2965 272 3016 n⁰
288 2950 333 3039 l.)

107 3055 270 3124 Probatur
297 3077 503 3147 consequens,
542 3077 660 3146 nempe
688 3077 730 3122 ex
758 3077 796 3122 eo
827 3053 914 3145 quod
943 3055 1175 3128 declarationes

70 3156 231 3246 ipsiusmet
249 3163 374 3230 summi
392 3161 558 3232 Pontificis
573 3162 642 3230 vim
657 3160 738 3250 legis
752 3161 912 3250 generalis
929 3160 1080 3252 habeant,
1097 3189 1173 3236 con·

70 3267 259 3339 cludendum
276 3293 345 3340 esse
360 3271 474 3340 eadem
489 3272 523 3337 vi
534 3271 655 3360 pollere
668 3269 900 3340 declarationes
912 3273 1058 3342 Consilii.
1080 3277 1111 3341 1⁰
1122 3276 1174 3344 Ab

70 3371 197 3463 ipsamet
217 3379 403 3471 Apostolica
425 3379 508 3449 Sede
530 3378 651 3469 accepit
672 3379 889 3469 Congregatio
903 3389 1093 3470 potestatem
1110 3406 1175 3474 qua

69 3482 162 3552 utitur
179 3486 213 3553 in
233 3485 425 3578 hujusmodi
446 3485 632 3554 emittendis
647 3484 939 3574 declarationibus5
964 3509 1043 3578 ergo
1056 3489 1175 3557 emittit

70 3609 105 3655 ex
122 3592 269 3682 ejusdcm
284 3593 379 3662 Sedis
391 3595 601 3680 auctoritate;
625 3615 704 3684 ergo
718 3593 866 3685 ejusdem
881 3597 1083 3664 auctoritatis
1097 3607 1173 3667 sunt

69 3717 100 3762 ac
121 3700 185 3767 sia
207 3709 318 3769 sancta
339 3701 422 3770 Sede
442 3700 631 3768 immediate
644 3701 882 3788 emitterentur,
896 3701 992 3792 juxta
1005 3712 1171 3794 receptum

69 3805 189 3876 axioma
201 3809 300 3900 juris,
317 3811 377 3901 qai
387 3811 470 3901 fecit
482 3833 544 3902 per
558 3811 677 3892 ulium,
695 3822 741 3877 cst
751 3810 891 3901 perinde
905 3833 944 3878 cc
957 3811 987 3878 si
996 3811 1103 3902 faciat
1113 3837 1173 3904 per

69 3913 210 4004 stipem.
236 3923 268 3986 2·
286 3918 504 4008 congregatio
526 3919 561 3986 in
583 3918 710 3986 casibus
724 3917 833 3986 dubiis
847 3919 986 3988 consulit
1000 3943 1172 3990 summam

70 4016 265 4111 Pontificem,
285 4033 317 4094 et
336 4026 440 4118 ipsius
458 4029 592 4095 nomine
608 4025 743 4113 delinit3
768 4027 859 4117 atqui
875 4026 1049 4096 declaratio
1063 4049 1104 4095 ex
1119 4051 1172 4096 as-

71 4145 158 4197 suan
180 4138 211 4198 et
234 4132 367 4201 nominc
391 4134 516 4202 summi
539 4133 705 4202 Pontificis
724 4131 871 4224 ejusdem
892 4142 940 4200 est
959 4135 1171 4223 auctoritatis,

72 4252 105 4300 ac
121 4235 147 4302 si
163 4237 299 4330 ipsemet
315 4240 465 4310 Pontifex
478 4241 570 4311 illam
586 4246 707 4310 ederet.
732 4245 765 4308 3ο
781 4241 849 4309 lllee
866 4241 1097 4312 declarationes
1112 4267 1173 4316 ex·
