3050 4946
581 483 662 528 33333
685 483 835 530 cauourcr.
1203 463 1264 528 tta

150 617 232 688 bane
251 618 472 712 perpendatur
486 622 620 689 omnino
645 623 772 690 etiamsi
794 623 900 691 solnm
922 629 1005 692 esset
1025 621 1066 692 ed
1090 623 1270 690 assentien-

152 729 230 796 dum
247 738 385 817 cogeret.
405 728 480 798 ldeo
502 751 620 822 nempe
641 729 787 798 lraudcm
805 754 872 799 non
886 733 1057 822 suspicatae
1079 740 1155 800 sunt
1170 732 1270 799 eccle-

151 835 222 920 sias,
245 836 325 927 quia
350 859 425 905 cum
448 838 631 906 traderetur
650 847 803 906 consueta
826 837 973 907 doctrina
996 847 1028 907 et
1054 847 1272 930 exponeretur

150 943 272 1034 ubique
295 945 410 1032 vigens
435 943 619 1036 disciplina,
634 967 729 1014 nemo
749 945 790 1013 de
813 946 1010 1036 inquirenda
1031 947 1167 1015 veritate
1188 945 1271 1016 alle-

152 1061 303 1140 gatorum
337 1050 607 1120 documentorum
645 1052 802 1120 sollicitus
838 1060 917 1121 erat.
947 1056 991 1122 nt
1020 1054 1154 1122 omnino
1180 1054 1273 1122 aliter

152 1159 282 1228 evenire
303 1159 477 1247 debuisset,
496 1161 523 1228 si
545 1160 611 1228 illae
636 1161 810 1229 decretales
831 1161 996 1248 vigentem
1017 1169 1093 1228 tunc
1114 1162 1272 1252 temporis

152 1264 356 1356 disciplinam
374 1275 406 1334 et
427 1265 607 1334 doctrinam
631 1267 885 1357 perturbassent.
905 1267 994 1336 Nulli
1014 1276 1122 1336 autem
1144 1269 1269 1336 tumul-

154 1383 218 1458 tus,
235 1374 391 1443 clamores
413 1374 496 1444 nulli
518 1375 618 1443 auditi
643 1385 719 1444 sunt
738 1376 780 1444 ob
800 1375 1153 1458 inductasdecretales.
1182 1375 1270 1464 Ergo

152 1503 266 1549 revera
281 1480 372 1550 nulla
394 1504 453 1572 per
467 1505 522 1550 eas
542 1483 625 1550 laeta
646 1490 694 1550 est
717 1505 776 1552 nec
796 1485 881 1550 circa
901 1483 1095 1568 doctrinam,
1111 1505 1170 1552 nec
1185 1483 1271 1550 circa
1376 1504 1379 1518 ·

153 1589 355 1682 disciplinam
379 1592 574 1660 immutatio.
595 1592 659 1662 Sed
684 1591 770 1660 dices
787 1620 794 1658 :
813 1615 872 1660 cur
891 1615 969 1681 crgo
990 1594 1147 1683 impostor
1169 1592 1270 1661 docu-

155 1709 262 1766 menta
277 1699 440 1790 fingebat?
455 1698 649 1790 Respondeo
671 1700 778 1791 ipsum
794 1699 913 1768 vidisse
928 1723 966 1768 ea
983 1723 1059 1792 quae
1077 1722 1096 1767 a
1115 1701 1189 1792 jure
1205 1709 1272 1768 sta-

153 1816 223 1876 tuta
242 1817 334 1876 erant
354 1810 388 1875 in
410 1809 548 1897 gretiam
574 1809 810 1900 Episcoporunr
832 1819 1054 1878 accusatorum
1077 1817 1108 1877 et
1127 1810 1160 1875 in
1180 1809 1272 1900 judi-

152 1918 239 1984 cium
261 1925 464 2000 vocatorum,
482 1918 565 1986 male
588 1917 757 1986 observari
777 1927 808 1986 et
822 1919 861 1985 'in
883 1917 1129 1986 desuetudinem
1154 1915 1272 1986 alicubi

153 2026 262 2110 abirc;
278 2027 427 2124 undant
443 2027 559 2094 melius
574 2027 654 2118 ipsis
670 2027 869 2118 provideret,
886 2050 952 2095 non
969 2034 1094 2095 tantum
1110 2049 1199 2108 vera,
1215 2027 1269 2094 sed

153 2135 235 2203 falsa
262 2135 416 2226 protulit,
446 2145 476 2203 et
506 2135 657 2228 quadam
687 2158 765 2204 vera
795 2137 1036 2228 antiquioribus
1073 2137 1272 2228 temporibus

152 2246 269 2315 affixit.
287 2247 381 2315 Unde
401 2269 467 2315 non
491 2247 707 2315 mentiebatur
719 2247 774 2337 jus
790 2269 912 2315 novrrm
931 2246 1095 2335 lingendo,
1113 2246 1169 2314 sed
1188 2245 1272 2312 fictis

154 2354 255 2422 simul
268 2377 343 2422 cnm
359 2357 445 2422 veris
460 2353 664 2422 documentis
678 2355 733 2445 jus
748 2354 862 2442 vigens
877 2353 1126 2444 propugnando.
1142 2351 1272 2419 Putavit

154 2471 260 2530 erstem
287 2483 321 2528 se
344 2461 461 2530 melius
484 2462 530 2527 sie
550 2461 760 2528 obtenturum
787 2483 882 2550 quem
911 2459 1096 2528 intendebat
1123 2481 1269 2549 scopum.

199 2572 416 2638 Aaanuauruu
432 2570 489 2637 lll.
507 2607 551 2620 -
566 2571 622 2638 Ec
635 2591 766 2638 assensu
781 2568 927 2659 pennoti
939 2568 1090 2638 Ecclesiae
1104 2567 1138 2636 in
1151 2567 1273 2635 doctri-

156 2703 235 2748 nam
247 2693 279 2748 et
293 2679 500 2770 discplinam
516 2680 648 2769 qualem
663 2679 835 2746 exhibebat
850 2676 1147 2746 remeo-redona.
1161 2715 1205 2728 -
1216 2677 1273 2744 Est

155 2788 276 2856 lactum
300 2789 436 2856 omnino
450 2797 589 2873 certum,
607 2787 695 2876 qnod
720 2809 825 2878 neque
847 2787 888 2853 ab
909 2785 1105 2854 adversariis
1120 2793 1270 2872 negatur,

156 2899 252 2966 falsas
267 2899 453 2982 decretales,
470 2899 650 2988 prasertim
664 2921 705 2966 ex
719 2919 787 2990 ¹quc
799 2897 833 2964 in
848 2896 991 2965 codicem
1005 2896 1150 2965 Gratiani
1165 2905 1273 2962 trans-

155 3006 237 3073 fusae
264 3013 352 3089 sunt,
376 3005 498 3094 ubique
524 3026 691 3072 assensum
717 3003 924 3072 obtinuisse:
950 3003 993 3070 ita
1015 3011 1051 3071 ut
1076 3001 1221 3070 doctrina
1242 3008 1273 3068 et

156 3111 325 3202 disciplina
345 3111 386 3179 ab
410 3111 534 3178 Isidoro
553 3115 597 3196 et,
614 3111 702 3202 quod
723 3110 809 3178 idem
831 3118 891 3196 est,
907 3133 926 3176 e
942 3110 1096 3178 Gratiano
1112 3108 1271 3191 exhibita,

73 3289 77 3294 ,
155 3218 296 3286 admissa
310 3227 495 3287 constanter
507 3217 606 3287 luerit
621 3240 678 3309 per
692 3219 789 3307 plura
801 3220 933 3306 seacula,
950 3242 970 3284 a
984 3217 1143 3286 Romanis
1157 3217 1273 3284 Ponti-

156 3327 283 3414 ficibus,
299 3350 319 3395 a
334 3326 490 3412 conciliis,
507 3327 548 3393 ab
571 3327 741 3416 Episcopis
762 3328 860 3395 totius
883 3326 1051 3394 christiani
1072 3325 1171 3410 orbis,
1190 3326 1272 3392 etin

156 3434 275 3502 scholis
297 3434 461 3502 catholicis
483 3441 638 3523 tanquam
660 3433 833 3502 laudabilis
855 3434 983 3502 tradita.
1001 3432 1143 3500 Aliunde
1165 3441 1272 3501 autem

155 3544 298 3612 Ecclesia
312 3565 423 3612 errare
439 3545 551 3636 nequit
570 3546 605 3611 in
623 3545 834 3634 approbando
857 3544 999 3636 aliquam
1021 3542 1201 3610 doctrinam
1218 3551 1274 3610 ant

155 3654 299 3745 aliquam
316 3653 521 3745 disciplinam
544 3654 740 3742 generalem.
764 3653 803 3720 Et
819 3654 893 3721 licet
906 3653 1047 3720 Ecclesia
1062 3652 1273 3744 approbando

155 3760 336 3828 doctrinam
366 3783 441 3850 quaa
470 3760 686 3828 communiter
712 3761 746 3827 in
777 3759 895 3828 scholis
928 3760 1093 3827 catholicis
1119 3758 1271 3845 traditur,

156 3891 221 3936 non
236 3878 322 3936 certa
341 3868 435 3935 faciat
451 3876 644 3956 argumenta
658 3890 716 3958 per
729 3890 803 3958 quae
817 3867 965 3936 doctores
978 3867 1067 3934 illam
1085 3866 1270 3950 adstruunt,

156 3975 336 4043 doctrinam
357 3984 466 4044 tamen
485 3977 589 4068 ipsam
615 3986 734 4044 certam
751 3977 836 4044 lacit.
860 3977 926 4046 Nec
949 3974 1124 4044 catholicus
1138 3984 1197 4060 cst,
1216 3975 1271 4043 sed

155 4083 251 4174 plane
273 4081 457 4167 haereticus,
474 4084 531 4174 qui
555 4083 691 4150 sustinet
712 4085 852 4151 abusum
873 4092 904 4151 et
925 4084 1099 4175 perniciem
1118 4105 1186 4152 esse
1205 4082 1266 4149 dis·

155 4190 309 4283 ciplinam
335 4189 478 4283 aliquam
504 4191 720 4258 universalem
744 4198 774 4257 et
802 4191 842 4259 alr
867 4192 1021 4260 universa
1046 4190 1186 4258 Ecclesia
1212 4191 1273 4259 ad-
