3042 4946
527 469 610 516 rents
633 471 786 518 canodtct.

607 701 629 792 g
651 699 707 768 111.

466 870 501 918 De
515 867 694 934 jurisdictione
711 867 849 922 ordinaris.

140 1039 321 1110 Prasontis
351 1038 549 1131 paragraphi
582 1061 699 1132 scopus
727 1048 776 1108 est
802 1041 1029 1112 tantummodo
1058 1067 1218 1136 quarere,

78 1149 236 1240 quinam
271 1147 403 1216 veniant
440 1147 502 1216 snb
533 1147 748 1240 appellatione
787 1147 969 1236 Ordinarii,
1000 1151 1148 1244 Episcopi
1187 1163 1218 1223 et

81 1256 292 1324 Dioecesani.

140 1366 169 1434 1.
185 1364 255 1434 Sub
293 1361 427 1432 nomine
462 1363 635 1432 ordinarii
669 1365 774 1451 venit,
809 1369 839 1432 1ο
872 1388 1025 1435 summus
1049 1368 1215 1460 Pontifex,

81 1471 219 1542 Christi
247 1470 391 1538 interris
414 1469 565 1540 vicarius.
593 1472 665 1563 Ipse
678 1470 768 1540 enim
790 1479 838 1539 est
856 1471 1050 1544 universalis
1065 1477 1215 1548 Ecclesiae

82 1578 288 1671 Episcopus,
301 1576 535 1648 etOrdinarius
550 1576 820 1665 Ordinariorum;
837 1601 920 1670 quos
934 1579 1215 1653 denominationes

85 1687 161 1778 ipsi
182 1695 376 1778 competere,
406 1695 443 1756 nt
467 1687 583 1779 probet
602 1685 815 1757 Reiffenstnel
840 1689 945 1758 multa
969 1689 1087 1781 allegat
1111 1691 1216 1762 docn-

86 1803 210 1866 mento
226 1796 274 1887 (in
292 1800 306 1863 1
325 1795 560 1882 Deoretaliam,
577 1796 626 1865 tit.
647 1799 702 1882 31,
719 1819 755 1866 n.
775 1796 819 1887 6).
836 1800 870 1863 2⁰
886 1796 1096 1868 Ordinarinm
1117 1802 1214 1870 etiam

84 1904 359 1995 jurisdictionem
368 1903 489 1972 habant
501 1902 599 1995 legati
615 1905 739 1973 summi
756 1904 935 1974 Pontificio.
950 1910 982 1974 3ο
998 1909 1080 1977 ltem
1094 1911 1215 2004 aliqum

88 2018 365 2108 congregationes
389 2039 552 2103 romanae,
581 2024 611 2084 et
636 2013 770 2108 quidem
791 2016 1024 2106 universalem,
1052 2020 1126 2090 licet
1149 2045 1215 2092 non

91 2125 205 2218 quoad
228 2125 397 2194 materias.
416 2130 449 2193 4⁰
468 2125 759 2194 Conservatorcsa
781 2123 871 2214 Papa
884 2123 1030 2216 deputati
1045 2128 1085 2196 ad
1107 2138 1216 2221 prote-

91 2231 204 2323 genda
225 2232 410 2325 aliquorum
428 2233 514 2323 jura.
536 2235 566 2298 5·
589 2230 713 2298 «Inter
735 2227 927 2299 Ordinarios
947 2253 1077 2327 quoque
1095 2257 1215 2305 secun-

95 2369 115 2406 «
140 2341 223 2410 dum
259 2363 410 2427 canones,
454 2346 735 2410 connumerantur
779 2338 991 2426 Patriarehae,
1038 2342 1212 2434 Primates,

96 2478 116 2515 a
143 2449 388 2541 archiepiscopi
411 2456 442 2517 et
457 2448 611 2540 Episcopi
630 2475 637 2514 :
661 2445 798 2538 ideoque
813 2445 1067 2518 ordinariorum
1084 2454 1216 2522 nomine

96 2587 115 2624 κ
141 2559 332 2651 simpliciter
356 2559 492 2650 prolato,
520 2558 555 2625 hi
573 2579 701 2644 omnes,
723 2579 782 2649 pro
802 2579 862 2625 sua
881 2557 1020 2650 quisque
1047 2563 1215 2652 provincia

97 2694 116 2731 a
144 2667 194 2734 rel
208 2665 351 2756 diaecesi,
368 2667 457 2735 venit
472 2663 715 2754 intelligendus.
734 2690 751 2728 a
771 2664 1006 2753 (Reiffenstuel,
1021 2667 1093 2736 loco
1105 2671 1214 2758 citato,

92 2798 130 2842 n.
162 2774 206 2863 a.)
226 2779 258 2842 6ο
279 2800 296 2840 c
318 2775 425 2842 Etiam
453 2771 594 2842 vicarius
617 2771 781 2861 generalis
805 2771 955 2863 Episcopi
977 2781 1008 2840 et
1035 2777 1214 2867 capitulum

96 2908 115 2948 ι(
142 2881 217 2950 sede
231 2889 364 2949 vacante
378 2880 514 2950 veniunt
529 2879 665 2948 nomine
679 2879 856 2948 Ordinarii.
881 2882 913 2946 7·
927 2880 1110 2952 Canonicus
1125 2887 1216 2956 theo-

97 3016 115 3056 «
142 2989 270 3079 legalis,
298 2988 354 3081 qni
381 3010 422 3055 ex
444 2986 548 3056 officio
568 2985 833 3077 jurisdictionem
854 2986 951 3055 hahet
970 2988 1010 3056 ad
1031 2993 1217 3082 pradican-

97 3128 116 3164 α
143 3099 222 3166 dnm
249 3121 305 3166 sen
326 3095 523 3166 docendum.
549 3099 580 3161 8·
596 3095 780 3164 Canoniens
801 3096 1042 3187 poenitentialis,
1060 3102 1117 3192 qui
1134 3103 1213 3172 item
1277 3173 1280 3182 .

99 3229 183 3276 «ex
214 3205 319 3276 officio
342 3203 606 3296 jurisdictionem
638 3202 735 3270 habet
763 3202 798 3270 io
833 3203 905 3272 foro
937 3207 1150 3295 poenitentiali
1185 3220 1218 3279 et

99 3343 117 3383 ε(
142 3323 288 3384 externo.
302 3318 333 3382 9ο
346 3311 493 3382 Tandem
507 3310 674 3380 Ordinarii
685 3309 901 3403 appellatione
912 3313 1002 3380 venit
1015 3316 1217 3410 quicumque

100 3451 117 3490 «
141 3423 302 3494 Praelatus
317 3421 464 3506 inferior,
481 3419 605 3488 hnhms
620 3441 661 3488 ex
677 3419 783 3490 officio
793 3419 1058 3509 jurisdictionem
1069 3425 1215 3518 aliquam

101 3559 118 3598 s
142 3531 383 3600 ordinariam»
415 3529 527 3618 (idem,
556 3526 671 3618 ibid.l;
699 3526 800 3596 modo
825 3535 935 3596 tamen
953 3528 1142 3619 jurisdictio
1161 3536 1216 3604 illa

96 3640 264 3712 ordinaria
275 3641 317 3708 sit
333 3639 368 3708 in
384 3639 455 3708 toro
469 3646 618 3707 externo.

142 3745 392 3818 Advertendum
405 3755 453 3815 est
467 3769 582 3814 omnes
597 3745 654 3838 qui
669 3745 790 3814 habent
801 3743 1064 3836 jurisdictionem
1081 3755 1216 3824 ordina-

98 3858 185 3926 riam
199 3879 266 3924 non
281 3856 395 3926 venire
411 3854 473 3922 suh
488 3854 623 3922 nomine
636 3853 815 3941 Ordinarii,
832 3875 909 3921 nam
926 3855 988 3923 snb
1004 3855 1063 3925 hoc
1083 3865 1216 3933 nomine

96 3989 164 4034 non
190 3965 417 4054 intelliguntur
440 3964 587 4057 parochi,
605 3963 716 4032 vicarii
739 3963 901 4056 perpetui,
915 3977 946 4032 et
964 3974 1102 4036 rectores
1120 3995 1215 4064 paro.

98 4073 248 4142 chiarnm
276 4077 317 4140 ad
353 4080 472 4140 untnm
504 4071 715 4158 revocabiles,
744 4072 819 4140 licet
850 4071 989 4140 habeant
1017 4075 1217 4150 ordinariam

99 4187 303 4274 potestatem.
