3042 4946
533 421 616 468 runis
638 422 788 500 canopica.
1160 409 1221 472 519

91 557 169 625 cilii
187 585 194 624 z
217 585 234 622 o
249 557 355 626 Fateri
370 559 467 628 etiam
483 568 621 652 oportet,
636 561 672 629 in
686 583 724 630 ea
742 562 898 653 (Ecclesia
913 566 1085 657 catholico)
1098 589 1220 638 novum

93 687 174 734 esse
189 665 318 734 visibile
332 675 364 736 et
378 675 552 738 externum
568 669 797 757 sacerdotium,
813 671 848 739 in
869 672 956 763 quod
976 682 1069 743 rems
1084 675 1221 744 mansla-

92 782 174 843 tum
194 767 256 844 ‘eat
273 775 343 843 Hoc
364 783 472 846 ouem
492 776 666 850 abeodem
687 778 829 848 Domino
854 779 1014 850 salvatore
1037 790 1148 854 nostro
1169 783 1223 850 in-

93 882 254 952 stitutum
282 905 363 971 esse,
392 891 489 978 atque
512 885 677 976 Apostolis
709 908 888 978 eorumque
921 889 1159 958 successoribus
1185 891 1220 959 in

92 991 283 1062 sacerdotio
305 1001 493 1086 potestatem
515 995 667 1066 traditam
688 995 910 1084 consecrandi,
928 996 1084 1066 offerendi
1106 1009 1137 1068 et
1158 1001 1222 1068 mi-

92 1099 262 1170 nistrandi
276 1124 394 1194 corpus
407 1111 440 1171 et
452 1103 646 1194 sanguinem
660 1103 744 1196 ejus,
761 1127 886 1174 necnon
905 1113 937 1172 et
956 1113 1085 1196 peccata
1107 1105 1221 1175 dimit-

92 1205 190 1276 tendi
205 1216 237 1276 et
252 1207 425 1296 retinendi,
439 1231 539 1278 sacrae
555 1210 671 1280 litterae
686 1211 873 1298 ostendunt,
886 1220 917 1279 et
930 1211 1095 1280 catholicae
1110 1212 1220 1282 Eccle-

92 1317 158 1385 siae
176 1317 307 1388 traditio
320 1340 448 1411 semper
462 1319 582 1388 docuit.
601 1345 618 1384 o
635 1319 798 1409 (Sessione
812 1323 867 1405 23,
884 1320 986 1410 capite
1001 1319 1045 1409 1.)

148 1451 166 1490 a
186 1424 270 1494 Cum
292 1425 472 1518 Scripturae
493 1426 690 1513 testimonio,
708 1427 893 1518 Apostolica
913 1425 1084 1496 [inditione
1104 1435 1136 1496 et
1157 1429 1219 1496 Pa-

93 1540 189 1601 trum
207 1533 352 1602 unanimi
374 1555 533 1602 consensu
557 1533 765 1626 perspicuum
789 1533 843 1621 sit,
859 1557 917 1626 per
939 1556 1062 1602 sacram
1082 1534 1218 1607 ordina-

91 1641 238 1728 tionem,
251 1663 327 1733 quae
343 1640 451 1708 verbis
474 1649 505 1708 et
521 1640 623 1730 signis
645 1641 861 1710 exterioribus
882 1641 1061 1733 perficitur,
1077 1645 1215 1732 gratiam

94 1749 254 1837 conferri,
269 1749 420 1819 dubitare
443 1773 539 1818 nemo
557 1749 664 1838 debet,
680 1750 829 1821 ordinem
849 1773 918 1820 csse
938 1772 1014 1821 vere
1037 1760 1069 1819 et
1088 1753 1219 1844 proprie

94 1879 204 1926 unum
218 1879 259 1926 ex
274 1866 396 1949 septem
411 1871 530 1926 sancte
545 1857 699 1926 Ecclesiae
714 1859 934 1926 sacrementis.
950 1883 966 1922 a
986 1857 1146 1949 (Sessione
1161 1863 1216 1947 23,

94 1963 203 2056 capite
220 1965 264 2055 3.)

146 2105 163 2142 ι(
186 2079 348 2160 Quoniam
371 2101 448 2148 vero
473 2079 507 2146 in
533 2085 734 2146 sacramento
760 2077 897 2162 ordinis,
917 2077 1000 2146 sicut
1023 2079 1112 2146 etin
1136 2079 1217 2170 bep-

94 2187 194 2257 tismo
220 2198 252 2257 et
283 2189 543 2274 confirmatione,
569 2187 734 2256 character
759 2186 975 2279 imprimitur,
998 2188 1055 2278 qui
1077 2209 1136 2255 nec
1159 2187 1216 2256 de-

93 2295 229 2366 leri‘ncc
247 2297 369 2366 auferri
392 2305 507 2389 potest,
525 2295 640 2365 merito
660 2303 771 2364 sancta
789 2294 934 2387 synodus
954 2295 1088 2364 damnat
1101 2317 1214 2364 eorum

94 2406 291 2474 sententiam
314 2406 371 2497 qui
392 2414 540 2474 asserunt
562 2405 647 2474 Novi
668 2403 864 2473 Testamenti
884 2402 1064 2472 sacerdotes
1090 2411 1216 2496 tempo-

93 2512 216 2581 rariam
242 2511 468 2582 tantummodo
495 2519 684 2604 potestatem
709 2511 841 2598 habere,
861 2519 893 2579 et
915 2511 1014 2578 semel
1041 2512 1100 2578 rite
1121 2511 1215 2579 ordi-

93 2627 200 2705 natos,
217 2621 336 2689 iterum
350 2619 448 2688 laicos
462 2618 546 2688 effici
561 2641 667 2710 posse,
682 2619 710 2688 si
726 2617 818 2687 verbi
838 2617 897 2686 Dei
914 2617 1131 2686 ministerium
1149 2640 1213 2686 non

94 2736 275 2796 exerceant.
295 2753 312 2790 »
330 2727 493 2817 (Sessione
510 2729 565 2812 23,
583 2726 685 2817 rapite
700 2725 746 2816 l.)

143 2864 160 2900 o
183 2835 219 2904 Si
234 2837 309 2928 quis
322 2835 442 2904 dixerit
456 2859 522 2904 non
537 2858 606 2904 esse
620 2835 655 2902 in
669 2835 762 2904 Novo
776 2837 981 2904 Testamento
997 2833 1211 2904 sacerdotium

95 2943 222 3012 visibile
245 2951 277 3010 et
299 2951 486 3030 externum,
502 2943 555 3011 vel
577 2963 642 3012 non
668 2951 947 3042 esselpotestatem
964 2943 1107 3034 aliquam
1130 2966 1213 3012 con-

95 3051 242 3121 secrandi
255 3059 288 3119 et
305 3049 463 3120 offerendi
477 3071 593 3120 verum
617 3073 734 3141 corpus
755 3060 787 3120 et
806 3050 998 3140 sanguinem
1020 3049 1164 3137 Domini,
1182 3060 1214 3119 et

95 3167 221 3249 peccata
229 3155 417 3227 remittendi
429 3166 460 3225 et
471 3157 880 3244 retinendi...,anathems
892 3156 1210 3248 sit.»(Sessione23,

96 3289 215 3335 mnone
234 3268 278 3358 t.)

142 3399 158 3438 o
180 3373 216 3442 Si
231 3374 305 3466 quis
317 3373 450 3461 dixerit,
465 3381 584 3466 praeter
599 3373 815 3442 sacerdotium
838 3395 904 3441 non
924 3394 993 3440 esse
1013 3372 1049 3439 in
1070 3373 1211 3442 Ecclesia

95 3469 247 3550 cellrolica
269 3481 350 3551 alios
370 3479 502 3551 ordines
519 3533 572 3569 ...,
586 3480 759 3550 anathema
779 3480 831 3548 sit.
857 3507 874 3545 ›>
902 3479 1062 3570 (Sessione
1085 3485 1140 3570 23,
1158 3503 1210 3550 ca-

96 3610 176 3658 none
192 3589 239 3680 2.)

141 3721 157 3761 c
180 3695 215 3764 Si
234 3697 308 3789 quis
323 3695 444 3766 dixerit
467 3695 613 3766 ordinem
638 3697 707 3765 sive
730 3719 853 3765 sacram
877 3693 1128 3785 ordinationem,
1145 3720 1211 3766 non

96 3826 159 3873 esse
173 3825 249 3873 vere
264 3813 296 3873 et
310 3805 441 3897 proprie
457 3813 711 3891 sacramentum,
728 3828 748 3873 a
767 3803 898 3875 Christo
918 3802 1058 3872 Domino
1080 3804 1210 3875 institu-

97 3921 160 3980 tum
179 3963 231 3998 ...,
247 3912 418 3982 anathema
434 3913 486 3980 sit.
506 3939 521 3977 n
544 3912 705 4002 (sessione
727 3915 783 3999 23,
800 3932 922 3978 canone
939 3911 984 3999 3.)

141 4049 156 4087 o
177 4019 302 4114 Siquis
322 4021 443 4092 dixerit
459 4043 516 4113 per
531 4043 654 4090 sacrem
671 4021 910 4088 ordinationem
983 4004 1210 4112 non'imprimi

99 4129 321 4217 characterem,
342 4129 395 4198 vel
422 4151 496 4200 eum
526 4130 583 4221 qui
612 4129 760 4198 sacerdos
786 4127 886 4198 semel
909 4126 970 4194 luit
994 4126 1112 4196 laicum
1135 4151 1212 4200 rur·
1260 4112 1262 4130 Α
