3042 4946
278 457 338 520 576
629 477 805 524 renarrans
827 479 866 524 ns
888 477 1043 526 nannenus

276 640 292 679 c
316 615 416 706 possit
439 615 509 684 aiae
528 638 625 687 eausa
647 617 726 688 dare
739 625 930 710 potestatem
945 618 1041 688 alicui
1066 617 1205 712 principi
1229 617 1403 698 seculari,

277 749 294 786 a
316 730 354 791 ut
373 723 475 814 possit
485 723 633 816 judicare
646 726 732 796 inter
746 726 891 796 clericos.
917 727 958 796 Et
970 727 1032 796 hoc
1045 748 1084 796 eo
1101 726 1205 816 magis
1219 731 1268 794 est
1281 724 1405 795 dicen-

277 855 293 896 «
316 831 395 900 dum
419 832 497 926 quia
515 831 611 924 juxta
636 835 892 905 communiorem
915 842 947 904 et
968 833 1220 927 probabiliorem
1243 834 1405 902 mnonis-

277 963 294 1004 ι
317 947 425 1008 tarum
441 941 646 1028 sententiam,
660 942 824 1036 exemptio
837 952 886 1011 est
902 941 1029 1034 dejure
1043 941 1167 1011 divino.
1194 966 1211 1005 n

318 1052 348 1116 6.
369 1049 418 1116 Ex
441 1049 535 1117 dictis
550 1049 688 1141 quisque
702 1049 796 1118 facile
812 1049 955 1140 colliget,
977 1049 1156 1119 versiculos
1170 1049 1292 1142 quibus
1305 1049 1404 1117 indi-

272 1163 387 1224 cantur
410 1157 611 1226 conditiones
630 1157 796 1248 requisitae
821 1164 858 1226 ut
881 1158 957 1250 quis
979 1157 1122 1248 delegari
1144 1158 1258 1250 possit,
1283 1165 1316 1225 et
1336 1159 1403 1248 qui

273 1288 293 1331 a
326 1266 502 1334 canonistis
536 1266 649 1335 referri
683 1267 787 1335 solent
821 1267 935 1358 (refert
968 1267 1191 1354 Reiffenstuel,
1220 1268 1292 1336 loco
1322 1265 1400 1354 cit,

275 1395 307 1439 n.
342 1375 409 1464 67),
434 1373 654 1465 jurisdictioni
680 1375 768 1445 civili
795 1397 835 1443 ex
863 1377 998 1469 antiquo
1016 1378 1092 1469 jure
1121 1399 1258 1446 romano
1286 1377 1402 1468 potius

271 1480 528 1549 accommodatos
541 1481 652 1568 fuisse,
668 1505 767 1574 qnam
784 1481 1018 1552 ecclesiasticae.
1036 1484 1086 1552 En
1101 1484 1176 1552 illos
1191 1505 1329 1553 versus:

463 1623 548 1685 Liber,
563 1633 628 1686 mas,
642 1637 747 1688 marus,
760 1625 803 1676 cui
816 1625 849 1676 att
859 1639 942 1689 mens,
955 1627 1058 1692 integra
1068 1626 1145 1689 tama,

460 1705 541 1767 AEtaa,
556 1705 600 1768 qut
611 1705 694 1758 subsit
706 1721 714 1755 ε
728 1705 900 1758 committitur
913 1706 975 1758 hnic
990 1707 1058 1758 benc
1074 1721 1160 1758 cauea.

818 1961 877 2032 tv.

516 2149 652 2212 Quomodo
669 2151 786 2216 ajudice
803 2151 921 2218 delegem
938 2151 982 2203 flat
998 2151 1146 2218 appellatio.

320 2355 349 2419 i.
368 2352 502 2421 Certum
525 2360 572 2420 est
592 2352 717 2421 licitum
747 2353 864 2444 cuique
894 2374 963 2420 esse
990 2352 1152 2444 appellare
1178 2373 1198 2418 a
1229 2350 1394 2440 delegato,

272 2460 370 2528 etiam
396 2458 505 2549 Papae,
534 2459 746 2550 quandoper
769 2459 1058 2552 ejussententiam
1084 2481 1119 2526 se
1133 2459 1254 2548 iniuste
1269 2479 1395 2546 grava-

274 2577 343 2636 tum
366 2567 541 2653 existimat,
569 2566 665 2636 modo
685 2568 759 2635 talis
777 2567 944 2657 delegatus
970 2589 1036 2635 non
1065 2567 1223 2657 acceperit
1253 2573 1397 2656 potesta-

274 2684 337 2743 tem
368 2675 576 2766 procedendi,
600 2675 723 2768 adjecta
751 2677 895 2746 clausula
925 2675 1147 2767 appellatione
1174 2686 1313 2742 remota.
1347 2673 1397 2739 lta

273 2781 661 2852 communiterdoctores.
1034 2859 1036 2864 ,

318 2895 349 2956 2.
365 2889 451 2972 Quid
474 2912 552 2958 varo
567 2891 594 2957 si
608 2890 775 2980 delegatus
799 2891 921 2958 summi
934 2888 1102 2958 Pontificis
1118 2888 1279 2958 habeatin
1297 2911 1397 2956 mau-

272 2999 349 3068 dato
362 2998 540 3066 clausulam
555 3000 647 3067 omni
660 2999 880 3090 appellatione
900 3004 1051 3068 remoto?
1071 2999 1143 3067 Non
1158 3005 1263 3090 potest
1278 3000 1397 3090 appel-

272 3105 347 3190 lari,
374 3104 436 3172 nisi
458 3105 492 3172 in
512 3105 709 3197 quibusdam
729 3105 871 3192 casibus,
895 3108 929 3174 in
953 3107 1072 3198 quibus
1091 3105 1146 3197 jus
1161 3127 1315 3198 expresse
1330 3127 1400 3198 ap-

273 3211 478 3302 pellationem
501 3211 647 3280 concedit
671 3214 885 3282 nonobstante
902 3213 1057 3305 praedicta
1079 3213 1237 3282 clausula.
1254 3215 1298 3280 At
1314 3235 1399 3282 vem

271 3323 299 3390 si
318 3322 483 3412 delegatus
506 3324 627 3392 summi
650 3324 817 3393 Pontificio
845 3347 975 3394 cauma]
1005 3322 1276 3414 subdelegaverit,
1309 3324 1400 3392 bene
1500 3337 1501 3348 ¹

273 3438 412 3522 potesta
431 3430 641 3521 subdelegato
660 3430 702 3500 ad
719 3432 904 3522 delegatum
926 3430 1104 3524 appellari;
1126 3433 1203 3522 quia
1224 3429 1398 3520 delegatus
1500 3449 1501 3458 ³

273 3537 459 3630 pontificius
484 3561 550 3608 non
580 3539 685 3630 potnit
709 3537 921 3628 subdelegare
944 3561 1018 3607 cum
1048 3537 1207 3626 clausula,
1241 3537 1399 3630 appella-

272 3648 358 3716 tione
374 3658 512 3715 remoto.
535 3647 612 3715 Haec
625 3647 713 3714 enim
733 3647 877 3714 clausule
898 3647 1088 3715 aPontiiice
1103 3647 1227 3737 adjecta
1240 3653 1399 3715 censetur

273 3761 405 3847 propter
429 3753 598 3846 personale
623 3755 776 3822 meritum
798 3755 869 3846 ejus
887 3776 984 3844 quem
1010 3753 1113 3842 eligit,
1135 3775 1201 3822 non
1222 3762 1330 3832 eutem
1348 3754 1399 3821 ita
1500 3743 1501 3818 l

272 3872 308 3932 ut
323 3863 424 3953 possit
437 3860 478 3929 ad
492 3861 573 3930 alios
588 3884 646 3954 per
661 3860 959 3950 subdelegaticnem
980 3860 1123 3929 extendi.

318 3975 348 4038 3.
365 3969 502 4053 Quando
524 3968 752 4038 ordinariusa
778 3970 865 4061 Papa
886 3969 1036 4038 diversus
1062 3991 1193 4038 eanmm
1216 3968 1391 4060 delegasit,

272 4078 443 4168 appellatio
465 4096 593 4168 semper
619 4075 690 4145 fieri
714 4085 816 4169 potest
843 4099 862 4144 a
886 4076 1035 4165 delegato
1060 4075 1101 4145 ad
1124 4075 1340 4167 delegantem,
1356 4075 1391 4146 id
1500 4087 1501 4104 ¹

272 4193 320 4260 est
335 4184 559 4254 Ordinarium.
579 4184 626 4252 lta
641 4185 800 4252 sententia
815 4185 1012 4253 communis.
