3072 4948
295 467 356 532 ³62
642 484 817 532 meram
838 484 877 528 ne
899 481 1053 528 maenus

293 649 370 696 nem
392 626 500 718 potina
519 646 590 694 me
614 623 798 693 &notionis
815 621 909 692 docet
930 619 1082 692 nudam·
1097 619 1314 690 liciliuaatnal
1331 643 1408 689 cum

293 737 407 807 mulu'a
419 737 493 807 aliia
505 737 704 807 doctoribm

339 846 397 914 VI.
428 845 619 938 Requiritnr
647 841 1410 933 utaetnanoninterrumpauturuaqucad

293 955 484 1047 completam
499 953 779 1024 cousuetudinem.
795 991 841 1006 -
855 953 913 1022 Eat
930 951 1093 1021 aenhntia
1109 950 1309 1019 ammonia
1336 977 1355 1014 a
1368 951 1411 1019 Et

297 1061 600 1148 «ratiooetclara3
622 1058 1411 1154 quiaelioquinuoueaeetnccdicipoaaetlagi-

296 1193 314 1236 a
335 1169 415 1239 time
433 1169 631 1262 praecripta
658 1170 817 1240 Gemetarr
834 1167 1035 1238 consuetudo
1054 1166 1261 1258 interrumpi,
1275 1167 1413 1258 quando

296 1305 315 1342 ι
337 1277 390 1346 vel
415 1278 556 1369 poprdna
578 1299 621 1345 ex
645 1287 733 1346 certa
759 1277 893 1346 scicntia
917 1285 1046 1346 uerae
1073 1283 1183 1344 actum
1206 1273 1411 1344 conuarium

297 1389 434 1457 «etiam
455 1387 651 1472 unicum„
675 1387 727 1455 val
747 1385 879 1479 quando
898 1385 1048 1479 superior
1067 1395 1322 1476 tanagrum
1338 1408 1411 1452 auia

296 1521 314 1560 a
336 1495 417 1584 legia
438 1494 545 1585 punit,
567 1503 625 1562 ant
645 1493 681 1562 in
702 1495 859 1563 tribunali
871 1516 933 1586 pro
947 1495 1020 1583 lege
1032 1515 1092 1561 aua
1104 1499 1220 1561 nonna
1232 1503 1411 1561 consuetu-

296 1627 314 1666 a
336 1601 447 1670 dinem
461 1600 611 1692 judicat:
634 1600 695 1670 hac
714 1601 803 1670 enim
824 1601 949 1670 ratiooe
967 1599 1169 1670 consuetudo
1186 1621 1341 1691 expmaa
1356 1623 1412 1668 re-

297 1736 316 1775 ι
339 1717 508 1778 vocaretur
530 1731 590 1800 per
611 1709 825 1801 auperiorcm.
853 1709 963 1778 Tacite
988 1731 1079 1795 vero,
1102 1707 1236 1798 quando
1255 1729 1298 1776 ex
1321 1717 1412 1776 certa

298 1817 472 1886 racundo
500 1818 641 1909 populna
668 1828 833 1888 exerceret
860 1829 968 1888 actum
997 1818 1211 1903 contrarium,
1239 1817 1323 1907 quia
1347 1817 1412 1886 hoc

299 1951 316 1991 a
339 1925 410 2017 ipso
429 1924 612 1994 ostenderet
634 1950 669 1994 ae
691 1927 777 1996 nolle
793 1926 936 2019 amplios
950 1923 1218 1995 consuetudinem
1234 1924 1412 2014 inemptam

299 2033 539 2102 «continuare.
567 2033 609 2102 Et
634 2043 711 2102 tnnc
737 2043 809 2126 poet
835 2033 1024 2125 hujusmodi
1052 2031 1325 2123 interruptionem
1348 2033 1413 2099 crit

299 2169 317 2206 ι
340 2140 479 2210 donoro
494 2140 901 2228 inchoandeooneuetndo,
917 2141 1066 2234 alioquin
1081 2162 1147 2209 non
1163 2139 1296 2208 valebit.
1313 2137 1411 2219 Quod

300 2251 368 2319 asi
393 2259 503 2319 autem
528 2259 600 2342 port
624 2251 752 2344 lapanm
776 2251 916 2342 legitimi
942 2252 1098 2343 temporis
1120 2247 1321 2319 consuetudo
1340 2247 1412 2338 jam

299 2383 316 2423 a
340 2358 438 2427 luerit
458 2358 617 2450 completa
633 2367 666 2428 et
684 2359 825 2446 firmata,
853 2369 930 2428 tunc
945 2381 986 2428 ea
1005 2381 1062 2450 per
1078 2358 1211 2428 unicum
1227 2364 1337 2424 actum
1352 2377 1412 2447 po·

298 2491 315 2530 a
337 2466 408 2557 poli
430 2466 701 2536 contravenientis
725 2490 791 2536 non
817 2477 1014 2538 revocatur:
1038 2465 1096 2536 aed
1113 2465 1163 2534 vel
1180 2485 1264 2556 opus
1277 2471 1326 2530 est
1339 2461 1413 2550 lege

298 2600 317 2637 a
339 2573 529 2663 superioria,
553 2573 820 2642 eomuctodincm
845 2574 936 2644 illam
959 2596 1111 2666 expresse
1132 2571 1335 2660 abnegantis,
1358 2569 1414 2638 vel

300 2701 426 2748 onore
457 2679 620 2748 contraria
648 2680 984 2750 consuetudinalium
1014 2679 1169 2772 temporie
1196 2677 1414 2749 diuturnitate

300 2813 317 2850 a
339 2785 475 2876 aliisque
498 2787 674 2880 requisitis.
694 2814 710 2852 a
733 2788 968 2879 (Reiffenetuel,
985 2789 1018 2856 in
1035 2790 1053 2854 l
1071 2787 1203 2858 titulum
1218 2789 1267 2855 De
1279 2807 1414 2854 cornuc-

297 2891 422 2978 tudine,
436 2892 541 2962 libril
563 2895 792 2984 Decentium,
809 2897 830 2987 §
848 2901 879 2982 5,
896 2919 930 2963 n.
952 2899 1010 2963 133
1025 2895 1152 2985 etseq.)

807 3203 893 3292 gn.

446 3407 481 3456 Dc
495 3407 618 3470 reqofflta
632 3407 828 3478 consuetudinis
839 3407 1038 3457 rationabilitate
1053 3411 1080 3456 ut
1092 3406 1144 3456 aim
1158 3406 1260 3455 habeat

341 3647 610 3718 Prenotondum.
633 3647 677 3716 Ut
696 3645 895 3716 consuetudo
911 3647 978 3715 vim
995 3645 1123 3731 haheat,
1139 3643 1173 3714 id
1188 3655 1248 3732 eat,
1267 3655 1303 3714 ut
1318 3645 1414 3714 iaciat

295 3755 413 3845 legem,
435 3755 488 3822 vel
507 3755 630 3824 eximat
648 3777 668 3822 a
690 3754 761 3844 lege
776 3753 886 3847 eliqua
900 3753 1079 3840 communi,
1095 3763 1219 3820 certum
1233 3761 1282 3820 est
1296 3753 1415 3845 impri-

297 3863 371 3949 mis,
397 3871 430 3930 et
452 3863 494 3930 ab
517 3861 670 3931 omnibus
684 3861 877 3948 admissum,
896 3862 986 3931 illam
1004 3859 1121 3930 debere
1135 3884 1205 3928 esse
1218 3861 1339 3930 bonam
1355 3885 1412 3930 seu

296 3971 536 4040 rationabilem.
563 3971 629 4040 Neo
654 3971 695 4039 de
721 3971 782 4039 hoc
809 3971 953 4063 generali
978 3970 1138 4063 principio
1162 3969 1230 4038 ulla
1254 3979 1304 4038 est
1326 3969 1413 4061 apud

297 4087 443 4148 auctores
461 4077 701 4158 controversie;
726 4088 758 4147 et
778 4087 863 4171 patet
884 4079 990 4147 ratio:
1016 4075 1215 4148 consuetudo
1234 4077 1321 4146 enim
1338 4100 1413 4169 quaa

299 4187 383 4255 mala
409 4195 457 4256 eat
479 4196 510 4255 et
533 4185 775 4274 irrationabilis,
803 4186 923 4256 nedum
947 4186 1015 4254 vim
1038 4185 1119 4274 legis
1143 4184 1271 4269 habeat,
1298 4185 1412 4254 veleb
