3064 4952
306 451 368 518 200
660 475 835 521 rnucrauus
859 476 897 520 oa
919 474 1075 520 uniuersus

307 625 400 683 atus
427 615 573 684 absolute
598 614 694 701 dixit,
719 613 952 706 Quodcumque
982 615 1146 705 lipcocris,
1167 623 1200 682 et
1227 619 1326 685 Posce
1354 639 1425 685 oues
1515 621 1516 626 ’

306 751 323 789 o
347 745 452 805 meaa·
468 721 508 791 de
519 721 641 814 populo
653 729 764 792 autem
781 721 863 790 nihil
876 723 973 808 dixit,
990 744 1049 791 nec
1065 723 1174 816 posuit
1188 721 1423 811 conditionem,

306 860 323 900 c
345 835 375 902 si
384 835 529 926 populus
542 833 768 926 acceptave-it.
787 834 844 904 Est
859 858 938 925 ergo
954 836 1120 906 conclusio
1134 846 1223 907 certa
1236 839 1276 908 de
1290 839 1353 910 huc
1367 862 1425 933 po·

306 969 322 1005 a
345 950 470 1030 testate,
487 950 588 1035 prout
600 951 649 1012 est
661 942 696 1010 in
712 965 846 1012 summo
861 943 1062 1013 Pontifiee...

350 1079 367 1116 o
389 1051 437 1119 De
461 1049 673 1123 inferioribus
697 1059 809 1120 autem
833 1072 898 1119 non
914 1060 963 1120 est
977 1074 1029 1122 res
1043 1051 1087 1122 ita
1104 1061 1204 1142 certa,
1219 1055 1298 1148 quia
1313 1056 1349 1123 in
1364 1055 1426 1124 illis
1514 1067 1516 1126 ξ

304 1187 322 1226 c
344 1167 485 1253 potestas
499 1167 547 1227 est
560 1158 601 1227 ab
616 1158 687 1250 ipso
699 1159 800 1251 Papa,
818 1182 838 1227 a
853 1182 919 1251 quo
934 1159 1006 1228 dari
1022 1169 1126 1251 potest
1140 1185 1218 1232 cum
1230 1163 1425 1234 limitatione

304 1297 320 1336 a
343 1276 375 1337 et
389 1267 451 1335 sub
466 1265 623 1358 predicta
637 1264 821 1336 conditione
839 1295 846 1334 :
863 1267 1081 1337 nihilominus
1094 1277 1205 1339 tamem
1218 1270 1276 1340 illa
1293 1271 1425 1365 (nempe

303 1406 320 1445 a
341 1377 496 1448 limitatio
512 1384 542 1445 et
564 1375 719 1468 conditio)
743 1399 808 1446 non
824 1385 872 1446 est
886 1376 1092 1448 admittenda
1106 1401 1165 1448 nec
1177 1381 1424 1472 praesumeuda,

303 1515 320 1554 n
344 1487 407 1554 nisi
422 1483 462 1554 de
477 1485 534 1552 illa
548 1485 626 1554 satis
640 1485 860 1554 constiterit...
885 1487 922 1554 ln
938 1509 1004 1579 quo
1018 1488 1117 1556 etiam
1134 1495 1182 1555 est
1198 1488 1344 1558 notanda
1359 1491 1426 1560 dif-

303 1623 321 1662 ι(
346 1597 483 1666 ferentia
495 1597 580 1665 inter
593 1594 787 1666 Pontificem
803 1605 834 1664 et
855 1596 1027 1665 inferiores
1042 1596 1214 1687 Praelatos,
1230 1599 1319 1692 quod
1333 1601 1425 1670 nulla
1515 1686 1516 1692 η

305 1732 322 1770 a
345 1703 546 1774 consuetudo
569 1703 697 1772 obstare
721 1711 838 1796 potest,
859 1704 1037 1795 quominus
1052 1704 1206 1775 Pontifex
1221 1706 1340 1777 habeat
1355 1709 1426 1778 dic·
1516 1741 1517 1788 r

305 1839 322 1879 a
345 1821 412 1884 tam
440 1819 650 1904 potestatem
684 1812 762 1904 quia
790 1811 991 1881 consuetudo
1021 1835 1089 1882 nou
1116 1823 1221 1906 potest
1241 1818 1425 1908 praevalere

304 1949 321 1989 a
344 1927 456 1991 contra
477 1919 532 2011 jus
552 1918 705 1990 divinum
725 1947 732 1987 :
751 1928 899 2011 respectu
912 1927 1023 1990 autem
1037 1921 1248 2010 inferiorum,
1265 1924 1323 1994 uhi
1340 1935 1426 1995 esset

304 2062 321 2101 a
344 2037 546 2105 consuetudo
570 2034 746 2120 contraria,
778 2033 923 2101 multum
952 2031 1093 2120 valeret3
1125 2033 1203 2126 quia
1225 2019 1260 2104 iri
1281 2035 1333 2105 his
1347 2059 1423 2129 qua

185 2211 186 2214 ,
305 2169 323 2210 c
343 2142 520 2235 pendente
537 2143 611 2234 jure
634 2142 799 2228 humano,
817 2139 962 2209 multum
978 2148 1084 2232 potest
1098 2141 1310 2212 consuetudo.
1331 2145 1425 2215 Unde

305 2283 321 2323 a
345 2263 376 2323 et
401 2252 664 2346 jurisdictionem
692 2273 813 2342 augere
837 2260 942 2343 potest
967 2257 999 2319 et
1025 2251 1186 2341 minuere,
1210 2254 1344 2345 quando
1368 2279 1425 2348 per

304 2389 320 2428 «
343 2362 514 2432 hominem
530 2359 662 2429 concedi
676 2368 791 2452 potest.
811 2385 828 2424 s
851 2359 911 2451 (De
925 2358 1076 2449 Lepidus,
1092 2359 1117 2428 l.
1133 2361 1192 2448 lv,
1211 2384 1239 2430 c.
1259 2365 1312 2449 16,
1325 2373 1363 2430 n⁰
1376 2365 1421 2453 2.)

344 2473 377 2536 9ο
395 2470 621 2561 Confirmotur
641 2466 837 2535 concordate
862 2488 937 2533 oum
962 2466 1186 2536 Gallicanae
1214 2471 1293 2537 1801
1324 2471 1421 2540 inito.

300 2617 344 2630 -
362 2575 557 2644 Constitutio
584 2573 748 2666 pontificia
778 2595 897 2642 novam
929 2581 1073 2642 statuens
1102 2575 1311 2644 ecclesiarum
1344 2579 1424 2648 Gal-

298 2687 352 2753 liae
368 2681 721 2773 circumscriptionem,
752 2688 864 2749 monet
878 2680 962 2748 hanc
978 2680 1318 2774 circumscriptionem
1335 2686 1424 2754 vali-

299 2804 427 2876 turam,
453 2788 580 2858 etiamsi
605 2787 756 2880 Episcopi
785 2777 981 2857 consensum
1007 2788 1183 2879 denegent,
1212 2813 1312 2884 quem
1338 2817 1423 2862 corr-

298 2922 432 2970 sensum
459 2896 499 2965 de
525 2897 609 2965 lacto
630 2895 835 2986 denegarunt
855 2897 1003 2988 primum
1031 2901 1085 2985 36,
1109 2907 1220 2990 postea
1237 2905 1254 2967 l
1271 2909 1422 2982 tantum;

298 3008 356 3102 qui
379 3013 491 3076 autem
515 3003 691 3073 noluerunt
710 3004 913 3092 consentire,
940 3013 976 3072 ut
989 3004 1189 3074 schismatici
1211 3006 1315 3076 habiti
1330 3023 1420 3078 sunt.

296 3116 393 3188 Unde
416 3114 567 3206 gallicani
596 3113 781 3204 systematis
804 3114 934 3206 patroni
957 3112 1075 3182 dehent
1096 3114 1210 3202 etiam,
1225 3124 1262 3184 ut
1276 3117 1339 3185 sibi
1355 3141 1422 3188 non

297 3224 537 3309 contradicant,
562 3221 721 3290 sustinere
751 3221 894 3290 schisma
917 3219 998 3289 illud
1017 3222 1105 3314 quod
1115 3223 1269 3314 paruula
1285 3227 1423 3296 ecclesaie

298 3333 432 3404 nomine
453 3330 617 3420 designari
634 3328 726 3417 solet,
752 3329 889 3398 minime
905 3328 1049 3398 schisma
1062 3353 1131 3400 esse
1140 3359 1149 3418 ;
1168 3331 1225 3400 sed
1234 3336 1423 3425 paruulum

297 3443 462 3514 ecclesiam
481 3463 550 3509 esse
569 3462 586 3507 e
606 3438 840 3507 matraculam
855 3461 970 3507 veram
986 3448 1018 3508 et
1032 3439 1217 3531 legitimam
1234 3442 1419 3514 eeclesiam.

296 3553 443 3636 Quatuor
458 3548 547 3616 enim
566 3545 681 3615 Galliae
696 3545 864 3639 Episcopi,
881 3546 1036 3639 aquibus
1051 3547 1194 3617 schisma
1208 3551 1295 3619 istud
1312 3551 1420 3621 incae-

294 3661 359 3751 pit,
384 3677 555 3746 nunquam
579 3660 787 3745 acceptarunt
801 3652 910 3743 legem
926 3653 1062 3722 Pianam
1072 3707 1082 3742 ,
1099 3679 1164 3748 qua
1179 3679 1295 3726 eorum
1316 3659 1419 3728 eecle-

294 3768 352 3835 siae
377 3761 645 3856 suprimcbantur
666 3769 698 3829 et
721 3760 999 3850 extinguebantur
1006 3789 1017 3848 ;
1042 3775 1074 3832 et
1097 3762 1194 3855 juxte
1217 3765 1416 3856 gallicanum

294 3884 438 3966 systema
450 3871 530 3964 ipsis
546 3891 613 3938 non
628 3867 793 3960 acceptare
806 3868 949 3938 liberum
966 3869 1041 3958 fuit,
1058 3878 1169 3963 utpote
1181 3872 1223 3941 ad
1239 3875 1328 3965 quod
1342 3899 1418 3967 per·

293 3982 414 4054 tinebat
432 3979 579 4071 judicare
602 3976 641 4046 de
669 3976 830 4067 pontificii
852 3977 972 4046 decreti
986 4000 1046 4069 pro
1062 3979 1130 4047 suis
1146 3978 1341 4050 dioecesibus
1352 4007 1418 4075 op·

292 4089 498 4181 portunitate.
517 4086 619 4175 Ergo,
642 4085 740 4176 juxta
758 4083 882 4153 dictum
897 4093 1053 4177 systema,
1069 4088 1104 4155 in
1118 4087 1159 4156 iis
1174 4096 1318 4180 quatuor
1329 4077 1416 4160 dioess

292 4199 418 4267 casibus
436 4219 495 4265 nec
516 4194 623 4286 viguit
635 4215 695 4262 nec
707 4194 795 4284 viget
808 4194 860 4264 lex
877 4194 927 4264 Pii
943 4196 1021 4284 Vll,
1039 4219 1119 4288 ergo
1139 4199 1270 4289 intrusi,
1294 4207 1326 4268 et
1347 4223 1414 4272 non
