3064 4952
241 503 301 569 174
590 521 765 570 raacrarus
788 523 826 568 ns
848 521 1000 568 enrucuus

283 659 374 732 bauo
389 667 521 730 221.-
534 663 766 731 Testimonium
780 685 820 730 aa
831 663 1041 732 Tertulliano.
1051 699 1094 714 -·
1105 658 1244 744 Quidam
1257 657 1358 749 Epis-

237 770 310 863 copi
333 771 469 839 africani
492 770 656 861 rigidioris
681 770 860 861 disciplina
876 780 1003 840 tenaces
1018 767 1359 839 statuerantiornica-

238 879 302 946 rios
314 885 346 946 et
356 877 519 947 adulteros
530 900 596 948 non
610 901 679 948 esse
693 879 735 948 ad
749 901 861 970 pacem
873 878 1088 970 recipiendos,
1105 877 1179 945 licat
1191 877 1358 968 peaniten-

238 989 291 1055 tiae
313 988 353 1057 de
376 989 444 1057 suis
468 988 605 1080 peccatis
629 989 812 1058 testimonia
836 988 1073 1058 exhibuissent.
1097 985 1192 1069 Quod
1216 991 1361 1054 testatm

238 1105 367 1165 aancbn
386 1097 571 1189 Cyprianus
592 1096 727 1189 epistola
756 1100 796 1164 52
812 1097 853 1164 ad
874 1097 1063 1184 Antoniam,
1088 1095 1141 1164 bis
1154 1093 1263 1163 verbis
1280 1094 1361 1160 :Et

238 1205 369 1297 quidm
390 1205 483 1298 opud
494 1219 704 1275 omccessores
718 1217 843 1274 nostros
862 1205 1000 1298 puidam
1017 1205 1058 1274 de
1072 1203 1242 1296 Episcopus
1257 1201 1361 1270 isthic

238 1314 273 1382 ia
287 1313 460 1406 provincio
478 1325 590 1382 nostra
609 1313 755 1382 dumam
764 1335 885 1406 pacem
903 1314 1036 1382 mamb
1057 1335 1124 1381 nou
1133 1324 1356 1406 putauerunt,

238 1434 269 1491 ct
286 1422 323 1490 ia
343 1433 451 1490 totam
463 1421 666 1514 paenitentia
690 1422 798 1492 locum
821 1436 936 1492 contro
961 1421 1125 1492 adulteria
1152 1421 1353 1489 clauserunt.

238 1529 371 1599 Editum
382 1537 431 1598 est
441 1529 482 1597 ad
498 1529 744 1621 temperandum
756 1533 844 1601 bunc
858 1533 998 1601 nimium
1010 1529 1192 1622 disciplina
1207 1531 1356 1619 rigorem

238 1638 380 1710 solemne
400 1636 564 1730 quoddam
578 1638 758 1728 decretum,
778 1640 867 1734 quod
882 1639 1095 1725 Tertulliano,
1112 1646 1222 1730 utpote
1233 1638 1301 1728 jam
1316 1637 1357 1705 in

237 1748 392 1815 baeresim
403 1746 672 1816 Montanistarum
684 1750 787 1842 lapso,
806 1749 899 1819 valde
911 1749 1088 1840 displicuit,
1101 1755 1132 1816 et
1144 1755 1256 1816 contra
1263 1745 1356 1839 quod

238 1854 444 1925 vehementer
461 1855 604 1946 insurgit
621 1857 673 1924 bis
688 1858 796 1927 verbis
815 1885 821 1925 :
844 1885 862 1923 c
885 1856 994 1927 Audio
1015 1857 1111 1926 etiam
1127 1854 1266 1924 edictum
1282 1877 1356 1923 esse

242 1992 259 2029 ιι
282 1964 499 2056 propositum,
532 1963 721 2056 etquidem
746 1967 1025 2057 peremptorium
1052 1964 1204 2033 Pontifex
1231 1963 1357 2031 scilicet

241 2102 259 2140 ιι
282 2074 458 2159 maximus,
484 2072 569 2165 quod
595 2083 654 2160 est,
680 2073 858 2164 Episcopus
878 2073 1125 2164 Episcoporum,
1143 2071 1238 2139 edicit
1257 2071 1357 2159 :Ego

161 2205 163 2208 ·
241 2191 313 2250 cet
334 2179 479 2249 moeebiae
506 2188 538 2247 et
563 2179 784 2249 fornicationis
805 2181 921 2249 delicta
946 2181 1134 2272 poenitentia
1157 2179 1278 2248 iunctis
1302 2179 1357 2245 di-

241 2317 257 2356 «
293 2290 398 2358 mitto.
416 2287 613 2374 aedictum,
629 2290 681 2357 cui
695 2289 834 2358 adscribi
850 2312 916 2358 non
929 2290 1047 2381 poterit
1066 2290 1188 2358 bonum
1213 2289 1352 2357 iactum!

241 2427 258 2466 ιι
284 2396 599 2491 (Depudicitia,cap.
615 2397 1358 2489 l.)-Exhibcigituretnnucmibi,Aposto-

210 2555 221 2570 .
242 2537 259 2576 ιι
281 2508 357 2595 lice,
380 2506 567 2600 prophetica
582 2508 742 2599 exempla,
761 2517 792 2576 et
806 2529 980 2597 agnoscam
999 2506 1214 2592 divinitatem,
1233 2514 1264 2574 et
1279 2506 1357 2572 vin-

242 2643 259 2682 ιι
282 2615 353 2683 dica
366 2615 424 2683 tibi
440 2612 631 2682 delictorum
650 2615 847 2705 ejuscemodi
863 2614 1132 2684 remittendorum
1148 2623 1352 2707 potestatem.

243 2753 259 2790 ιι
282 2725 328 2792 De
343 2732 400 2792 tua
424 2745 511 2791 nunc
533 2725 690 2792 sententia
703 2747 830 2815 quaro,
847 2724 934 2793 unde
947 2724 1007 2793 boc
1018 2725 1074 2817 jus
1089 2723 1240 2792 Ecclesiae
1255 2745 1353 2792 usur-

242 2859 259 2900 ιι
281 2855 349 2924 pes.
367 2832 403 2901 Si
417 2831 494 2923 quie
505 2831 625 2900 dixerit
635 2832 731 2900 Petro
745 2833 918 2919 Dominus,
930 2832 1121 2925 superbene
1133 2841 1259 2924 petram
1271 2833 1355 2900 eadi-

241 2968 257 3006 «
281 2941 384 3010 licabo
402 2939 577 3012 Ecclesiam
599 2962 721 3024 meam,
746 2940 819 3008 Tibi
845 2940 919 3009 dedi
948 2941 1055 3009 claves
1075 2941 1170 3030 regni
1195 2940 1352 3025 caelestis,

241 3077 258 3116 ιι
280 3049 344 3136 vel,
362 3048 582 3138 Quacumque
598 3045 782 3137 alligaveris
802 3049 854 3118 vel
876 3049 1012 3118 solveris
1026 3049 1060 3116 in
1075 3056 1173 3135 terra,
1191 3056 1287 3116 erunt
1302 3046 1355 3115 al·-

241 3184 258 3224 ιι
279 3158 381 3248 ligata
393 3157 445 3226 vel
456 3155 606 3225 solutain
617 3156 719 3243 caelis,
736 3155 857 3226 ideirco
870 3157 1043 3249 praesnmis
1052 3167 1084 3225 et
1095 3159 1137 3225 ad
1150 3166 1180 3225 te
1189 3156 1355 3226 derivasse

241 3293 258 3332 ιι
280 3263 428 3336 solvendi
443 3273 476 3333 et
488 3262 643 3353 alligandi
658 3273 860 3356 potestatam,
878 3266 911 3334 id
924 3274 971 3334 est
983 3266 1024 3335 ad
1035 3287 1166 3335 omnem
1177 3265 1353 3334 Ecclesiam

241 3402 258 3441 ι
280 3373 368 3443 Petri
394 3372 632 3464 propinquam,
657 3373 770 3465 qualis,
787 3395 821 3442 es
847 3383 995 3443 evertens
1025 3383 1123 3464 atque
1148 3381 1353 3442 commutans

239 3509 257 3546 ιι
282 3479 485 3550 manifestam
510 3479 639 3548 Domini
675 3481 903 3567 intentionem,
928 3480 1142 3573 personaliter
1169 3481 1229 3550 boc
1256 3482 1352 3548 Petra

239 3616 255 3655 ιι
279 3587 518 3657 conferentem?
533 3585 639 3678 Super
655 3596 697 3674 te,
714 3588 831 3679 inquit,
851 3587 1019 3657 aedificabo
1035 3587 1209 3657 Ecclesiam
1226 3611 1347 3674 meam;

240 3725 256 3763 ιι
280 3698 370 3766 Dabo
386 3697 446 3764 tibi
461 3696 579 3783 clavas,
596 3718 661 3765 non
676 3696 826 3764 Ecclesia
839 3723 849 3783 5
863 3705 894 3764 et
910 3697 1132 3789 Quacumque
1148 3696 1284 3766 solveris
1301 3696 1352 3764 vel

238 3834 255 3872 ιι
279 3806 475 3897 alligaveris,
499 3828 566 3874 non
588 3831 662 3897 quae
688 3807 843 3875 solverint
864 3807 916 3877 vel
939 3806 1169 3896 alligaverint;
1193 3807 1239 3874 sic
1263 3806 1351 3874 enim

240 3941 256 3978 ιι
279 3924 311 3982 et
326 3914 432 3982 exitus
445 3912 549 3981 docet.
576 3941 592 3978 s
615 3914 673 4004 (De
689 3913 855 4004 pudicitia,
871 3923 968 4006 caput
985 3913 1052 4004 21.)

279 4023 358 4105 Quis
374 4023 414 4089 sit
428 4023 498 4107 iste,
515 4022 668 4112 Pontisea
689 4021 867 4108 mooimm,
890 4021 1070 4114 Episcopus
1096 4023 1347 4116 Episcoporum.

235 4131 287 4203 cui
307 4135 524 4203 Tertullianus
538 4133 714 4224 exprobrat
731 4132 817 4224 quod
830 4133 1052 4224 peremptorio
1069 4131 1172 4201 edicto
1188 4134 1351 4202 statuisset

234 4241 434 4334 recipiendos
463 4255 531 4310 esse
560 4241 600 4308 ad
640 4241 862 4331 poeniteutiam
894 4251 924 4307 et
953 4241 1153 4310 absolutione
1182 4240 1351 4311 donandos
