<?xml version="1.0" encoding="UTF-8"?>
<!DOCTYPE html PUBLIC "-//W3C//DTD XHTML 1.0 Transitional//EN"
    "http://www.w3.org/TR/xhtml1/DTD/xhtml1-transitional.dtd">
<html xmlns="http://www.w3.org/1999/xhtml" xml:lang="en" lang="en">
 <head>
  <title>
</title>
<meta http-equiv="Content-Type" content="text/html;charset=utf-8" />
  <meta name='ocr-system' content='tesseract 3.04.00' />
  <meta name='ocr-capabilities' content='ocr_page ocr_carea ocr_par ocr_line ocrx_word'/>
</head>
<body>
  <div class='ocr_page' id='page_1' title='image "./tractatusdeprin00bouigoog_0158.png"; bbox 0 0 3048 4954; ppageno 0'>
   <div class='ocr_carea' id='block_1_1' title="bbox 533 487 1224 556">
    <p class='ocr_par' dir='ltr' id='par_1_1' title="bbox 533 487 1224 556">
     <span class='ocr_line' id='line_1_1' title="bbox 533 487 1224 556; baseline 0.001 -3"><span class='ocrx_word' id='word_1_1' title='bbox 533 505 625 555; x_wconf 72' lang='lat' dir='ltr'><strong>roms</strong></span> <span class='ocrx_word' id='word_1_2' title='bbox 646 507 798 556; x_wconf 77' lang='lat' dir='ltr'><strong>circumi.</strong></span> <span class='ocrx_word' id='word_1_3' title='bbox 1163 487 1224 554; x_wconf 78' lang='lat' dir='ltr'><strong>trs</strong></span> 
     </span>
    </p>
   </div>
   <div class='ocr_carea' id='block_1_2' title="bbox 107 644 1230 1933">
    <p class='ocr_par' dir='ltr' id='par_1_2' title="bbox 107 644 1230 1933">
     <span class='ocr_line' id='line_1_2' title="bbox 107 644 1226 738; baseline 0.004 -25"><span class='ocrx_word' id='word_1_4' title='bbox 107 644 193 714; x_wconf 89' lang='lat' dir='ltr'><strong>banc</strong></span> <span class='ocrx_word' id='word_1_5' title='bbox 221 651 409 738; x_wconf 85' lang='lat' dir='ltr'><strong>potestatem</strong></span> <span class='ocrx_word' id='word_1_6' title='bbox 437 671 456 716; x_wconf 89' lang='lat' dir='ltr'><strong>a</strong></span> <span class='ocrx_word' id='word_1_7' title='bbox 484 647 614 718; x_wconf 84' lang='lat' dir='ltr'><strong>Christo</strong></span> <span class='ocrx_word' id='word_1_8' title='bbox 640 649 748 728; x_wconf 86' lang='lat' dir='ltr'><strong>datam</strong></span> <span class='ocrx_word' id='word_1_9' title='bbox 779 649 902 737; x_wconf 80' lang='lat' dir='ltr'><strong>luisse,</strong></span> <span class='ocrx_word' id='word_1_10' title='bbox 932 659 963 719; x_wconf 91' lang='lat' dir='ltr'><strong>et</strong></span> <span class='ocrx_word' id='word_1_11' title='bbox 992 647 1099 720; x_wconf 90' lang='lat' dir='ltr'><strong>datam</strong></span> <span class='ocrx_word' id='word_1_12' title='bbox 1127 650 1226 718; x_wconf 86' lang='lat' dir='ltr'><strong>luisse</strong></span> 
     </span>
     <span class='ocr_line' id='line_1_3' title="bbox 107 755 1228 852; baseline 0.004 -29"><span class='ocrx_word' id='word_1_13' title='bbox 107 755 208 824; x_wconf 88' lang='lat' dir='ltr'><strong>certis</strong></span> <span class='ocrx_word' id='word_1_14' title='bbox 241 755 411 847; x_wconf 86' lang='lat' dir='ltr'><strong>personis,</strong></span> <span class='ocrx_word' id='word_1_15' title='bbox 449 756 570 849; x_wconf 89' lang='lat' dir='ltr'><strong>quibus</strong></span> <span class='ocrx_word' id='word_1_16' title='bbox 606 756 744 826; x_wconf 86' lang='lat' dir='ltr'><strong>debeant</strong></span> <span class='ocrx_word' id='word_1_17' title='bbox 781 759 899 852; x_wconf 85' lang='lat' dir='ltr'><strong>reliqui</strong></span> <span class='ocrx_word' id='word_1_18' title='bbox 929 759 1071 830; x_wconf 86' lang='lat' dir='ltr'><strong>obedire.</strong></span> <span class='ocrx_word' id='word_1_19' title='bbox 1102 759 1228 828; x_wconf 76' lang='lat' dir='ltr'>Pariter</span> 
     </span>
     <span class='ocr_line' id='line_1_4' title="bbox 108 861 1228 960; baseline 0.004 -30"><span class='ocrx_word' id='word_1_20' title='bbox 108 861 225 931; x_wconf 89' lang='lat' dir='ltr'><strong>eadem</strong></span> <span class='ocrx_word' id='word_1_21' title='bbox 252 871 540 933; x_wconf 77' lang='lat' dir='ltr'><strong>monumentorum</strong></span> <span class='ocrx_word' id='word_1_22' title='bbox 569 865 671 934; x_wconf 76' lang='lat' dir='ltr'><strong>moles</strong></span> <span class='ocrx_word' id='word_1_23' title='bbox 700 887 775 958; x_wconf 80' lang='lat' dir='ltr'><strong>quae</strong></span> <span class='ocrx_word' id='word_1_24' title='bbox 803 865 1011 937; x_wconf 90' lang='lat' dir='ltr'><strong>traditionem</strong></span> <span class='ocrx_word' id='word_1_25' title='bbox 1033 867 1228 960; x_wconf 82' lang='lat' dir='ltr'><strong>praximque</strong></span> 
     </span>
     <span class='ocr_line' id='line_1_5' title="bbox 109 973 1227 1069; baseline 0.002 -29"><span class='ocrx_word' id='word_1_26' title='bbox 109 980 300 1063; x_wconf 87' lang='lat' dir='ltr'><strong>perpetuam</strong></span> <span class='ocrx_word' id='word_1_27' title='bbox 331 973 483 1042; x_wconf 77' lang='lat' dir='ltr'><strong>Ecclesiae</strong></span> <span class='ocrx_word' id='word_1_28' title='bbox 510 980 665 1060; x_wconf 89' lang='lat' dir='ltr'><strong>testatur,</strong></span> <span class='ocrx_word' id='word_1_29' title='bbox 697 996 763 1043; x_wconf 92' lang='lat' dir='ltr'><strong>non</strong></span> <span class='ocrx_word' id='word_1_30' title='bbox 793 982 918 1044; x_wconf 91' lang='lat' dir='ltr'><strong>tantum</strong></span> <span class='ocrx_word' id='word_1_31' title='bbox 949 982 1138 1069; x_wconf 85' lang='lat' dir='ltr'><strong>potestatem</strong></span> <span class='ocrx_word' id='word_1_32' title='bbox 1163 974 1227 1043; x_wconf 89' lang='lat' dir='ltr'><strong>ali-</strong></span> 
     </span>
     <span class='ocr_line' id='line_1_6' title="bbox 110 1081 1227 1177; baseline 0.003 -28"><span class='ocrx_word' id='word_1_33' title='bbox 110 1103 211 1172; x_wconf 87' lang='lat' dir='ltr'><strong>quam</strong></span> <span class='ocrx_word' id='word_1_34' title='bbox 237 1081 453 1172; x_wconf 75' lang='lat' dir='ltr'><strong>legislativum</strong></span> <span class='ocrx_word' id='word_1_35' title='bbox 476 1083 511 1152; x_wconf 90' lang='lat' dir='ltr'><strong>in</strong></span> <span class='ocrx_word' id='word_1_36' title='bbox 533 1083 675 1153; x_wconf 73' lang='lat' dir='ltr'><strong>Ecclesia</strong></span> <span class='ocrx_word' id='word_1_37' title='bbox 701 1082 842 1153; x_wconf 79' lang='lat' dir='ltr'><strong>ostendit</strong></span> <span class='ocrx_word' id='word_1_38' title='bbox 870 1094 1027 1177; x_wconf 87' lang='lat' dir='ltr'><strong>perpetuo</strong></span> <span class='ocrx_word' id='word_1_39' title='bbox 1052 1085 1227 1154; x_wconf 79' lang='lat' dir='ltr'><strong>admissam</strong></span> 
     </span>
     <span class='ocr_line' id='line_1_7' title="bbox 111 1188 1230 1285; baseline 0.003 -28"><span class='ocrx_word' id='word_1_40' title='bbox 111 1188 215 1258; x_wconf 86' lang='lat' dir='ltr'><strong>fuisse</strong></span> <span class='ocrx_word' id='word_1_41' title='bbox 240 1198 272 1258; x_wconf 88' lang='lat' dir='ltr'><strong>et</strong></span> <span class='ocrx_word' id='word_1_42' title='bbox 298 1190 340 1260; x_wconf 92' lang='lat' dir='ltr'><strong>ad</strong></span> <span class='ocrx_word' id='word_1_43' title='bbox 370 1192 499 1283; x_wconf 84' lang='lat' dir='ltr'><strong>praxim</strong></span> <span class='ocrx_word' id='word_1_44' title='bbox 523 1190 708 1281; x_wconf 87' lang='lat' dir='ltr'><strong>deductam,</strong></span> <span class='ocrx_word' id='word_1_45' title='bbox 732 1192 788 1262; x_wconf 87' lang='lat' dir='ltr'><strong>sed</strong></span> <span class='ocrx_word' id='word_1_46' title='bbox 810 1191 1024 1283; x_wconf 85' lang='lat' dir='ltr'><strong>legislativam</strong></span> <span class='ocrx_word' id='word_1_47' title='bbox 1040 1199 1230 1285; x_wconf 81' lang='lat' dir='ltr'><strong>potestatem</strong></span> 
     </span>
     <span class='ocr_line' id='line_1_8' title="bbox 111 1299 1227 1394; baseline 0.004 -28"><span class='ocrx_word' id='word_1_48' title='bbox 111 1321 155 1368; x_wconf 86' lang='lat' dir='ltr'><strong>ex</strong></span> <span class='ocrx_word' id='word_1_49' title='bbox 184 1299 297 1369; x_wconf 89' lang='lat' dir='ltr'><strong>divina</strong></span> <span class='ocrx_word' id='word_1_50' title='bbox 324 1299 446 1370; x_wconf 86' lang='lat' dir='ltr'><strong>Gbristi</strong></span> <span class='ocrx_word' id='word_1_51' title='bbox 474 1301 675 1371; x_wconf 89' lang='lat' dir='ltr'><strong>institutione</strong></span> <span class='ocrx_word' id='word_1_52' title='bbox 690 1301 859 1390; x_wconf 84' lang='lat' dir='ltr'><strong>liuentem,</strong></span> <span class='ocrx_word' id='word_1_53' title='bbox 875 1311 907 1371; x_wconf 89' lang='lat' dir='ltr'><strong>et</strong></span> <span class='ocrx_word' id='word_1_54' title='bbox 922 1303 1017 1371; x_wconf 88' lang='lat' dir='ltr'><strong>certis</strong></span> <span class='ocrx_word' id='word_1_55' title='bbox 1031 1299 1227 1394; x_wconf 81' lang='lat' dir='ltr'><strong>quibusdam</strong></span> 
     </span>
     <span class='ocr_line' id='line_1_9' title="bbox 112 1409 1228 1504; baseline 0 -28"><span class='ocrx_word' id='word_1_56' title='bbox 112 1409 294 1480; x_wconf 87' lang='lat' dir='ltr'><strong>rectoribus</strong></span> <span class='ocrx_word' id='word_1_57' title='bbox 313 1411 475 1498; x_wconf 86' lang='lat' dir='ltr'><strong>collatam,</strong></span> <span class='ocrx_word' id='word_1_58' title='bbox 501 1433 566 1480; x_wconf 95' lang='lat' dir='ltr'><strong>non</strong></span> <span class='ocrx_word' id='word_1_59' title='bbox 589 1419 698 1480; x_wconf 89' lang='lat' dir='ltr'><strong>autem</strong></span> <span class='ocrx_word' id='word_1_60' title='bbox 719 1410 922 1504; x_wconf 89' lang='lat' dir='ltr'><strong>principibus</strong></span> <span class='ocrx_word' id='word_1_61' title='bbox 942 1409 1151 1480; x_wconf 77' lang='lat' dir='ltr'><strong>sacularibus</strong></span> <span class='ocrx_word' id='word_1_62' title='bbox 1171 1416 1228 1478; x_wconf 90' lang='lat' dir='ltr'><strong>aut</strong></span> 
     </span>
     <span class='ocr_line' id='line_1_10' title="bbox 113 1515 1229 1610; baseline 0.003 -27"><span class='ocrx_word' id='word_1_63' title='bbox 113 1515 260 1585; x_wconf 89' lang='lat' dir='ltr'><strong>lidelium</strong></span> <span class='ocrx_word' id='word_1_64' title='bbox 287 1517 500 1586; x_wconf 77' lang='lat' dir='ltr'><strong>multitudini.</strong></span> <span class='ocrx_word' id='word_1_65' title='bbox 525 1519 606 1587; x_wconf 90' lang='lat' dir='ltr'><strong>ltem</strong></span> <span class='ocrx_word' id='word_1_66' title='bbox 634 1540 734 1610; x_wconf 88' lang='lat' dir='ltr'><strong>supra</strong></span> <span class='ocrx_word' id='word_1_67' title='bbox 759 1518 905 1607; x_wconf 81' lang='lat' dir='ltr'><strong>ollegatae</strong></span> <span class='ocrx_word' id='word_1_68' title='bbox 927 1516 1143 1600; x_wconf 84' lang='lat' dir='ltr'><strong>definitiones,</strong></span> <span class='ocrx_word' id='word_1_69' title='bbox 1163 1539 1229 1586; x_wconf 88' lang='lat' dir='ltr'><strong>non</strong></span> 
     </span>
     <span class='ocr_line' id='line_1_11' title="bbox 112 1624 1227 1718; baseline 0 -26"><span class='ocrx_word' id='word_1_70' title='bbox 112 1631 239 1692; x_wconf 86' lang='lat' dir='ltr'><strong>tautum</strong></span> <span class='ocrx_word' id='word_1_71' title='bbox 263 1624 403 1717; x_wconf 89' lang='lat' dir='ltr'><strong>alicujus</strong></span> <span class='ocrx_word' id='word_1_72' title='bbox 421 1627 586 1718; x_wconf 86' lang='lat' dir='ltr'><strong>potestatis</strong></span> <span class='ocrx_word' id='word_1_73' title='bbox 605 1624 796 1716; x_wconf 84' lang='lat' dir='ltr'><strong>legislativae</strong></span> <span class='ocrx_word' id='word_1_74' title='bbox 824 1625 859 1694; x_wconf 91' lang='lat' dir='ltr'><strong>iu</strong></span> <span class='ocrx_word' id='word_1_75' title='bbox 876 1624 1017 1694; x_wconf 79' lang='lat' dir='ltr'><strong>Ecclesia</strong></span> <span class='ocrx_word' id='word_1_76' title='bbox 1035 1624 1156 1716; x_wconf 88' lang='lat' dir='ltr'><strong>dogma</strong></span> <span class='ocrx_word' id='word_1_77' title='bbox 1171 1627 1227 1692; x_wconf 87' lang='lat' dir='ltr'><strong>tir-</strong></span> 
     </span>
     <span class='ocr_line' id='line_1_12' title="bbox 113 1734 1228 1827; baseline 0 -25"><span class='ocrx_word' id='word_1_78' title='bbox 113 1741 217 1820; x_wconf 87' lang='lat' dir='ltr'><strong>maut,</strong></span> <span class='ocrx_word' id='word_1_79' title='bbox 241 1734 298 1803; x_wconf 84' lang='lat' dir='ltr'><strong>sed</strong></span> <span class='ocrx_word' id='word_1_80' title='bbox 319 1743 350 1803; x_wconf 90' lang='lat' dir='ltr'><strong>el</strong></span> <span class='ocrx_word' id='word_1_81' title='bbox 370 1734 458 1804; x_wconf 86' lang='lat' dir='ltr'><strong>illius</strong></span> <span class='ocrx_word' id='word_1_82' title='bbox 474 1736 640 1827; x_wconf 87' lang='lat' dir='ltr'><strong>potestatis</strong></span> <span class='ocrx_word' id='word_1_83' title='bbox 662 1734 807 1805; x_wconf 88' lang='lat' dir='ltr'><strong>divinam</strong></span> <span class='ocrx_word' id='word_1_84' title='bbox 835 1734 1068 1804; x_wconf 88' lang='lat' dir='ltr'><strong>institutionem</strong></span> <span class='ocrx_word' id='word_1_85' title='bbox 1085 1743 1116 1803; x_wconf 89' lang='lat' dir='ltr'><strong>et</strong></span> <span class='ocrx_word' id='word_1_86' title='bbox 1131 1735 1228 1805; x_wconf 86' lang='lat' dir='ltr'><strong>certis</strong></span> 
     </span>
     <span class='ocr_line' id='line_1_13' title="bbox 112 1843 524 1933; baseline 0.012 -24"><span class='ocrx_word' id='word_1_87' title='bbox 112 1843 297 1933; x_wconf 80' lang='lat' dir='ltr'><strong>pastoribus</strong></span> <span class='ocrx_word' id='word_1_88' title='bbox 310 1843 524 1914; x_wconf 88' lang='lat' dir='ltr'><strong>collationem.</strong></span> 
     </span>
    </p>
   </div>
   <div class='ocr_carea' id='block_1_3' title="bbox 569 2199 776 2270">
    <p class='ocr_par' dir='ltr' id='par_1_3' title="bbox 569 2199 776 2270">
     <span class='ocr_line' id='line_1_14' title="bbox 569 2199 776 2270; baseline -0.01 0"><span class='ocrx_word' id='word_1_89' title='bbox 569 2199 712 2270; x_wconf 78' lang='lat' dir='ltr'>CAPUT</span> <span class='ocrx_word' id='word_1_90' title='bbox 735 2200 776 2269; x_wconf 88' lang='lat' dir='ltr'><strong>ll.</strong></span> 
     </span>
    </p>
   </div>
   <div class='ocr_carea' id='block_1_4' title="bbox 244 2437 1106 2604">
    <p class='ocr_par' dir='ltr' id='par_1_4' title="bbox 244 2437 1106 2604">
     <span class='ocr_line' id='line_1_15' title="bbox 244 2437 1106 2504; baseline -0.002 -18"><span class='ocrx_word' id='word_1_91' title='bbox 244 2442 283 2487; x_wconf 71' lang='lat' dir='ltr'><strong>lt!</strong></span> <span class='ocrx_word' id='word_1_92' title='bbox 305 2441 405 2487; x_wconf 77' lang='lat' dir='ltr'><strong>veneo</strong></span> <span class='ocrx_word' id='word_1_93' title='bbox 427 2441 476 2486; x_wconf 81' lang='lat' dir='ltr'><strong>Dlll</strong></span> <span class='ocrx_word' id='word_1_94' title='bbox 500 2439 619 2487; x_wconf 67' lang='lat' dir='ltr'><strong>scatrro</strong></span> <span class='ocrx_word' id='word_1_95' title='bbox 644 2441 680 2485; x_wconf 73' lang='grc' dir='ltr'><strong>ΕΤ</strong></span> <span class='ocrx_word' id='word_1_96' title='bbox 704 2439 766 2485; x_wconf 81' lang='lat' dir='ltr'><strong>NON</strong></span> <span class='ocrx_word' id='word_1_97' title='bbox 789 2439 923 2504; x_wconf 69' lang='lat' dir='ltr'><strong>smirne,</strong></span> <span class='ocrx_word' id='word_1_98' title='bbox 949 2437 1106 2492; x_wconf 70' lang='lat' dir='ltr'><strong>Querartus</strong></span> 
     </span>
     <span class='ocr_line' id='line_1_16' title="bbox 478 2555 859 2604; baseline -0.003 -3"><span class='ocrx_word' id='word_1_99' title='bbox 478 2555 563 2602; x_wconf 77' lang='lat' dir='ltr'><strong>tutus</strong></span> <span class='ocrx_word' id='word_1_100' title='bbox 585 2557 726 2603; x_wconf 74' lang='lat' dir='ltr'><strong>cannula!</strong></span> <span class='ocrx_word' id='word_1_101' title='bbox 749 2556 859 2604; x_wconf 75' lang='lat' dir='ltr'><strong>FONTE.</strong></span> 
     </span>
    </p>
   </div>
   <div class='ocr_carea' id='block_1_5' title="bbox 113 2823 1239 4322">
    <p class='ocr_par' dir='ltr' id='par_1_5' title="bbox 113 2823 1236 3456">
     <span class='ocr_line' id='line_1_17' title="bbox 160 2823 1231 2918; baseline -0.002 -25"><span class='ocrx_word' id='word_1_102' title='bbox 160 2827 188 2893; x_wconf 94' lang='lat' dir='ltr'><strong>l.</strong></span> <span class='ocrx_word' id='word_1_103' title='bbox 209 2827 256 2893; x_wconf 85' lang='lat' dir='ltr'><strong>De</strong></span> <span class='ocrx_word' id='word_1_104' title='bbox 277 2826 375 2894; x_wconf 83' lang='lat' dir='ltr'><strong>Verbo</strong></span> <span class='ocrx_word' id='word_1_105' title='bbox 385 2826 446 2893; x_wconf 86' lang='lat' dir='ltr'><strong>Dei</strong></span> <span class='ocrx_word' id='word_1_106' title='bbox 457 2825 589 2918; x_wconf 79' lang='lat' dir='ltr'><strong>sm&#39;pto,</strong></span> <span class='ocrx_word' id='word_1_107' title='bbox 608 2825 645 2894; x_wconf 84' lang='lat' dir='ltr'><strong>id</strong></span> <span class='ocrx_word' id='word_1_108' title='bbox 658 2839 715 2907; x_wconf 81' lang='lat' dir='ltr'><strong>est,</strong></span> <span class='ocrx_word' id='word_1_109' title='bbox 728 2823 951 2917; x_wconf 78' lang='lat' dir='ltr'><strong>deSoriptura</strong></span> <span class='ocrx_word' id='word_1_110' title='bbox 962 2847 1068 2894; x_wconf 81' lang='lat' dir='ltr'><strong>sacra.</strong></span> <span class='ocrx_word' id='word_1_111' title='bbox 1082 2823 1231 2894; x_wconf 81' lang='lat' dir='ltr'><strong>Verbum</strong></span> 
     </span>
     <span class='ocr_line' id='line_1_18' title="bbox 114 2933 1233 3026; baseline -0.004 -22"><span class='ocrx_word' id='word_1_112' title='bbox 114 2935 178 3004; x_wconf 86' lang='lat' dir='ltr'><strong>Dei</strong></span> <span class='ocrx_word' id='word_1_113' title='bbox 207 2935 364 3026; x_wconf 88' lang='lat' dir='ltr'><strong>scriptum</strong></span> <span class='ocrx_word' id='word_1_114' title='bbox 393 2957 451 3026; x_wconf 89' lang='lat' dir='ltr'><strong>per</strong></span> <span class='ocrx_word' id='word_1_115' title='bbox 478 2935 734 3004; x_wconf 81' lang='lat' dir='ltr'><strong>antonomasiam</strong></span> <span class='ocrx_word' id='word_1_116' title='bbox 766 2933 886 3002; x_wconf 90' lang='lat' dir='ltr'><strong>dicitur</strong></span> <span class='ocrx_word' id='word_1_117' title='bbox 912 2934 1088 3025; x_wconf 73' lang='lat' dir='ltr'><strong>Scriptura</strong></span> <span class='ocrx_word' id='word_1_118' title='bbox 1116 2955 1233 3015; x_wconf 83' lang='lat' dir='ltr'><strong>socra;</strong></span> 
     </span>
     <span class='ocr_line' id='line_1_19' title="bbox 113 3039 1233 3133; baseline -0.004 -23"><span class='ocrx_word' id='word_1_119' title='bbox 113 3051 230 3132; x_wconf 88' lang='lat' dir='ltr'><strong>estque</strong></span> <span class='ocrx_word' id='word_1_120' title='bbox 255 3039 295 3108; x_wconf 90' lang='lat' dir='ltr'><strong>ad</strong></span> <span class='ocrx_word' id='word_1_121' title='bbox 321 3042 424 3109; x_wconf 88' lang='lat' dir='ltr'><strong>instar</strong></span> <span class='ocrx_word' id='word_1_122' title='bbox 435 3040 579 3132; x_wconf 82' lang='lat' dir='ltr'><strong>epistolar</strong></span> <span class='ocrx_word' id='word_1_123' title='bbox 593 3065 613 3109; x_wconf 92' lang='lat' dir='ltr'><strong>a</strong></span> <span class='ocrx_word' id='word_1_124' title='bbox 628 3042 695 3110; x_wconf 89' lang='lat' dir='ltr'><strong>Deo</strong></span> <span class='ocrx_word' id='word_1_125' title='bbox 715 3040 755 3110; x_wconf 89' lang='lat' dir='ltr'><strong>ad</strong></span> <span class='ocrx_word' id='word_1_126' title='bbox 773 3063 832 3110; x_wconf 92' lang='lat' dir='ltr'><strong>uos</strong></span> <span class='ocrx_word' id='word_1_127' title='bbox 849 3041 968 3128; x_wconf 84' lang='lat' dir='ltr'><strong>missae,</strong></span> <span class='ocrx_word' id='word_1_128' title='bbox 985 3061 1043 3132; x_wconf 94' lang='lat' dir='ltr'><strong>per</strong></span> <span class='ocrx_word' id='word_1_129' title='bbox 1055 3063 1153 3133; x_wconf 89' lang='lat' dir='ltr'><strong>quam</strong></span> <span class='ocrx_word' id='word_1_130' title='bbox 1169 3062 1233 3107; x_wconf 91' lang='lat' dir='ltr'><strong>no-</strong></span> 
     </span>
     <span class='ocr_line' id='line_1_20' title="bbox 115 3147 1234 3240; baseline 0 -24"><span class='ocrx_word' id='word_1_131' title='bbox 115 3149 244 3216; x_wconf 83' lang='lat' dir='ltr'><strong>biscum</strong></span> <span class='ocrx_word' id='word_1_132' title='bbox 275 3147 444 3240; x_wconf 87' lang='lat' dir='ltr'><strong>loquitur:</strong></span> <span class='ocrx_word' id='word_1_133' title='bbox 478 3151 525 3217; x_wconf 79' lang='lat' dir='ltr'><strong>oe</strong></span> <span class='ocrx_word' id='word_1_134' title='bbox 548 3149 680 3217; x_wconf 71' lang='lat' dir='ltr'><strong>ciuitate</strong></span> <span class='ocrx_word' id='word_1_135' title='bbox 702 3172 724 3218; x_wconf 86' lang='lat' dir='ltr'><strong>a</strong></span> <span class='ocrx_word' id='word_1_136' title='bbox 744 3172 810 3240; x_wconf 82' lang='lat' dir='ltr'><strong>quc</strong></span> <span class='ocrx_word' id='word_1_137' title='bbox 831 3148 1083 3239; x_wconf 70' lang='lat' dir='ltr'><strong>pmepmoamur</strong></span> <span class='ocrx_word' id='word_1_138' title='bbox 1106 3148 1234 3239; x_wconf 71' lang='lat' dir='ltr'><strong>serapte</strong></span> 
     </span>
     <span class='ocr_line' id='line_1_21' title="bbox 116 3255 1236 3347; baseline -0.002 -23"><span class='ocrx_word' id='word_1_139' title='bbox 116 3255 209 3324; x_wconf 81' lang='lat' dir='ltr'><strong>nodis</strong></span> <span class='ocrx_word' id='word_1_140' title='bbox 239 3277 355 3324; x_wconf 85' lang='lat' dir='ltr'><strong>venere</strong></span> <span class='ocrx_word' id='word_1_141' title='bbox 380 3255 508 3339; x_wconf 75' lang='lat' dir='ltr'><strong>littera,</strong></span> <span class='ocrx_word' id='word_1_142' title='bbox 542 3257 587 3324; x_wconf 88' lang='lat' dir='ltr'><strong>ait</strong></span> <span class='ocrx_word' id='word_1_143' title='bbox 617 3265 748 3326; x_wconf 88' lang='lat' dir='ltr'><strong>sanctus</strong></span> <span class='ocrx_word' id='word_1_144' title='bbox 777 3255 983 3346; x_wconf 83' lang='lat' dir='ltr'><strong>Augustinus</strong></span> <span class='ocrx_word' id='word_1_145' title='bbox 1003 3255 1114 3347; x_wconf 83' lang='lat' dir='ltr'><strong>(serm.</strong></span> <span class='ocrx_word' id='word_1_146' title='bbox 1140 3257 1173 3341; x_wconf 86' lang='lat'><strong>2,</strong></span> <span class='ocrx_word' id='word_1_147' title='bbox 1200 3255 1236 3322; x_wconf 90' lang='lat' dir='ltr'><strong>in</strong></span> 
     </span>
     <span class='ocr_line' id='line_1_22' title="bbox 117 3365 286 3456; baseline -0.012 -22"><span class='ocrx_word' id='word_1_148' title='bbox 117 3365 200 3456; x_wconf 88' lang='lat' dir='ltr'><strong>psal.</strong></span> <span class='ocrx_word' id='word_1_149' title='bbox 219 3365 286 3456; x_wconf 86' lang='lat' dir='ltr'><strong>xc).</strong></span> 
     </span>
    </p>

    <p class='ocr_par' dir='ltr' id='par_1_6' title="bbox 118 3468 1239 4322">
     <span class='ocr_line' id='line_1_23' title="bbox 163 3468 1236 3564; baseline -0.005 -22"><span class='ocrx_word' id='word_1_150' title='bbox 163 3474 255 3542; x_wconf 85' lang='lat' dir='ltr'><strong>Libri</strong></span> <span class='ocrx_word' id='word_1_151' title='bbox 290 3475 467 3564; x_wconf 74' lang='lat' dir='ltr'><strong>Scriptura</strong></span> <span class='ocrx_word' id='word_1_152' title='bbox 493 3494 592 3540; x_wconf 84' lang='lat' dir='ltr'><strong>sacrae</strong></span> <span class='ocrx_word' id='word_1_153' title='bbox 627 3477 787 3563; x_wconf 90' lang='lat' dir='ltr'><strong>quatenus</strong></span> <span class='ocrx_word' id='word_1_154' title='bbox 817 3478 892 3538; x_wconf 86' lang='lat' dir='ltr'><strong>sunt</strong></span> <span class='ocrx_word' id='word_1_155' title='bbox 920 3493 938 3538; x_wconf 86' lang='lat' dir='ltr'><strong>a</strong></span> <span class='ocrx_word' id='word_1_156' title='bbox 974 3468 1098 3560; x_wconf 89' lang='lat' dir='ltr'><strong>Spiritu</strong></span> <span class='ocrx_word' id='word_1_157' title='bbox 1126 3476 1236 3538; x_wconf 89' lang='lat' dir='ltr'><strong>sancto</strong></span> 
     </span>
     <span class='ocr_line' id='line_1_24' title="bbox 118 3577 1232 3671; baseline -0.006 -19"><span class='ocrx_word' id='word_1_158' title='bbox 118 3585 229 3653; x_wconf 90' lang='lat' dir='ltr'><strong>dictati</strong></span> <span class='ocrx_word' id='word_1_159' title='bbox 259 3595 291 3651; x_wconf 92' lang='lat' dir='ltr'><strong>et</strong></span> <span class='ocrx_word' id='word_1_160' title='bbox 319 3592 356 3651; x_wconf 92' lang='lat' dir='ltr'><strong>ut</strong></span> <span class='ocrx_word' id='word_1_161' title='bbox 381 3583 460 3651; x_wconf 88' lang='lat' dir='ltr'><strong>tales</strong></span> <span class='ocrx_word' id='word_1_162' title='bbox 487 3581 528 3649; x_wconf 90' lang='lat' dir='ltr'><strong>ab</strong></span> <span class='ocrx_word' id='word_1_163' title='bbox 556 3579 698 3650; x_wconf 83' lang='lat' dir='ltr'><strong>Ecclesia</strong></span> <span class='ocrx_word' id='word_1_164' title='bbox 725 3579 857 3671; x_wconf 85' lang='lat' dir='ltr'><strong>recepti,</strong></span> <span class='ocrx_word' id='word_1_165' title='bbox 888 3587 1046 3648; x_wconf 84' lang='lat' dir='ltr'><strong>vocantur</strong></span> <span class='ocrx_word' id='word_1_166' title='bbox 1076 3577 1232 3647; x_wconf 87' lang='lat' dir='ltr'><strong>canonici.</strong></span> 
     </span>
     <span class='ocr_line' id='line_1_25' title="bbox 119 3685 1236 3776; baseline -0.006 -16"><span class='ocrx_word' id='word_1_167' title='bbox 119 3692 264 3776; x_wconf 84' lang='lat' dir='ltr'><strong>Quinam</strong></span> <span class='ocrx_word' id='word_1_168' title='bbox 302 3691 367 3758; x_wconf 88' lang='lat' dir='ltr'><strong>sint</strong></span> <span class='ocrx_word' id='word_1_169' title='bbox 394 3689 470 3757; x_wconf 89' lang='lat' dir='ltr'><strong>libri</strong></span> <span class='ocrx_word' id='word_1_170' title='bbox 505 3688 651 3758; x_wconf 90' lang='lat' dir='ltr'><strong>canonici</strong></span> <span class='ocrx_word' id='word_1_171' title='bbox 681 3695 751 3755; x_wconf 91' lang='lat' dir='ltr'><strong>tum</strong></span> <span class='ocrx_word' id='word_1_172' title='bbox 770 3686 899 3756; x_wconf 84' lang='lat' dir='ltr'><strong>Veteris</strong></span> <span class='ocrx_word' id='word_1_173' title='bbox 927 3697 996 3754; x_wconf 90' lang='lat' dir='ltr'><strong>tum</strong></span> <span class='ocrx_word' id='word_1_174' title='bbox 1019 3685 1103 3755; x_wconf 90' lang='lat' dir='ltr'><strong>Novi</strong></span> <span class='ocrx_word' id='word_1_175' title='bbox 1119 3685 1236 3754; x_wconf 89' lang='lat' dir='ltr'><strong>Testa-</strong></span> 
     </span>
     <span class='ocr_line' id='line_1_26' title="bbox 120 3791 1238 3886; baseline -0.005 -18"><span class='ocrx_word' id='word_1_176' title='bbox 120 3800 240 3886; x_wconf 89' lang='lat' dir='ltr'><strong>menti,</strong></span> <span class='ocrx_word' id='word_1_177' title='bbox 270 3805 384 3866; x_wconf 91' lang='lat' dir='ltr'><strong>notum</strong></span> <span class='ocrx_word' id='word_1_178' title='bbox 411 3805 475 3884; x_wconf 90' lang='lat' dir='ltr'><strong>est;</strong></span> <span class='ocrx_word' id='word_1_179' title='bbox 505 3795 577 3864; x_wconf 90' lang='lat' dir='ltr'><strong>illos</strong></span> <span class='ocrx_word' id='word_1_180' title='bbox 605 3803 774 3864; x_wconf 88' lang='lat' dir='ltr'><strong>enumerat</strong></span> <span class='ocrx_word' id='word_1_181' title='bbox 800 3793 971 3862; x_wconf 87' lang='lat' dir='ltr'><strong>concilium</strong></span> <span class='ocrx_word' id='word_1_182' title='bbox 1010 3791 1238 3862; x_wconf 90' lang='lat' dir='ltr'><strong>Tridentinum</strong></span> 
     </span>
     <span class='ocr_line' id='line_1_27' title="bbox 122 3900 1238 3998; baseline -0.005 -21"><span class='ocrx_word' id='word_1_183' title='bbox 122 3910 274 3998; x_wconf 68' lang='lat' dir='ltr'><strong>(sessione</strong></span> <span class='ocrx_word' id='word_1_184' title='bbox 299 3909 342 3997; x_wconf 76' lang='lat' dir='ltr'><strong>l).</strong></span> <span class='ocrx_word' id='word_1_185' title='bbox 370 3905 566 3975; x_wconf 82' lang='lat' dir='ltr'><strong>Tridentino</strong></span> <span class='ocrx_word' id='word_1_186' title='bbox 588 3915 695 3973; x_wconf 89' lang='lat' dir='ltr'><strong>autem</strong></span> <span class='ocrx_word' id='word_1_187' title='bbox 721 3901 867 3994; x_wconf 90' lang='lat' dir='ltr'><strong>synodus</strong></span> <span class='ocrx_word' id='word_1_188' title='bbox 894 3923 1050 3970; x_wconf 89' lang='lat' dir='ltr'><strong>canonem</strong></span> <span class='ocrx_word' id='word_1_189' title='bbox 1069 3900 1156 3968; x_wconf 91' lang='lat' dir='ltr'><strong>bunc</strong></span> <span class='ocrx_word' id='word_1_190' title='bbox 1180 3923 1238 3971; x_wconf 88' lang='lat' dir='ltr'><strong>seu</strong></span> 
     </span>
     <span class='ocr_line' id='line_1_28' title="bbox 120 4007 1238 4105; baseline -0.006 -20"><span class='ocrx_word' id='word_1_191' title='bbox 120 4017 304 4105; x_wconf 84' lang='lat' dir='ltr'><strong>catalogum</strong></span> <span class='ocrx_word' id='word_1_192' title='bbox 332 4035 497 4083; x_wconf 85' lang='lat' dir='ltr'><strong>sacrarum</strong></span> <span class='ocrx_word' id='word_1_193' title='bbox 532 4011 777 4104; x_wconf 89' lang='lat' dir='ltr'><strong>Scripturarum</strong></span> <span class='ocrx_word' id='word_1_194' title='bbox 808 4018 973 4102; x_wconf 89' lang='lat' dir='ltr'><strong>acceperat</strong></span> <span class='ocrx_word' id='word_1_195' title='bbox 1002 4033 1021 4077; x_wconf 89' lang='lat' dir='ltr'><strong>a</strong></span> <span class='ocrx_word' id='word_1_196' title='bbox 1049 4007 1238 4078; x_wconf 80' lang='lat' dir='ltr'><strong>Florentino</strong></span> 
     </span>
     <span class='ocr_line' id='line_1_29' title="bbox 125 4117 1239 4215; baseline -0.004 -22"><span class='ocrx_word' id='word_1_197' title='bbox 125 4125 169 4215; x_wconf 73' lang='lat' dir='ltr'><strong>(io</strong></span> <span class='ocrx_word' id='word_1_198' title='bbox 185 4124 315 4193; x_wconf 86' lang='lat' dir='ltr'><strong>decreto</strong></span> <span class='ocrx_word' id='word_1_199' title='bbox 338 4121 488 4212; x_wconf 87' lang='lat' dir='ltr'><strong>Eugenii)</strong></span> <span class='ocrx_word' id='word_1_200' title='bbox 509 4147 516 4190; x_wconf 78' lang='grc' dir='ltr'>ι</span> <span class='ocrx_word' id='word_1_201' title='bbox 534 4119 721 4190; x_wconf 82' lang='lat' dir='ltr'><strong>Florentino</strong></span> <span class='ocrx_word' id='word_1_202' title='bbox 736 4143 755 4188; x_wconf 88' lang='lat' dir='ltr'><strong>a</strong></span> <span class='ocrx_word' id='word_1_203' title='bbox 768 4119 898 4189; x_wconf 89' lang='lat' dir='ltr'><strong>Gelasio</strong></span> <span class='ocrx_word' id='word_1_204' title='bbox 911 4118 999 4210; x_wconf 89' lang='lat' dir='ltr'><strong>Papa</strong></span> <span class='ocrx_word' id='word_1_205' title='bbox 1020 4119 1101 4207; x_wconf 86' lang='lat' dir='ltr'><strong>(cap.</strong></span> <span class='ocrx_word' id='word_1_206' title='bbox 1121 4117 1239 4188; x_wconf 86' lang='lat' dir='ltr'><strong>Sancta</strong></span> 
     </span>
     <span class='ocr_line' id='line_1_30' title="bbox 124 4225 1239 4322; baseline -0.001 -21"><span class='ocrx_word' id='word_1_207' title='bbox 124 4231 283 4322; x_wconf 69' lang='lat' dir='ltr'><strong>Romana.</strong></span> <span class='ocrx_word' id='word_1_208' title='bbox 301 4229 378 4299; x_wconf 84' lang='lat' dir='ltr'><strong>dist.</strong></span> <span class='ocrx_word' id='word_1_209' title='bbox 398 4229 449 4322; x_wconf 81' lang='lat'><strong>15)</strong></span> <span class='ocrx_word' id='word_1_210' title='bbox 469 4257 477 4296; x_wconf 75' lang='grc' dir='ltr'><strong><em>τ</em></strong></span> <span class='ocrx_word' id='word_1_211' title='bbox 497 4227 679 4296; x_wconf 86' lang='lat' dir='ltr'><strong>Gelasiusa</strong></span> <span class='ocrx_word' id='word_1_212' title='bbox 702 4235 812 4296; x_wconf 87' lang='lat' dir='ltr'><strong>sancto</strong></span> <span class='ocrx_word' id='word_1_213' title='bbox 833 4226 1019 4316; x_wconf 86' lang='lat' dir='ltr'><strong>Augustino</strong></span> <span class='ocrx_word' id='word_1_214' title='bbox 1052 4225 1085 4320; x_wconf 87' lang='lat' dir='ltr'><strong>(l.</strong></span> <span class='ocrx_word' id='word_1_215' title='bbox 1106 4231 1136 4320; x_wconf 89' lang='lat'><strong>1,</strong></span> <span class='ocrx_word' id='word_1_216' title='bbox 1156 4229 1239 4300; x_wconf 75' lang='lat' dir='ltr'><strong>Doc-</strong></span> 
     </span>
    </p>
   </div>
   <div class='ocr_carea' id='block_1_6' title="bbox 0 0 1554 4954">
    <p class='ocr_par' dir='ltr' id='par_1_7' title="bbox 0 0 1554 4954">
     <span class='ocr_line' id='line_1_31' title="bbox 0 0 1554 4954; baseline 0 0"><span class='ocrx_word' id='word_1_217' title='bbox 0 0 1554 4954; x_wconf 95' lang='lat' dir='ltr'><strong> </strong></span> 
     </span>
    </p>
   </div>
  </div>
 </body>
</html>
