3068 4948
534 460 617 506 rums
640 460 791 504 annosior.
1132 521 1133 524 Ἴ
1159 439 1222 504 295

106 609 176 673 Tua
192 608 396 676 Fraternitas
412 608 548 699 implere
564 607 735 697 festinet...
755 611 804 678 Ne
820 609 871 676 ael
883 611 1003 676 nostra
1017 607 1224 675 cummenda-

102 715 203 782 tianis
229 714 405 784 mueniaris
432 716 600 784 tramitem
625 717 810 806 nepleaisse,
838 717 890 784 uel
911 717 1021 784 minus
1043 715 1222 784 exhibuisse

101 845 207 914 qaam
226 836 302 892 tuas
322 823 423 916 eripit
442 823 522 893 ardo
543 823 756 916 pauperibus.
780 823 845 893 Ubi
867 821 1061 910 notandum,
1079 823 1221 894 liberum

99 931 248 1023 relinqui
273 931 443 1023 Episcopo,
465 954 531 1001 nan
556 942 593 1001 ut
615 931 722 1000 dictus
745 930 903 1000 diaconus
928 931 1151 1002 incardinetur
1171 934 1222 1002 vel

99 1063 188 1128 nou;
206 1040 261 1110 sed
278 1049 403 1111 tantum
420 1049 456 1110 ut
469 1041 598 1133 expleat
617 1040 765 1110 officium
788 1039 930 1126 diaconi,
947 1041 998 1108 vel
1014 1041 1221 1112 emolumen-

100 1155 144 1223 tis
158 1157 369 1226 solummodo
388 1157 539 1248 gaudeat.

147 1264 278 1334 Solebat
306 1275 464 1358 praeterea
490 1267 524 1336 S.
552 1265 730 1356 Gregorius
760 1267 900 1355 Magnus
929 1264 1069 1332 ecclesiis
1094 1266 1220 1356 episco-

98 1372 231 1464 palibus
252 1373 468 1465 opimioribus
489 1375 658 1464 imponere
684 1373 855 1465 pensiones
880 1370 1065 1460 solvendas,
1084 1371 1125 1440 ad
1148 1395 1220 1441 sns-

99 1484 274 1550 tentandos
296 1483 472 1574 Episcopos
493 1505 512 1550 o
536 1480 611 1550 sede
636 1503 695 1551 sue
714 1480 878 1573 expulsos.
895 1479 990 1563 Quod
1006 1479 1057 1548 his
1072 1481 1221 1549 terminis

98 1589 201 1658 refert
214 1591 354 1660 Joannes
374 1591 529 1661 diaconus
548 1590 596 1681 (in
610 1590 689 1660 Vita
710 1588 745 1658 S.
767 1589 881 1677 Greg,
898 1589 922 1655 l.
936 1588 993 1674 lll,
1010 1610 1038 1655 e.
1057 1588 1109 1678 15)
1130 1615 1136 1654 :
1155 1589 1223 1656 Sed

100 1709 132 1764 et
150 1699 302 1790 eaptrlsos
325 1699 515 1791 Episcopus,
538 1721 617 1790 qaas
639 1711 710 1766 tam
729 1697 792 1765 cita
817 1697 993 1788 Gregorius
1013 1696 1222 1765 incardinare

99 1829 169 1874 nan
182 1819 325 1897 poterat,
343 1809 395 1876 uel
407 1829 548 1898 quaram
559 1805 702 1875 reditum
718 1805 764 1874 ad
774 1805 861 1874 sedes
870 1805 1027 1896 proprias
1041 1805 1222 1896 contingere

93 1939 192 2008 passe
217 1918 379 2008 sperabat,
403 1917 478 1985 aliis
502 1916 682 2008 Episcopis,
707 1915 765 2006 pai
791 1928 867 1983 tunc
890 1913 1036 1983 videlicet
1055 1914 1122 1982 suis
1145 1915 1221 1982 locis

98 2025 272 2115 (tepebant,
299 2026 433 2094 interim
452 2049 520 2118 pro
544 2024 779 2094 sustentatione
802 2045 841 2090 ac
865 2022 1033 2114 stipendiis
1051 2024 1220 2114 praesentis

99 2136 178 2203 vita
196 2136 374 2225 jungebat.
400 2134 562 2222 Profecto,
586 2134 614 2201 si
639 2132 734 2202 hodie
760 2131 958 2223 Episcopum
984 2130 1218 2200 Taurinensenr

102 2243 185 2333 (qui,
199 2243 288 2334 quad
302 2253 368 2312 tarn
383 2242 589 2312 laudabiliter
603 2265 663 2334 pro
675 2241 782 2310 officia
794 2263 854 2309 suo
863 2241 940 2331 jura
954 2239 1104 2308 Ecclesia
1119 2241 1219 2310 tuitus

97 2351 154 2436 sit,
172 2374 192 2418 a
212 2351 286 2420 sede
300 2375 359 2420 sua
375 2373 462 2418 nunc
482 2350 615 2420 exulare
637 2348 777 2439 cogitur)
798 2349 857 2440 (l),
875 2347 953 2415 Pius
968 2347 1015 2414 lX
1031 2349 1219 2416 auctoritate

97 2459 274 2549 apostolica
297 2458 489 2551 adjungeret
511 2457 610 2527 alicui
634 2457 793 2548 Episcopo
814 2454 969 2548 pensione
997 2455 1106 2548 aliqua
1131 2479 1218 2548 prae-

96 2567 219 2658 scripta
246 2567 508 2653 sustentandum,
533 2564 697 2658 numquid
725 2587 790 2633 non
818 2571 981 2633 exerceret
1003 2563 1036 2630 in
1062 2565 1218 2634 beneficia

96 2675 313 2745 ecclesiastica
329 2678 543 2768 potestatem‘.l

142 2783 230 2854 Vide
248 2783 396 2876 ejusdem
419 2782 569 2872 Gregorii
591 2783 702 2872 Magni
725 2781 895 2873 epistolam
916 2785 968 2866 15,
985 2780 1063 2848 libri
1078 2783 1135 2869 111,
1153 2806 1217 2875 qua

97 2915 214 2962 onrnes
228 2895 263 2960 in
280 2902 446 2984 posterum
465 2892 636 2960 Dalmatia
651 2890 854 2982 episcopatus
870 2890 932 2957 sibi
946 2897 1102 2960 reservat.

144 3003 299 3071 llartinus
313 3005 339 3089 1,
358 3002 392 3070 in
407 3001 582 3093 provinciis
602 3000 759 3085 Orientis,
775 2999 809 3068 in
830 2999 949 3092 quibus
967 3009 1046 3069 tunc
1063 3004 1218 3094 temporis

96 3111 307 3199 grassabatur
335 3110 622 3178 Monothelitarum
664 3109 807 3193 haeresis,
838 3109 984 3198 legatum
1014 3133 1112 3180 suum
1144 3112 1218 3182 lecit

95 3219 283 3288 iohannem
306 3217 543 3309 Philadelphiae
569 3217 781 3308 Episcopum,
803 3216 897 3307 eique
919 3219 1075 3310 praecepit
1096 3226 1133 3287 ut
1160 3243 1217 3311 per

96 3351 209 3394 ornnes
222 3327 368 3394 civitates
391 3326 601 3394 constitueret
620 3333 691 3392 tum
714 3324 904 3414 Episcopus,
923 3333 995 3392 tum
1012 3327 1217 3418 presbyteros
1327 3361 1330 3368 ,

96 3446 126 3504 et
149 3437 326 3504 diaconos:
349 3437 389 3502 ta
413 3435 468 3516 sic,
493 3433 611 3524 inquit,
626 3454 825 3525 prosperans
846 3432 880 3500 ia
901 3434 1055 3516 Domina,
1079 3458 1116 3502 ea
1143 3459 1215 3526 qua

96 3544 212 3614 desunt
226 3544 382 3634 campas,
403 3553 433 3610 et
450 3541 630 3610 constituas
641 3563 703 3631 per
718 3562 825 3607 omncs
841 3539 998 3628 ciuitates,
1013 3563 1128 3610 aarum
1144 3565 1216 3633 qua

95 3652 165 3720 sedi
178 3664 251 3720 tarn
266 3649 575 3740 Hierosolymitana
593 3671 668 3716 carn
689 3647 895 3716 Antiocheae
915 3647 1062 3731 subsunt,
1079 3649 1216 3741 Episco-

91 3783 153 3850 pas
179 3771 211 3827 et
230 3757 435 3849 presbyteras
458 3770 488 3823 et
510 3755 663 3824 diacanos
682 3781 692 3821 .·
709 3755 769 3824 ltac
788 3755 849 3823 tibi
872 3755 965 3822 arani
988 3755 1085 3824 moda
1109 3760 1219 3848 facere

92 3865 359 3956 praecipiartibas
381 3863 472 3932 nodis
493 3885 534 3931 ea
554 3862 733 3953 apostolica
755 3863 1055 3953 auctoritateque
1078 3863 1158 3934 data
1173 3879 1218 3934 est

128 4138 160 4196 (l)
178 4135 235 4184 Nou
256 4129 312 4181 eina
331 4144 434 4181 stimmo
454 4135 529 4194 etque
553 4131 580 4180 in
601 4129 709 4180 historia
735 4132 886 4194 perenniter
913 4145 1081 4196 permansuro
1103 4133 1218 4187 virorum

100 4215 285 4266 catholicorum
296 4213 341 4280 qui
352 4213 413 4265 hiric
427 4225 508 4277 regno
520 4215 633 4278 presunt
647 4211 785 4265 dedecore.
