3068 4948
521 485 604 532 sums
625 485 775 534 cerumar.
1141 468 1202 534 247

91 645 167 714 ergo
196 645 310 692 verum
337 633 420 693 esset
449 625 537 716 quod
565 625 700 694 sustinet
730 625 910 694 Febronius
924 627 1096 697 Pontifices
1111 651 1203 721 posse

92 739 215 799 tantum
236 731 323 822 leges
339 755 530 825 proponere,
555 755 621 801 non
634 741 744 801 autem
757 731 861 820 ferre3
880 755 959 825 ergo
979 742 1045 804 toto
1060 745 1204 830 tempore

90 865 154 932 quo
181 864 248 912 non
269 851 317 912 est
329 843 547 913 coadunatum
561 845 735 914 concilium
750 848 1000 938 oecumenicum,
1018 852 1110 922 nulla
1123 862 1206 924 esset

89 953 266 1022 auctoritas
289 976 364 1044 quae
392 961 499 1045 posset
518 953 682 1022 universis
705 954 856 1025 fidelibus
871 960 1066 1051 praciper03
1082 970 1202 1032 etcum

89 1059 175 1126 idem
196 1059 237 1128 ab
258 1059 443 1130 auctoribus
464 1084 547 1153 quos
566 1062 773 1132 confutamus
796 1065 993 1136 sustineatur
1014 1068 1054 1137 de
1072 1069 1204 1160 legibus

88 1167 219 1236 concilii
248 1170 450 1255 aecumenici,
482 1170 571 1238 nullo
600 1171 733 1240 omnino
754 1172 906 1240 existeret
920 1175 1204 1268 auctoritaslegis-

89 1275 187 1344 lativa
218 1275 254 1344 in
281 1277 467 1346 nniversam
498 1278 694 1365 Ecclesiam3
726 1288 757 1347 et
785 1301 860 1349 cum
886 1281 979 1350 nulla
991 1283 1034 1350 sit
1047 1285 1131 1352 ratio
1145 1307 1205 1353 cur

89 1385 268 1454 nunidem
298 1385 426 1454 dicatur
456 1386 496 1455 dc
526 1387 686 1479 Episcopo
716 1387 848 1457 relative
879 1386 920 1456 ad
943 1390 1100 1481 parochos
1116 1399 1147 1462 et
1164 1396 1204 1460 fi-

90 1491 187 1582 deles,
205 1493 296 1562 nulla
317 1495 452 1564 omnino
474 1495 535 1563 crit
550 1495 713 1588 possibilis
732 1497 785 1565 lex
802 1497 1024 1584 ecclesiastica,
1042 1497 1099 1568 sed
1115 1501 1204 1592 quis·

91 1628 151 1696 que
180 1605 245 1674 sibi
271 1605 375 1695 legem
406 1627 475 1673 esse
502 1605 676 1675 dicandum
703 1604 796 1674 foret.
826 1605 921 1688 Quod
950 1613 1059 1675 numm
1086 1607 1205 1676 dixerit

90 1711 239 1782 Christus
269 1725 377 1781 euntes
402 1713 512 1782 docete
536 1735 647 1782 omnes
673 1724 793 1803 pentes,
825 1712 905 1782 adeo
932 1712 1100 1783 evidenter
1112 1723 1206 1784 extra

90 1821 300 1910 (pastionem
330 1830 480 1912 vagatur,
513 1831 548 1890 ut
574 1821 793 1890 confutatione
806 1822 940 1911 dignam
955 1819 1040 1890 hanc
1054 1823 1205 1916 objectio-

90 1947 163 1998 nem
187 1951 254 1998 non
279 1939 477 2024 reputemus.
494 1929 557 1998 Sed
574 1930 752 2020 generatim
773 1929 835 1998 alio
858 1939 1051 2020 argumento
1067 1932 1112 1999 sic
1128 1955 1206 2026 pro-

90 2038 205 2106 bamus
228 2037 311 2106 nihil
331 2061 399 2107 esse
414 2038 449 2104 in
463 2036 640 2130 Scripturis
661 2039 760 2107 sacris
778 2037 867 2131 quod
883 2039 1095 2109 necessariam
1112 2042 1207 2111 faciat

91 2148 121 2213 in
135 2147 314 2239 provinciis
328 2147 438 2237 legum
456 2147 700 2240 pontificiarum
716 2147 1010 2240 promulgationem
1029 2175 1036 2216 :

132 2256 168 2324 Si
184 2255 225 2325 de
245 2256 320 2345 jure
335 2255 447 2325 divino
463 2279 520 2324 scu
534 2280 574 2326 ex
590 2257 690 2326 sacris
713 2256 890 2349 Scripturis
902 2259 1083 2326 neccssaria
1095 2259 1136 2327 sit
1152 2260 1207 2329 illa

92 2363 322 2454 promulgatio,
340 2362 515 2432 dicendum
538 2374 587 2432 est
608 2364 649 2432 ab
672 2386 759 2432 anno
778 2363 890 2432 saltem
910 2367 1006 2451 1281,
1022 2364 1055 2432 id
1078 2376 1125 2436 est
1149 2389 1207 2458 per

90 2495 144 2540 sex
161 2472 230 2540 iere
245 2471 376 2559 saecula,
392 2473 574 2540 Romanam
590 2470 708 2541 Sedem
724 2481 779 2541 aut
793 2472 960 2562 ignorasse
976 2473 1031 2562 jus
1054 2473 1205 2542 divinum

90 2590 119 2646 et
148 2602 263 2650 verum
296 2601 426 2648 sensum
456 2579 638 2670 Evangelii,
671 2591 727 2650 aut
748 2603 807 2648 sua
822 2579 1000 2648 Ecclesiam
1016 2580 1205 2652 universam

90 2685 293 2776 gubernandi
321 2687 456 2773 ratione,
481 2688 537 2778 jus
563 2686 714 2756 divinum
741 2694 773 2754 ct
788 2687 1012 2778 evangelicum
1028 2711 1069 2757 ex
1085 2690 1207 2759 malitia

91 2798 291 2868 conculcasse
301 2825 309 2884 ;
339 2805 370 2866 ct
401 2819 467 2865 non
484 2805 610 2866 tantum
628 2798 792 2866 Romanos
806 2797 990 2886 Pontifices,
1009 2800 1065 2868 sed
1081 2807 1112 2868 et
1128 2824 1207 2869 con-

92 2907 199 2976 cilium
220 2906 477 2993 Constantiense,
503 2930 601 2999 aquo
628 2908 760 2976 exclusa
775 2909 873 2976 etiam
889 2908 950 2976 luit
966 2909 1206 3000 promulgatio-

20 3095 22 3110 ,
93 3015 141 3082 nis
165 3015 339 3083 necessitas
357 3016 391 3084 iu
406 3017 596 3107 provinciis,
617 3025 648 3084 et
674 3016 848 3085 concilium
861 3017 1102 3108 Tridentinnm,
1119 3024 1207 3114 quod

94 3127 224 3196 minime
255 3127 424 3219 impedivit
451 3151 491 3196 nc
515 3129 603 3218 leges
634 3152 703 3196 suaa
719 3151 737 3196 a
751 3128 810 3196 Pio
839 3128 886 3199 lv
900 3151 959 3220 per
974 3130 1076 3198 solam
1092 3133 1206 3201 Ronraa

93 3236 383 3325 promulgationem
413 3236 615 3326 obligatorias
644 3237 885 3306 declararentur
917 3238 1093 3307 :sciebant
1120 3242 1207 3308 enim

95 3345 276 3416 Tridentini
296 3347 407 3415 Patres
429 3347 526 3415 Pium
552 3345 599 3415 lV
616 3367 682 3412 non
704 3344 769 3412 alio
786 3344 882 3414 modo
897 3346 1071 3415 concilium
1087 3349 1208 3417 coufir-

95 3471 266 3528 matnrum.
286 3457 399 3535 „Porro
431 3475 575 3524 asserere
604 3475 660 3545 per
685 3459 731 3520 tol
761 3451 880 3519 saecula
896 3452 992 3521 talem
1017 3454 1160 3544 viguisse
1174 3457 1209 3522 in

96 3566 233 3636 Ecclesia
259 3567 343 3658 juris
372 3565 477 3634 divini
504 3573 536 3632 ct
550 3563 720 3652 Evangelii
735 3562 802 3631 sive
818 3562 1036 3651 ignorantiam
1052 3565 1120 3633 sive
1134 3588 1210 3635 con-

96 3682 263 3769 temptum,
284 3696 350 3742 non
373 3681 502 3741 tantum
527 3670 695 3740 delirantis
716 3679 776 3758 est,
803 3668 859 3738 sed
881 3671 1014 3740 omnino
1029 3674 1209 3742 temeraria

96 3782 296 3873 opinationis.
319 3782 408 3871 Ergo
430 3781 516 3848 sicut
537 3800 596 3847 nec
608 3779 683 3870 jure
703 3778 858 3864 naturali,
875 3777 921 3846 ita
937 3801 995 3847 nec
1008 3779 1083 3870 jure
1098 3779 1210 3849 divino

97 3893 268 3983 requiritur
282 3891 316 3959 in
332 3889 512 3981 provinciis
525 3889 639 3978 legum
655 3886 895 3978 pontificiarum
910 3887 1140 3979 promulgatio.

136 3999 207 4067 Jam
236 3999 277 4066 ad
310 4005 542 4088 argumentum
570 3994 832 4064 adversariorum
861 3993 901 4062 de
930 3996 1025 4085 praxi
1059 3996 1210 4066 Ecclesia

100 4097 301 4193 desumptum
318 4099 519 4169 accedamus.
