3048 4954
279 493 340 558 ltl
632 513 806 558 naimarus
831 515 868 559 na
891 513 1043 560 nisurus

275 651 369 718 trinae
393 649 529 735 Christ,
553 673 583 718 e.
603 653 648 740 8),
665 660 728 719 eta
745 661 856 720 saneto
882 651 1099 720 lnnooeotiol
1118 651 1223 743 (epist.
1239 649 1280 718 ud
1301 651 1396 720 Exu-

275 759 415 850 perium)
434 787 442 827 :
465 759 518 826 isti
536 759 578 827 ab
606 761 863 856 auteoassoribus
886 788 894 827 :
914 761 948 828 ni
970 761 1013 828 ab
1034 761 1199 850 Apostolis
1221 761 1395 852 :Apostoli

274 870 378 939 Vetus
394 869 638 939 Testamentum
658 894 679 938 a
697 893 879 964 synagoga.

224 965 227 974 ’
319 976 497 1069 Soriptnrae
520 977 586 1046 illae
608 978 718 1070 aliquo
737 1001 835 1048 sensu
855 978 920 1046 diei
943 987 1079 1069 possunt
1104 977 1177 1046 lons
1192 976 1280 1069 juris
1293 999 1395 1045 moo-

275 1084 351 1170 niei,
376 1084 487 1176 aliquo
512 1107 577 1153 nou
600 1093 747 1176 possunt.
766 1084 880 1154 llnltae
894 1085 1014 1154 scilieet
1028 1084 1167 1174 legesalr
1181 1084 1395 1154 ecelesiastica

274 1193 419 1262 humana
433 1192 621 1261 auctoritate
645 1193 736 1278 latae,
759 1215 824 1260 nou
841 1201 918 1261 sunt
936 1192 999 1258 nisi
1014 1191 1244 1284 applicationes
1258 1215 1316 1260 sen
1333 1191 1396 1260 de·

273 1302 515 1372 terminationes
543 1301 693 1393 quandam
730 1302 933 1392 generalium
966 1311 1201 1393 praeceptorum
1232 1309 1264 1370 et
1292 1323 1393 1390 regu-

272 1411 415 1478 laroma
437 1407 550 1478 Deoia
566 1407 744 1500 Scripturis
766 1409 890 1476 sanctis
900 1409 1113 1492 traditarum
1136 1417 1169 1476 et
1184 1409 1229 1474 sie
1243 1407 1395 1497 Scriptu-

274 1519 319 1586 ris
344 1517 444 1584 sacris
473 1515 567 1606 quasi
598 1515 810 1584 fundamento
841 1517 1003 1600 nituntur,
1032 1526 1064 1584 et
1087 1515 1394 1605 exiisquasilonte

274 1625 442 1717 prodiere;
475 1621 563 1689 unde
591 1622 714 1690 dictum
742 1622 830 1691 istud
849 1652 856 1690 :
874 1627 930 1693 Ea:
951 1626 1204 1694 arretmitotr'bus
1226 1625 1344 1692 Veteris
1361 1637 1396 1692 et

275 1734 360 1804 Novi
377 1731 572 1800 Testamenti
581 1744 804 1821 praemonuit
816 1733 977 1802 cunnum
991 1735 1173 1802 sanctiones
1188 1735 1229 1824 (a.
1247 1733 1394 1816 Qualiter

275 1844 330 1926 tl,
354 1839 400 1906 De
423 1837 557 1926 senus).
576 1839 611 1906 Si
635 1861 713 1907 vero
726 1838 836 1907 stricto
852 1862 950 1908 sensu
975 1840 1155 1931 accipiatur
1174 1840 1395 1908 denominatio

271 1947 372 2040 sontr's
384 1946 476 2038 juris
496 1946 655 2031 cunundi,
681 1967 797 2038 nempe
818 1969 877 2038 pro
891 1970 988 2016 causa
1010 1947 1166 2016 afficiente
1179 1948 1289 2039 legum
1306 1970 1395 2016 mere

274 2056 574 2140 ecclesiastieorum,
601 2056 735 2147 planum
763 2063 824 2142 est,
851 2057 997 2125 nVerbo
1017 2057 1076 2125 Dei
1092 2059 1212 2149 scripto
1232 2080 1297 2126 non
1314 2059 1395 2125 oriri

275 2165 337 2234 nisi
362 2163 418 2256 jus
451 2163 624 2248 divinum,
664 2186 730 2231 non
760 2173 868 2232 autern
906 2165 1089 2234 humanum
1124 2165 1390 2250 ecclesiasticum

275 2296 348 2342 enm
365 2271 471 2341 omnis
486 2271 539 2338 lex
556 2271 589 2337 in
611 2271 792 2361 Scripturis
815 2273 934 2340 sanetis
949 2281 1118 2358 contenta,
1146 2273 1206 2342 hoe
1221 2274 1291 2362 ipso
1304 2271 1393 2364 quod

275 2389 477 2473 supponatur
499 2378 567 2448 Deo
589 2379 660 2470 ipsu
675 2377 815 2446 dictante
831 2381 963 2471 scripta,
984 2381 1038 2448 lex
1055 2381 1168 2448 divina
1181 2380 1317 2448 dioenda
1338 2381 1391 2464 sit,

274 2499 306 2558 et
319 2489 360 2555 ad
373 2488 428 2578 jus
441 2485 590 2555 divinum
608 2487 781 2577 pertinere.
807 2487 964 2569 Quaedam
980 2499 1088 2556 tnmeu
1107 2490 1229 2556 sancita
1251 2489 1394 2580 Aposto-

274 2599 395 2681 lorum,
423 2596 497 2662 licet
521 2595 556 2660 in
582 2595 682 2662 saeris
698 2595 879 2687 Scripturis
893 2606 1056 2684 contenta,
1071 2597 1164 2664 verbi
1180 2597 1297 2686 gratia,
1314 2618 1394 2687 pro·
1521 2621 1522 2692 3

275 2703 390 2772 hibitio
409 2702 590 2771 abstinendi
616 2725 636 2769 a
658 2705 819 2793 sanguine
851 2715 884 2774 et
910 2704 1089 2789 suffocato,
1122 2705 1234 2773 haberi
1257 2713 1395 2794 possunt

274 2822 428 2903 tanquam
455 2809 543 2898 leges
572 2831 658 2878 mere
682 2811 927 2896 ecelesiasticae3
960 2821 1070 2903 utpote
1084 2835 1165 2903 quas
1190 2810 1336 2902 Apostoli
1351 2833 1393 2878 ex

275 2918 407 3012 propria
427 2940 485 2985 sua
508 2917 696 2986 auctoritate
719 2921 930 2988 eeclesiastico
953 2921 1099 3006 tulerint,
1116 2942 1182 2988 non
1201 2927 1309 2988 autem
1323 2919 1392 3010 jam

275 3051 295 3094 a
324 3024 452 3094 Christo
476 3022 557 3093 latas
585 3035 616 3092 et
641 3026 683 3094 ab
711 3049 767 3096 ore
795 3030 866 3119 ejus
896 3036 1043 3119 arreptas
1063 3025 1260 3118 publicando
1286 3027 1394 3096 mati

275 3135 352 3201 sint.

320 3242 360 3311 ll.
379 3246 427 3310 De
456 3241 556 3310 Verbo
580 3242 641 3309 Dei
653 3265 720 3310 non
735 3244 868 3335 sumpto,
885 3266 940 3312 seu
955 3242 995 3312 de
1009 3243 1128 3312 divinis
1146 3241 1388 3310 traditionibus.

275 3389 320 3406 -
334 3350 538 3421 'l'roditiones
566 3349 628 3417 diei
658 3351 762 3419 solent
792 3351 949 3420 doctrinm
978 3351 1030 3420 vel
1060 3373 1178 3443 praxea
1196 3351 1232 3417 in
1251 3349 1393 3418 Ecclesia

276 3460 437 3546 stabilitae,
461 3467 493 3526 et
521 3479 595 3550 qnae
617 3481 636 3524 a
661 3459 775 3549 primis
804 3460 991 3528 auctoribus
1027 3459 1127 3528 verbo
1160 3466 1299 3543 tantum,
1326 3479 1392 3524 non

224 3579 232 3610 t
276 3579 383 3640 aulem
414 3567 533 3657 scripto
561 3565 703 3634 indnotae
732 3575 820 3635 snnt.
852 3567 967 3635 Dieiur
990 3589 1010 3634 n
1032 3565 1155 3658 primis
1182 3564 1392 3646 metante·

276 3680 351 3770 quin
372 3676 447 3745 licet
470 3686 580 3768 postea
606 3675 734 3765 seriptis
750 3674 912 3742 mandata
935 3675 1011 3761 sint,
1027 3674 1168 3742 retinent
1179 3671 1393 3740 nihilominus
1518 3683 1519 3718 ³

277 3784 459 3856 traditionis
477 3805 608 3852 nomeu.

320 3893 573 3982 ltistinguuntur
596 3889 786 3958 traditiones
810 3891 918 3981 quoad
943 3889 1140 3982 principium
1165 3911 1265 3980 aquo
1290 3910 1394 3957 exor-

275 4003 366 4072 dinm
394 4006 615 4090 sumpserunt,
645 3997 844 4084 indiviam,
873 3998 1065 4089 apostolicas
1088 4007 1121 4066 et
1148 3996 1391 4066 ecclesiasticas.
1517 3975 1518 4020 l

275 4110 403 4181 Divinae
420 4115 557 4197 aceeptae
579 4115 695 4174 sunta
721 4105 852 4175 Christo
879 4108 1052 4198 Apostolos
1076 4106 1223 4206 docente,
1251 4115 1393 4200 suntque

275 4244 324 4310 en,
343 4241 374 4288 v.
398 4239 446 4306 g.,
464 4237 539 4306 quae
560 4213 601 4282 ad
629 4213 799 4282 materiam
814 4224 847 4282 et
867 4215 1006 4284 lormam
1022 4225 1301 4284 sacramentorum
1314 4237 1393 4308 per-
