<?xml version="1.0" encoding="UTF-8"?>
<!DOCTYPE html PUBLIC "-//W3C//DTD XHTML 1.0 Transitional//EN"
    "http://www.w3.org/TR/xhtml1/DTD/xhtml1-transitional.dtd">
<html xmlns="http://www.w3.org/1999/xhtml" xml:lang="en" lang="en">
 <head>
  <title>
</title>
<meta http-equiv="Content-Type" content="text/html;charset=utf-8" />
  <meta name='ocr-system' content='tesseract 3.04.00' />
  <meta name='ocr-capabilities' content='ocr_page ocr_carea ocr_par ocr_line ocrx_word'/>
</head>
<body>
  <div class='ocr_page' id='page_1' title='image "./tractatusdeprin00bouigoog_0582.png"; bbox 0 0 3042 4946; ppageno 0'>
   <div class='ocr_carea' id='block_1_1' title="bbox 561 473 1244 543">
    <p class='ocr_par' dir='ltr' id='par_1_1' title="bbox 561 473 1244 543">
     <span class='ocr_line' id='line_1_1' title="bbox 561 473 1244 543; baseline -0.006 -1"><span class='ocrx_word' id='word_1_1' title='bbox 561 496 642 543; x_wconf 86' lang='lat' dir='ltr'>run1s</span> <span class='ocrx_word' id='word_1_2' title='bbox 664 496 814 542; x_wconf 77' lang='grc'>81808888.</span> <span class='ocrx_word' id='word_1_3' title='bbox 1183 473 1244 540; x_wconf 82' lang='grc'>5711</span> 
     </span>
    </p>
   </div>
   <div class='ocr_carea' id='block_1_2' title="bbox 124 633 1261 3873">
    <p class='ocr_par' dir='ltr' id='par_1_2' title="bbox 124 633 1248 1701">
     <span class='ocr_line' id='line_1_2' title="bbox 175 633 1244 728; baseline -0.005 -22"><span class='ocrx_word' id='word_1_4' title='bbox 175 641 206 707; x_wconf 78' lang='lat' dir='ltr'>l.</span> <span class='ocrx_word' id='word_1_5' title='bbox 229 639 281 706; x_wconf 80' lang='lat' dir='ltr'>An</span> <span class='ocrx_word' id='word_1_6' title='bbox 298 636 467 706; x_wconf 76' lang='lat' dir='ltr'>aPraelsto</span> <span class='ocrx_word' id='word_1_7' title='bbox 482 637 571 728; x_wconf 86' lang='lat' dir='ltr'>Papa</span> <span class='ocrx_word' id='word_1_8' title='bbox 586 635 739 704; x_wconf 77' lang='lat' dir='ltr'>interiore</span> <span class='ocrx_word' id='word_1_9' title='bbox 754 634 897 724; x_wconf 77' lang='lat' dir='ltr'>delegari</span> <span class='ocrx_word' id='word_1_10' title='bbox 912 635 1014 727; x_wconf 82' lang='lat' dir='ltr'>possit</span> <span class='ocrx_word' id='word_1_11' title='bbox 1026 633 1149 703; x_wconf 77' lang='lat' dir='ltr'>laicus?</span> <span class='ocrx_word' id='word_1_12' title='bbox 1164 635 1244 703; x_wconf 88' lang='lat' dir='ltr'>Cer-</span> 
     </span>
     <span class='ocr_line' id='line_1_3' title="bbox 125 743 1245 836; baseline -0.004 -22"><span class='ocrx_word' id='word_1_13' title='bbox 125 755 200 814; x_wconf 87' lang='lat' dir='ltr'>tum</span> <span class='ocrx_word' id='word_1_14' title='bbox 220 754 270 814; x_wconf 91' lang='lat' dir='ltr'>est</span> <span class='ocrx_word' id='word_1_15' title='bbox 289 745 403 836; x_wconf 64' lang='lat' dir='ltr'>ptumo</span> <span class='ocrx_word' id='word_1_16' title='bbox 428 745 570 834; x_wconf 81' lang='lat' dir='ltr'>delegari</span> <span class='ocrx_word' id='word_1_17' title='bbox 585 744 667 812; x_wconf 90' lang='lat' dir='ltr'>laico</span> <span class='ocrx_word' id='word_1_18' title='bbox 683 767 748 813; x_wconf 92' lang='lat' dir='ltr'>non</span> <span class='ocrx_word' id='word_1_19' title='bbox 765 758 858 835; x_wconf 83' lang='lat' dir='ltr'>posse</span> <span class='ocrx_word' id='word_1_20' title='bbox 870 745 912 812; x_wconf 92' lang='lat' dir='ltr'>ab</span> <span class='ocrx_word' id='word_1_21' title='bbox 928 743 1099 836; x_wconf 88' lang='lat' dir='ltr'>Episcopis</span> <span class='ocrx_word' id='word_1_22' title='bbox 1113 766 1245 812; x_wconf 84' lang='lat' dir='ltr'>cansam</span> 
     </span>
     <span class='ocr_line' id='line_1_4' title="bbox 124 851 1245 944; baseline 0.002 -26"><span class='ocrx_word' id='word_1_23' title='bbox 124 852 331 944; x_wconf 87' lang='lat' dir='ltr'>spiritualem</span> <span class='ocrx_word' id='word_1_24' title='bbox 357 875 415 922; x_wconf 90' lang='lat' dir='ltr'>seu</span> <span class='ocrx_word' id='word_1_25' title='bbox 441 875 528 920; x_wconf 86' lang='lat' dir='ltr'>mere</span> <span class='ocrx_word' id='word_1_26' title='bbox 555 851 811 922; x_wconf 84' lang='lat' dir='ltr'>ecclesiasticam.</span> <span class='ocrx_word' id='word_1_27' title='bbox 841 851 898 919; x_wconf 90' lang='lat' dir='ltr'>Est</span> <span class='ocrx_word' id='word_1_28' title='bbox 920 852 1078 920; x_wconf 88' lang='lat' dir='ltr'>sententia</span> <span class='ocrx_word' id='word_1_29' title='bbox 1098 874 1245 920; x_wconf 88' lang='lat' dir='ltr'>commu-</span> 
     </span>
     <span class='ocr_line' id='line_1_5' title="bbox 126 958 1245 1052; baseline 0 -26"><span class='ocrx_word' id='word_1_30' title='bbox 126 960 191 1029; x_wconf 90' lang='lat' dir='ltr'>nis.</span> <span class='ocrx_word' id='word_1_31' title='bbox 214 959 311 1052; x_wconf 84' lang='lat' dir='ltr'>(Vide</span> <span class='ocrx_word' id='word_1_32' title='bbox 323 958 545 1046; x_wconf 80' lang='lat' dir='ltr'>Reiffeustuel,</span> <span class='ocrx_word' id='word_1_33' title='bbox 562 960 597 1026; x_wconf 91' lang='lat' dir='ltr'>in</span> <span class='ocrx_word' id='word_1_34' title='bbox 614 962 628 1025; x_wconf 87' lang='lat'>1</span> <span class='ocrx_word' id='word_1_35' title='bbox 643 959 785 1046; x_wconf 82' lang='lat' dir='ltr'>Decret,</span> <span class='ocrx_word' id='word_1_36' title='bbox 800 959 849 1026; x_wconf 89' lang='lat' dir='ltr'>tit.</span> <span class='ocrx_word' id='word_1_37' title='bbox 865 962 920 1045; x_wconf 85' lang='grc'>29,</span> <span class='ocrx_word' id='word_1_38' title='bbox 937 981 970 1026; x_wconf 93' lang='lat' dir='ltr'>n.</span> <span class='ocrx_word' id='word_1_39' title='bbox 990 959 1058 1048; x_wconf 89' lang='grc'>88.)</span> <span class='ocrx_word' id='word_1_40' title='bbox 1069 963 1245 1027; x_wconf 77' lang='grc'>-88888-</span> 
     </span>
     <span class='ocr_line' id='line_1_6' title="bbox 126 1066 1247 1160; baseline 0.003 -24"><span class='ocrx_word' id='word_1_41' title='bbox 126 1067 183 1150; x_wconf 84' lang='lat' dir='ltr'>do,</span> <span class='ocrx_word' id='word_1_42' title='bbox 210 1076 332 1138; x_wconf 87' lang='lat' dir='ltr'>certum</span> <span class='ocrx_word' id='word_1_43' title='bbox 352 1076 401 1138; x_wconf 87' lang='lat' dir='ltr'>est</span> <span class='ocrx_word' id='word_1_44' title='bbox 418 1068 500 1136; x_wconf 85' lang='lat' dir='ltr'>laico</span> <span class='ocrx_word' id='word_1_45' title='bbox 523 1066 666 1160; x_wconf 79' lang='lat' dir='ltr'>delegari</span> <span class='ocrx_word' id='word_1_46' title='bbox 687 1091 752 1137; x_wconf 89' lang='lat' dir='ltr'>non</span> <span class='ocrx_word' id='word_1_47' title='bbox 776 1091 869 1160; x_wconf 88' lang='lat' dir='ltr'>posse</span> <span class='ocrx_word' id='word_1_48' title='bbox 888 1068 929 1135; x_wconf 87' lang='lat' dir='ltr'>ab</span> <span class='ocrx_word' id='word_1_49' title='bbox 950 1067 1119 1159; x_wconf 84' lang='lat' dir='ltr'>Episcopis</span> <span class='ocrx_word' id='word_1_50' title='bbox 1134 1093 1247 1138; x_wconf 80' lang='lat' dir='ltr'>causas</span> 
     </span>
     <span class='ocr_line' id='line_1_7' title="bbox 127 1175 1246 1245; baseline 0.001 -1"><span class='ocrx_word' id='word_1_51' title='bbox 127 1175 313 1244; x_wconf 78' lang='lat' dir='ltr'><strong>criminales</strong></span> <span class='ocrx_word' id='word_1_52' title='bbox 343 1175 537 1245; x_wconf 91' lang='lat' dir='ltr'>clericorum</span> <span class='ocrx_word' id='word_1_53' title='bbox 569 1203 575 1243; x_wconf 95' lang='lat'><strong>:</strong></span> <span class='ocrx_word' id='word_1_54' title='bbox 607 1184 656 1244; x_wconf 88' lang='lat' dir='ltr'>est</span> <span class='ocrx_word' id='word_1_55' title='bbox 686 1177 762 1244; x_wconf 91' lang='lat' dir='ltr'>item</span> <span class='ocrx_word' id='word_1_56' title='bbox 790 1176 948 1244; x_wconf 87' lang='lat' dir='ltr'>sententia</span> <span class='ocrx_word' id='word_1_57' title='bbox 977 1177 1171 1245; x_wconf 89' lang='lat' dir='ltr'>communis.</span> <span class='ocrx_word' id='word_1_58' title='bbox 1202 1217 1246 1232; x_wconf 89' lang='lat'><em>-</em></span> 
     </span>
     <span class='ocr_line' id='line_1_8' title="bbox 131 1283 1244 1375; baseline 0.001 -24"><span class='ocrx_word' id='word_1_59' title='bbox 131 1284 249 1366; x_wconf 84' lang='lat' dir='ltr'>Tertio,</span> <span class='ocrx_word' id='word_1_60' title='bbox 280 1306 322 1354; x_wconf 88' lang='lat' dir='ltr'>an</span> <span class='ocrx_word' id='word_1_61' title='bbox 351 1291 459 1352; x_wconf 88' lang='lat' dir='ltr'>autem</span> <span class='ocrx_word' id='word_1_62' title='bbox 490 1283 572 1353; x_wconf 84' lang='lat' dir='ltr'>laico</span> <span class='ocrx_word' id='word_1_63' title='bbox 602 1283 749 1373; x_wconf 83' lang='lat' dir='ltr'>delegare</span> <span class='ocrx_word' id='word_1_64' title='bbox 777 1285 878 1375; x_wconf 79' lang='lat' dir='ltr'>possit</span> <span class='ocrx_word' id='word_1_65' title='bbox 906 1283 1085 1374; x_wconf 82' lang='lat' dir='ltr'>Episcopus</span> <span class='ocrx_word' id='word_1_66' title='bbox 1115 1306 1244 1352; x_wconf 84' lang='lat' dir='ltr'>causam</span> 
     </span>
     <span class='ocr_line' id='line_1_9' title="bbox 126 1391 1246 1484; baseline 0.001 -24"><span class='ocrx_word' id='word_1_67' title='bbox 126 1393 340 1484; x_wconf 78' lang='lat' dir='ltr'>temporalem</span> <span class='ocrx_word' id='word_1_68' title='bbox 351 1391 491 1484; x_wconf 78' lang='lat' dir='ltr'>aiicujus</span> <span class='ocrx_word' id='word_1_69' title='bbox 504 1391 609 1460; x_wconf 89' lang='lat' dir='ltr'>clerici</span> <span class='ocrx_word' id='word_1_70' title='bbox 623 1391 818 1483; x_wconf 84' lang='lat' dir='ltr'>judicialiter</span> <span class='ocrx_word' id='word_1_71' title='bbox 833 1391 1103 1481; x_wconf 80' lang='lat' dir='ltr'>cognoscendam,</span> <span class='ocrx_word' id='word_1_72' title='bbox 1117 1400 1246 1461; x_wconf 88' lang='lat' dir='ltr'>contro-</span> 
     </span>
     <span class='ocr_line' id='line_1_10' title="bbox 129 1499 1248 1593; baseline 0.001 -26"><span class='ocrx_word' id='word_1_73' title='bbox 129 1501 269 1570; x_wconf 76' lang='lat' dir='ltr'>vertitur</span> <span class='ocrx_word' id='word_1_74' title='bbox 287 1528 294 1569; x_wconf 89' lang='lat'>:</span> <span class='ocrx_word' id='word_1_75' title='bbox 312 1513 484 1592; x_wconf 87' lang='lat' dir='ltr'>utramque</span> <span class='ocrx_word' id='word_1_76' title='bbox 499 1500 692 1569; x_wconf 83' lang='lat' dir='ltr'>seutentiam</span> <span class='ocrx_word' id='word_1_77' title='bbox 707 1521 781 1569; x_wconf 90' lang='lat' dir='ltr'>cum</span> <span class='ocrx_word' id='word_1_78' title='bbox 797 1504 866 1568; x_wconf 90' lang='lat' dir='ltr'>suis</span> <span class='ocrx_word' id='word_1_79' title='bbox 881 1499 1101 1570; x_wconf 81' lang='lat' dir='ltr'>fundamentis</span> <span class='ocrx_word' id='word_1_80' title='bbox 1111 1501 1248 1593; x_wconf 80' lang='lat' dir='ltr'>exponit</span> 
     </span>
     <span class='ocr_line' id='line_1_11' title="bbox 129 1609 868 1701; baseline -0.001 -22"><span class='ocrx_word' id='word_1_81' title='bbox 129 1609 341 1680; x_wconf 84' lang='lat' dir='ltr'>Reiffenstuel</span> <span class='ocrx_word' id='word_1_82' title='bbox 355 1609 402 1701; x_wconf 81' lang='lat' dir='ltr'>(in</span> <span class='ocrx_word' id='word_1_83' title='bbox 421 1613 433 1676; x_wconf 91' lang='grc'>1</span> <span class='ocrx_word' id='word_1_84' title='bbox 453 1609 593 1696; x_wconf 80' lang='lat' dir='ltr'>Decret,</span> <span class='ocrx_word' id='word_1_85' title='bbox 610 1609 658 1677; x_wconf 90' lang='lat' dir='ltr'>tit.</span> <span class='ocrx_word' id='word_1_86' title='bbox 678 1612 732 1695; x_wconf 85' lang='grc'>29,</span> <span class='ocrx_word' id='word_1_87' title='bbox 750 1633 783 1678; x_wconf 92' lang='lat' dir='ltr'>n.</span> <span class='ocrx_word' id='word_1_88' title='bbox 804 1613 868 1700; x_wconf 89' lang='grc'>89).</span> 
     </span>
    </p>

    <p class='ocr_par' dir='ltr' id='par_1_3' title="bbox 136 1716 1253 3308">
     <span class='ocr_line' id='line_1_12' title="bbox 180 1716 1246 1812; baseline 0.002 -26"><span class='ocrx_word' id='word_1_89' title='bbox 180 1723 210 1785; x_wconf 86' lang='grc'>5.</span> <span class='ocrx_word' id='word_1_90' title='bbox 230 1720 282 1787; x_wconf 87' lang='lat' dir='ltr'>Aa</span> <span class='ocrx_word' id='word_1_91' title='bbox 308 1740 327 1786; x_wconf 83' lang='lat' dir='ltr'>a</span> <span class='ocrx_word' id='word_1_92' title='bbox 348 1719 436 1810; x_wconf 90' lang='lat' dir='ltr'>Papa</span> <span class='ocrx_word' id='word_1_93' title='bbox 460 1716 603 1807; x_wconf 82' lang='lat' dir='ltr'>delegari</span> <span class='ocrx_word' id='word_1_94' title='bbox 628 1718 730 1811; x_wconf 83' lang='lat' dir='ltr'>possit</span> <span class='ocrx_word' id='word_1_95' title='bbox 753 1719 877 1788; x_wconf 80' lang='lat' dir='ltr'>leiensi</span> <span class='ocrx_word' id='word_1_96' title='bbox 905 1745 922 1783; x_wconf 85' lang='grc'>8</span> <span class='ocrx_word' id='word_1_97' title='bbox 945 1719 1034 1812; x_wconf 82' lang='lat' dir='ltr'>Papa</span> <span class='ocrx_word' id='word_1_98' title='bbox 1055 1728 1158 1811; x_wconf 86' lang='lat' dir='ltr'>potest</span> <span class='ocrx_word' id='word_1_99' title='bbox 1181 1743 1246 1788; x_wconf 91' lang='lat' dir='ltr'>non</span> 
     </span>
     <span class='ocr_line' id='line_1_13' title="bbox 136 1827 1246 1916; baseline 0.005 -23"><span class='ocrx_word' id='word_1_100' title='bbox 136 1853 155 1892; x_wconf 78' lang='grc'>8</span> <span class='ocrx_word' id='word_1_101' title='bbox 177 1827 282 1897; x_wconf 91' lang='lat' dir='ltr'>solum</span> <span class='ocrx_word' id='word_1_102' title='bbox 308 1851 420 1897; x_wconf 83' lang='lat' dir='ltr'>causas</span> <span class='ocrx_word' id='word_1_103' title='bbox 443 1828 554 1898; x_wconf 89' lang='lat' dir='ltr'>civiles</span> <span class='ocrx_word' id='word_1_104' title='bbox 579 1837 611 1897; x_wconf 88' lang='lat' dir='ltr'>et</span> <span class='ocrx_word' id='word_1_105' title='bbox 633 1829 818 1899; x_wconf 80' lang='lat' dir='ltr'>criminales</span> <span class='ocrx_word' id='word_1_106' title='bbox 839 1829 1045 1916; x_wconf 87' lang='lat' dir='ltr'>clericorum,</span> <span class='ocrx_word' id='word_1_107' title='bbox 1070 1829 1125 1898; x_wconf 89' lang='lat' dir='ltr'>sed</span> <span class='ocrx_word' id='word_1_108' title='bbox 1149 1831 1246 1898; x_wconf 87' lang='lat' dir='ltr'>etiam</span> 
     </span>
     <span class='ocr_line' id='line_1_14' title="bbox 137 1935 1249 2029; baseline 0.006 -30"><span class='ocrx_word' id='word_1_109' title='bbox 137 1963 156 2002; x_wconf 80' lang='lat' dir='ltr'>n</span> <span class='ocrx_word' id='word_1_110' title='bbox 178 1936 335 2028; x_wconf 85' lang='lat' dir='ltr'>quasdam</span> <span class='ocrx_word' id='word_1_111' title='bbox 357 1936 437 2006; x_wconf 87' lang='lat' dir='ltr'>alias</span> <span class='ocrx_word' id='word_1_112' title='bbox 458 1936 685 2006; x_wconf 81' lang='lat' dir='ltr'>ecclesiasticas</span> <span class='ocrx_word' id='word_1_113' title='bbox 709 1935 870 2028; x_wconf 82' lang='lat' dir='ltr'>delegere,</span> <span class='ocrx_word' id='word_1_114' title='bbox 896 1945 993 2028; x_wconf 88' lang='lat' dir='ltr'>atque</span> <span class='ocrx_word' id='word_1_115' title='bbox 1009 1936 1202 2029; x_wconf 80' lang='lat' dir='ltr'>judicandas</span> <span class='ocrx_word' id='word_1_116' title='bbox 1217 1947 1249 2006; x_wconf 89' lang='lat' dir='ltr'>et</span> 
     </span>
     <span class='ocr_line' id='line_1_15' title="bbox 137 2044 1244 2136; baseline 0.004 -26"><span class='ocrx_word' id='word_1_117' title='bbox 137 2074 154 2110; x_wconf 81' lang='grc'>8</span> <span class='ocrx_word' id='word_1_118' title='bbox 179 2045 398 2116; x_wconf 88' lang='lat' dir='ltr'>terminandas</span> <span class='ocrx_word' id='word_1_119' title='bbox 412 2045 611 2114; x_wconf 82' lang='lat' dir='ltr'>committere</span> <span class='ocrx_word' id='word_1_120' title='bbox 625 2045 768 2136; x_wconf 88' lang='lat' dir='ltr'>cuipiam</span> <span class='ocrx_word' id='word_1_121' title='bbox 782 2044 877 2131; x_wconf 85' lang='lat' dir='ltr'>laico,</span> <span class='ocrx_word' id='word_1_122' title='bbox 895 2045 985 2114; x_wconf 89' lang='lat' dir='ltr'>verbi</span> <span class='ocrx_word' id='word_1_123' title='bbox 1000 2046 1117 2134; x_wconf 82' lang='lat' dir='ltr'>grstia,</span> <span class='ocrx_word' id='word_1_124' title='bbox 1135 2049 1244 2136; x_wconf 85' lang='lat' dir='ltr'>regi...</span> 
     </span>
     <span class='ocr_line' id='line_1_16' title="bbox 138 2152 1249 2245; baseline 0.004 -27"><span class='ocrx_word' id='word_1_125' title='bbox 138 2181 155 2220; x_wconf 86' lang='lat'>«</span> <span class='ocrx_word' id='word_1_126' title='bbox 178 2155 283 2238; x_wconf 81' lang='lat' dir='ltr'>Quam</span> <span class='ocrx_word' id='word_1_127' title='bbox 302 2152 517 2243; x_wconf 82' lang='lat' dir='ltr'>(sententiam)</span> <span class='ocrx_word' id='word_1_128' title='bbox 532 2162 617 2222; x_wconf 90' lang='lat' dir='ltr'>totus</span> <span class='ocrx_word' id='word_1_129' title='bbox 637 2153 779 2222; x_wconf 90' lang='lat' dir='ltr'>mundus</span> <span class='ocrx_word' id='word_1_130' title='bbox 794 2153 952 2245; x_wconf 87' lang='lat' dir='ltr'>sequitur,</span> <span class='ocrx_word' id='word_1_131' title='bbox 972 2159 1008 2219; x_wconf 92' lang='lat' dir='ltr'>ut</span> <span class='ocrx_word' id='word_1_132' title='bbox 1022 2153 1129 2244; x_wconf 91' lang='lat' dir='ltr'>inquit</span> <span class='ocrx_word' id='word_1_133' title='bbox 1143 2155 1249 2224; x_wconf 86' lang='lat' dir='ltr'>Julius</span> 
     </span>
     <span class='ocr_line' id='line_1_17' title="bbox 139 2260 1249 2354; baseline 0.002 -26"><span class='ocrx_word' id='word_1_134' title='bbox 139 2291 157 2328; x_wconf 82' lang='grc'>8</span> <span class='ocrx_word' id='word_1_135' title='bbox 180 2264 334 2332; x_wconf 85' lang='lat' dir='ltr'>Clarus...</span> <span class='ocrx_word' id='word_1_136' title='bbox 356 2262 457 2354; x_wconf 87' lang='lat' dir='ltr'>quue</span> <span class='ocrx_word' id='word_1_137' title='bbox 471 2262 651 2353; x_wconf 85' lang='lat' dir='ltr'>specialiter</span> <span class='ocrx_word' id='word_1_138' title='bbox 670 2260 912 2330; x_wconf 83' lang='lat' dir='ltr'>concedendum</span> <span class='ocrx_word' id='word_1_139' title='bbox 928 2268 976 2330; x_wconf 90' lang='lat' dir='ltr'>est</span> <span class='ocrx_word' id='word_1_140' title='bbox 992 2284 1121 2332; x_wconf 88' lang='lat' dir='ltr'>summo</span> <span class='ocrx_word' id='word_1_141' title='bbox 1135 2263 1249 2332; x_wconf 90' lang='lat' dir='ltr'>Ponti-</span> 
     </span>
     <span class='ocr_line' id='line_1_18' title="bbox 140 2368 1249 2463; baseline 0.001 -26"><span class='ocrx_word' id='word_1_142' title='bbox 140 2399 157 2437; x_wconf 79' lang='lat'>«</span> <span class='ocrx_word' id='word_1_143' title='bbox 182 2371 234 2440; x_wconf 86' lang='lat' dir='ltr'>tici</span> <span class='ocrx_word' id='word_1_144' title='bbox 259 2376 390 2463; x_wconf 88' lang='lat' dir='ltr'>propter</span> <span class='ocrx_word' id='word_1_145' title='bbox 411 2368 646 2460; x_wconf 87' lang='lat' dir='ltr'>plenitudinem</span> <span class='ocrx_word' id='word_1_146' title='bbox 669 2393 736 2439; x_wconf 82' lang='lat' dir='ltr'>suae</span> <span class='ocrx_word' id='word_1_147' title='bbox 758 2370 934 2462; x_wconf 83' lang='lat' dir='ltr'>potestatis,</span> <span class='ocrx_word' id='word_1_148' title='bbox 956 2392 1055 2461; x_wconf 85' lang='lat' dir='ltr'>quam</span> <span class='ocrx_word' id='word_1_149' title='bbox 1074 2368 1170 2439; x_wconf 85' lang='lat' dir='ltr'>hebet</span> <span class='ocrx_word' id='word_1_150' title='bbox 1184 2393 1249 2440; x_wconf 90' lang='lat' dir='ltr'>uon</span> 
     </span>
     <span class='ocr_line' id='line_1_19' title="bbox 141 2475 1250 2566; baseline 0.003 -22"><span class='ocrx_word' id='word_1_151' title='bbox 141 2479 286 2549; x_wconf 76' lang='lat' dir='ltr'>«solum</span> <span class='ocrx_word' id='word_1_152' title='bbox 311 2479 344 2546; x_wconf 94' lang='lat' dir='ltr'>in</span> <span class='ocrx_word' id='word_1_153' title='bbox 366 2478 480 2548; x_wconf 88' lang='lat' dir='ltr'>ordine</span> <span class='ocrx_word' id='word_1_154' title='bbox 507 2479 547 2546; x_wconf 89' lang='lat' dir='ltr'>ad</span> <span class='ocrx_word' id='word_1_155' title='bbox 571 2499 683 2546; x_wconf 89' lang='lat' dir='ltr'>causas</span> <span class='ocrx_word' id='word_1_156' title='bbox 705 2477 910 2562; x_wconf 84' lang='lat' dir='ltr'>clericorum,</span> <span class='ocrx_word' id='word_1_157' title='bbox 931 2475 1075 2566; x_wconf 86' lang='lat' dir='ltr'>aliasque</span> <span class='ocrx_word' id='word_1_158' title='bbox 1102 2478 1250 2547; x_wconf 85' lang='lat' dir='ltr'>ecclesia-</span> 
     </span>
     <span class='ocr_line' id='line_1_20' title="bbox 141 2584 1249 2678; baseline 0.004 -27"><span class='ocrx_word' id='word_1_159' title='bbox 141 2614 158 2653; x_wconf 81' lang='lat'>«</span> <span class='ocrx_word' id='word_1_160' title='bbox 181 2588 287 2675; x_wconf 83' lang='lat' dir='ltr'>sticus,</span> <span class='ocrx_word' id='word_1_161' title='bbox 308 2585 364 2654; x_wconf 88' lang='lat' dir='ltr'>sed</span> <span class='ocrx_word' id='word_1_162' title='bbox 380 2587 475 2656; x_wconf 87' lang='lat' dir='ltr'>etiam</span> <span class='ocrx_word' id='word_1_163' title='bbox 492 2589 529 2654; x_wconf 92' lang='lat' dir='ltr'>iu</span> <span class='ocrx_word' id='word_1_164' title='bbox 544 2584 658 2656; x_wconf 89' lang='lat' dir='ltr'>ordine</span> <span class='ocrx_word' id='word_1_165' title='bbox 673 2585 714 2654; x_wconf 87' lang='lat' dir='ltr'>ad</span> <span class='ocrx_word' id='word_1_166' title='bbox 737 2584 992 2677; x_wconf 88' lang='lat' dir='ltr'>dispensandum</span> <span class='ocrx_word' id='word_1_167' title='bbox 1008 2585 1134 2675; x_wconf 85' lang='lat' dir='ltr'>dejure</span> <span class='ocrx_word' id='word_1_168' title='bbox 1150 2610 1249 2678; x_wconf 91' lang='lat' dir='ltr'>supra</span> 
     </span>
     <span class='ocr_line' id='line_1_21' title="bbox 142 2692 1247 2789; baseline 0.002 -28"><span class='ocrx_word' id='word_1_169' title='bbox 142 2721 159 2762; x_wconf 83' lang='grc'>8</span> <span class='ocrx_word' id='word_1_170' title='bbox 180 2697 234 2787; x_wconf 83' lang='lat' dir='ltr'>jus</span> <span class='ocrx_word' id='word_1_171' title='bbox 256 2696 404 2789; x_wconf 86' lang='lat' dir='ltr'>ipsum...</span> <span class='ocrx_word' id='word_1_172' title='bbox 432 2697 540 2786; x_wconf 87' lang='lat' dir='ltr'>Atque</span> <span class='ocrx_word' id='word_1_173' title='bbox 563 2694 624 2763; x_wconf 89' lang='lat' dir='ltr'>hoc</span> <span class='ocrx_word' id='word_1_174' title='bbox 651 2695 759 2785; x_wconf 87' lang='lat' dir='ltr'>ipsum</span> <span class='ocrx_word' id='word_1_175' title='bbox 783 2693 862 2761; x_wconf 91' lang='lat' dir='ltr'>olim</span> <span class='ocrx_word' id='word_1_176' title='bbox 881 2693 1002 2760; x_wconf 83' lang='lat' dir='ltr'>lactum</span> <span class='ocrx_word' id='word_1_177' title='bbox 1030 2715 1099 2760; x_wconf 86' lang='lat' dir='ltr'>esse</span> <span class='ocrx_word' id='word_1_178' title='bbox 1117 2692 1247 2783; x_wconf 82' lang='lat' dir='ltr'>legitur.</span> 
     </span>
     <span class='ocr_line' id='line_1_22' title="bbox 143 2798 1249 2896; baseline 0 -24"><span class='ocrx_word' id='word_1_179' title='bbox 143 2833 160 2872; x_wconf 84' lang='grc'>8</span> <span class='ocrx_word' id='word_1_180' title='bbox 182 2805 228 2896; x_wconf 88' lang='grc'>(18</span> <span class='ocrx_word' id='word_1_181' title='bbox 250 2826 322 2871; x_wconf 88' lang='lat' dir='ltr'>can.</span> <span class='ocrx_word' id='word_1_182' title='bbox 343 2802 546 2889; x_wconf 66' lang='lat' dir='ltr'>Hadrianus,</span> <span class='ocrx_word' id='word_1_183' title='bbox 568 2813 600 2870; x_wconf 91' lang='lat' dir='ltr'>et</span> <span class='ocrx_word' id='word_1_184' title='bbox 620 2824 691 2869; x_wconf 89' lang='lat' dir='ltr'>can.</span> <span class='ocrx_word' id='word_1_185' title='bbox 713 2804 749 2868; x_wconf 83' lang='lat' dir='ltr'>ln</span> <span class='ocrx_word' id='word_1_186' title='bbox 767 2799 904 2891; x_wconf 59' lang='lat' dir='ltr'>woodo,</span> <span class='ocrx_word' id='word_1_187' title='bbox 930 2798 1005 2867; x_wconf 88' lang='lat' dir='ltr'>diat.</span> <span class='ocrx_word' id='word_1_188' title='bbox 1032 2803 1092 2884; x_wconf 83' lang='grc'>63;</span> <span class='ocrx_word' id='word_1_189' title='bbox 1123 2809 1154 2870; x_wconf 90' lang='grc'>81</span> <span class='ocrx_word' id='word_1_190' title='bbox 1177 2825 1249 2872; x_wconf 88' lang='lat' dir='ltr'>can.</span> 
     </span>
     <span class='ocr_line' id='line_1_23' title="bbox 143 2908 1251 3004; baseline 0.001 -26"><span class='ocrx_word' id='word_1_191' title='bbox 143 2941 159 2980; x_wconf 79' lang='grc'>8</span> <span class='ocrx_word' id='word_1_192' title='bbox 183 2914 280 2994; x_wconf 83' lang='lat' dir='ltr'>Illud,</span> <span class='ocrx_word' id='word_1_193' title='bbox 301 2936 333 3004; x_wconf 91' lang='lat' dir='ltr'>q.</span> <span class='ocrx_word' id='word_1_194' title='bbox 357 2915 399 3003; x_wconf 83' lang='grc'>8).</span> <span class='ocrx_word' id='word_1_195' title='bbox 422 2912 494 2994; x_wconf 85' lang='lat' dir='ltr'>Qua</span> <span class='ocrx_word' id='word_1_196' title='bbox 510 2911 635 2980; x_wconf 87' lang='lat' dir='ltr'>ratione</span> <span class='ocrx_word' id='word_1_197' title='bbox 656 2909 877 2980; x_wconf 80' lang='lat' dir='ltr'>defenduntur</span> <span class='ocrx_word' id='word_1_198' title='bbox 896 2931 916 2976; x_wconf 90' lang='lat' dir='ltr'>a</span> <span class='ocrx_word' id='word_1_199' title='bbox 933 2908 1100 2978; x_wconf 89' lang='lat' dir='ltr'>nonnullis</span> <span class='ocrx_word' id='word_1_200' title='bbox 1116 2911 1251 3001; x_wconf 89' lang='lat' dir='ltr'>privile-</span> 
     </span>
     <span class='ocr_line' id='line_1_24' title="bbox 143 3015 1249 3113; baseline 0 -25"><span class='ocrx_word' id='word_1_201' title='bbox 143 3049 160 3088; x_wconf 87' lang='grc'>8</span> <span class='ocrx_word' id='word_1_202' title='bbox 183 3022 237 3113; x_wconf 85' lang='lat' dir='ltr'>gia</span> <span class='ocrx_word' id='word_1_203' title='bbox 258 3022 345 3110; x_wconf 82' lang='lat' dir='ltr'>regis</span> <span class='ocrx_word' id='word_1_204' title='bbox 364 3020 565 3108; x_wconf 74' lang='lat' dir='ltr'>Francorum</span> <span class='ocrx_word' id='word_1_205' title='bbox 585 3041 645 3111; x_wconf 90' lang='lat' dir='ltr'>pro</span> <span class='ocrx_word' id='word_1_206' title='bbox 663 3016 869 3087; x_wconf 86' lang='lat' dir='ltr'>conferendis</span> <span class='ocrx_word' id='word_1_207' title='bbox 890 3015 1054 3086; x_wconf 86' lang='lat' dir='ltr'>beneficiis</span> <span class='ocrx_word' id='word_1_208' title='bbox 1078 3018 1169 3108; x_wconf 82' lang='lat' dir='ltr'>regni</span> <span class='ocrx_word' id='word_1_209' title='bbox 1186 3022 1249 3108; x_wconf 85' lang='lat' dir='ltr'>sui,</span> 
     </span>
     <span class='ocr_line' id='line_1_25' title="bbox 145 3124 1253 3220; baseline 0.002 -25"><span class='ocrx_word' id='word_1_210' title='bbox 145 3159 162 3196; x_wconf 79' lang='grc'>8</span> <span class='ocrx_word' id='word_1_211' title='bbox 184 3138 216 3200; x_wconf 83' lang='grc'>81</span> <span class='ocrx_word' id='word_1_212' title='bbox 232 3128 440 3220; x_wconf 79' lang='lat' dir='ltr'>privilegium</span> <span class='ocrx_word' id='word_1_213' title='bbox 460 3127 660 3220; x_wconf 82' lang='lat' dir='ltr'>Reipublicae</span> <span class='ocrx_word' id='word_1_214' title='bbox 675 3127 810 3196; x_wconf 74' lang='lat' dir='ltr'>Veneta</span> <span class='ocrx_word' id='word_1_215' title='bbox 826 3124 1020 3218; x_wconf 84' lang='lat' dir='ltr'>procedendi</span> <span class='ocrx_word' id='word_1_216' title='bbox 1039 3126 1075 3193; x_wconf 90' lang='lat' dir='ltr'>in</span> <span class='ocrx_word' id='word_1_217' title='bbox 1090 3126 1253 3218; x_wconf 85' lang='lat' dir='ltr'>aliquibus</span> 
     </span>
     <span class='ocr_line' id='line_1_26' title="bbox 146 3235 626 3308; baseline 0.002 -4"><span class='ocrx_word' id='word_1_218' title='bbox 146 3266 162 3305; x_wconf 82' lang='grc'>8</span> <span class='ocrx_word' id='word_1_219' title='bbox 184 3237 311 3308; x_wconf 87' lang='lat' dir='ltr'>ossibus</span> <span class='ocrx_word' id='word_1_220' title='bbox 326 3244 439 3307; x_wconf 85' lang='lat' dir='ltr'>contra</span> <span class='ocrx_word' id='word_1_221' title='bbox 454 3235 626 3305; x_wconf 88' lang='lat' dir='ltr'>clericos...</span> 
     </span>
    </p>

    <p class='ocr_par' dir='ltr' id='par_1_4' title="bbox 147 3344 1261 3873">
     <span class='ocr_line' id='line_1_27' title="bbox 190 3344 1256 3436; baseline 0.002 -22"><span class='ocrx_word' id='word_1_222' title='bbox 190 3348 393 3417; x_wconf 82' lang='lat' dir='ltr'>«Caeterum</span> <span class='ocrx_word' id='word_1_223' title='bbox 415 3346 489 3415; x_wconf 89' lang='grc'>11081</span> <span class='ocrx_word' id='word_1_224' title='bbox 515 3367 663 3414; x_wconf 87' lang='lat' dir='ltr'>summus</span> <span class='ocrx_word' id='word_1_225' title='bbox 688 3344 841 3414; x_wconf 72' lang='lat' dir='ltr'>Pontifex</span> <span class='ocrx_word' id='word_1_226' title='bbox 865 3344 966 3435; x_wconf 87' lang='lat' dir='ltr'>possit</span> <span class='ocrx_word' id='word_1_227' title='bbox 994 3345 1165 3436; x_wconf 83' lang='lat' dir='ltr'>privilegio</span> <span class='ocrx_word' id='word_1_228' title='bbox 1192 3346 1256 3416; x_wconf 89' lang='lat' dir='ltr'>fori</span> 
     </span>
     <span class='ocr_line' id='line_1_28' title="bbox 147 3451 1257 3548; baseline 0.001 -25"><span class='ocrx_word' id='word_1_229' title='bbox 147 3483 163 3523; x_wconf 86' lang='grc'>8</span> <span class='ocrx_word' id='word_1_230' title='bbox 186 3457 293 3548; x_wconf 83' lang='lat' dir='ltr'>quoad</span> <span class='ocrx_word' id='word_1_231' title='bbox 313 3454 470 3548; x_wconf 89' lang='lat' dir='ltr'>quosdam</span> <span class='ocrx_word' id='word_1_232' title='bbox 495 3453 627 3523; x_wconf 90' lang='lat' dir='ltr'>clericos</span> <span class='ocrx_word' id='word_1_233' title='bbox 653 3461 685 3521; x_wconf 90' lang='lat' dir='ltr'>et</span> <span class='ocrx_word' id='word_1_234' title='bbox 709 3451 816 3544; x_wconf 87' lang='lat' dir='ltr'>quoad</span> <span class='ocrx_word' id='word_1_235' title='bbox 839 3451 995 3542; x_wconf 91' lang='lat' dir='ltr'>quasdam</span> <span class='ocrx_word' id='word_1_236' title='bbox 1015 3475 1128 3522; x_wconf 88' lang='lat' dir='ltr'>causas</span> <span class='ocrx_word' id='word_1_237' title='bbox 1144 3476 1257 3524; x_wconf 89' lang='lat' dir='ltr'>eorum</span> 
     </span>
     <span class='ocr_line' id='line_1_29' title="bbox 148 3559 1256 3654; baseline 0.002 -24"><span class='ocrx_word' id='word_1_238' title='bbox 148 3563 354 3654; x_wconf 71' lang='lat' dir='ltr'>«derogare,</span> <span class='ocrx_word' id='word_1_239' title='bbox 385 3562 503 3632; x_wconf 81' lang='lat' dir='ltr'>hurum</span> <span class='ocrx_word' id='word_1_240' title='bbox 527 3561 745 3652; x_wconf 84' lang='lat' dir='ltr'>cognitionem</span> <span class='ocrx_word' id='word_1_241' title='bbox 770 3559 862 3638; x_wconf 69' lang='grc'>18180,</span> <span class='ocrx_word' id='word_1_242' title='bbox 872 3559 976 3649; x_wconf 89' lang='lat' dir='ltr'>judici</span> <span class='ocrx_word' id='word_1_243' title='bbox 1004 3583 1045 3627; x_wconf 85' lang='lat' dir='ltr'>ex</span> <span class='ocrx_word' id='word_1_244' title='bbox 1073 3561 1256 3632; x_wconf 89' lang='lat' dir='ltr'>rationabili</span> 
     </span>
     <span class='ocr_line' id='line_1_30' title="bbox 147 3665 1257 3763; baseline -0.003 -21"><span class='ocrx_word' id='word_1_245' title='bbox 147 3695 285 3742; x_wconf 72' lang='lat' dir='ltr'>«cause</span> <span class='ocrx_word' id='word_1_246' title='bbox 317 3670 508 3763; x_wconf 77' lang='lat' dir='ltr'>delegando,</span> <span class='ocrx_word' id='word_1_247' title='bbox 543 3693 608 3738; x_wconf 90' lang='lat' dir='ltr'>non</span> <span class='ocrx_word' id='word_1_248' title='bbox 641 3679 748 3739; x_wconf 85' lang='lat' dir='ltr'>tamen</span> <span class='ocrx_word' id='word_1_249' title='bbox 787 3675 890 3760; x_wconf 87' lang='lat' dir='ltr'>potest</span> <span class='ocrx_word' id='word_1_250' title='bbox 927 3667 1038 3736; x_wconf 89' lang='lat' dir='ltr'>tollere</span> <span class='ocrx_word' id='word_1_251' title='bbox 1065 3665 1257 3739; x_wconf 88' lang='lat' dir='ltr'>clericorum</span> 
     </span>
     <span class='ocr_line' id='line_1_31' title="bbox 149 3774 1261 3873; baseline -0.001 -27"><span class='ocrx_word' id='word_1_252' title='bbox 149 3808 165 3848; x_wconf 85' lang='grc'>8</span> <span class='ocrx_word' id='word_1_253' title='bbox 188 3781 426 3873; x_wconf 84' lang='lat' dir='ltr'>exemptionem</span> <span class='ocrx_word' id='word_1_254' title='bbox 445 3779 478 3847; x_wconf 91' lang='lat' dir='ltr'>in</span> <span class='ocrx_word' id='word_1_255' title='bbox 500 3785 617 3865; x_wconf 90' lang='lat' dir='ltr'>totum,</span> <span class='ocrx_word' id='word_1_256' title='bbox 635 3799 692 3846; x_wconf 90' lang='lat' dir='ltr'>seu</span> <span class='ocrx_word' id='word_1_257' title='bbox 715 3775 822 3868; x_wconf 89' lang='lat' dir='ltr'>quoad</span> <span class='ocrx_word' id='word_1_258' title='bbox 837 3797 951 3844; x_wconf 92' lang='lat' dir='ltr'>omnes</span> <span class='ocrx_word' id='word_1_259' title='bbox 966 3774 1111 3863; x_wconf 85' lang='lat' dir='ltr'>clericos,</span> <span class='ocrx_word' id='word_1_260' title='bbox 1127 3799 1261 3846; x_wconf 88' lang='lat' dir='ltr'>omnes-</span> 
     </span>
    </p>
   </div>
   <div class='ocr_carea' id='block_1_3' title="bbox 150 3884 1368 3982">
    <p class='ocr_par' dir='ltr' id='par_1_5' title="bbox 150 3884 1368 3982">
     <span class='ocr_line' id='line_1_32' title="bbox 150 3884 1368 3982; baseline -0.004 -24"><span class='ocrx_word' id='word_1_261' title='bbox 150 3919 165 3958; x_wconf 85' lang='grc'>8</span> <span class='ocrx_word' id='word_1_262' title='bbox 189 3913 251 3982; x_wconf 89' lang='lat' dir='ltr'>que</span> <span class='ocrx_word' id='word_1_263' title='bbox 275 3912 388 3959; x_wconf 90' lang='lat' dir='ltr'>causas</span> <span class='ocrx_word' id='word_1_264' title='bbox 413 3889 599 3979; x_wconf 85' lang='lat' dir='ltr'>ipsorum...</span> <span class='ocrx_word' id='word_1_265' title='bbox 624 3885 708 3955; x_wconf 89' lang='lat' dir='ltr'>Nam</span> <span class='ocrx_word' id='word_1_266' title='bbox 733 3909 775 3954; x_wconf 82' lang='lat' dir='ltr'>ex</span> <span class='ocrx_word' id='word_1_267' title='bbox 802 3885 860 3954; x_wconf 90' lang='lat' dir='ltr'>tali</span> <span class='ocrx_word' id='word_1_268' title='bbox 883 3884 1090 3974; x_wconf 78' lang='lat' dir='ltr'>derogatione</span> <span class='ocrx_word' id='word_1_269' title='bbox 1113 3908 1171 3955; x_wconf 93' lang='lat' dir='ltr'>seu</span> <span class='ocrx_word' id='word_1_270' title='bbox 1196 3886 1258 3956; x_wconf 88' lang='lat' dir='ltr'>im·</span> <span class='ocrx_word' id='word_1_271' title='bbox 1364 3947 1368 3959; x_wconf 92' lang='grc'><strong>,</strong></span> 
     </span>
    </p>
   </div>
   <div class='ocr_carea' id='block_1_4' title="bbox 150 3991 1261 4306">
    <p class='ocr_par' dir='ltr' id='par_1_6' title="bbox 150 3991 1261 4306">
     <span class='ocr_line' id='line_1_33' title="bbox 150 3991 1260 4085; baseline -0.001 -19"><span class='ocrx_word' id='word_1_272' title='bbox 150 4029 166 4066; x_wconf 77' lang='lat' dir='ltr'>o</span> <span class='ocrx_word' id='word_1_273' title='bbox 190 4000 378 4085; x_wconf 88' lang='lat' dir='ltr'>mutatione,</span> <span class='ocrx_word' id='word_1_274' title='bbox 401 3996 643 4065; x_wconf 89' lang='lat' dir='ltr'>decoloraretur</span> <span class='ocrx_word' id='word_1_275' title='bbox 663 3992 859 4063; x_wconf 85' lang='lat' dir='ltr'>universalis</span> <span class='ocrx_word' id='word_1_276' title='bbox 879 4001 981 4061; x_wconf 83' lang='lat' dir='ltr'>status</span> <span class='ocrx_word' id='word_1_277' title='bbox 1000 3991 1164 4083; x_wconf 83' lang='lat' dir='ltr'>Ecclesiae,</span> <span class='ocrx_word' id='word_1_278' title='bbox 1181 4019 1260 4065; x_wconf 85' lang='lat' dir='ltr'>con-</span> 
     </span>
     <span class='ocr_line' id='line_1_34' title="bbox 151 4100 1260 4198; baseline 0.001 -26"><span class='ocrx_word' id='word_1_279' title='bbox 151 4133 167 4172; x_wconf 81' lang='grc'>8</span> <span class='ocrx_word' id='word_1_280' title='bbox 191 4115 240 4174; x_wconf 87' lang='lat' dir='ltr'>tra</span> <span class='ocrx_word' id='word_1_281' title='bbox 259 4129 356 4198; x_wconf 88' lang='lat' dir='ltr'>quem</span> <span class='ocrx_word' id='word_1_282' title='bbox 377 4103 489 4196; x_wconf 88' lang='lat' dir='ltr'>nequit</span> <span class='ocrx_word' id='word_1_283' title='bbox 510 4103 598 4193; x_wconf 84' lang='lat' dir='ltr'>Papa</span> <span class='ocrx_word' id='word_1_284' title='bbox 625 4100 851 4192; x_wconf 88' lang='lat' dir='ltr'>dispensare...</span> <span class='ocrx_word' id='word_1_285' title='bbox 870 4125 888 4165; x_wconf 83' lang='lat' dir='ltr'>n</span> <span class='ocrx_word' id='word_1_286' title='bbox 911 4101 967 4192; x_wconf 85' lang='lat' dir='ltr'>(lta</span> <span class='ocrx_word' id='word_1_287' title='bbox 987 4101 1208 4192; x_wconf 85' lang='lat' dir='ltr'>Reiffenstuel,</span> <span class='ocrx_word' id='word_1_288' title='bbox 1227 4105 1260 4173; x_wconf 89' lang='lat' dir='ltr'>iu</span> 
     </span>
     <span class='ocr_line' id='line_1_35' title="bbox 150 4208 1261 4306; baseline 0 -21"><span class='ocrx_word' id='word_1_289' title='bbox 150 4219 163 4285; x_wconf 88' lang='lat'>1</span> <span class='ocrx_word' id='word_1_290' title='bbox 184 4214 355 4302; x_wconf 85' lang='lat' dir='ltr'>Decretul.,</span> <span class='ocrx_word' id='word_1_291' title='bbox 374 4220 395 4279; x_wconf 92' lang='lat' dir='ltr'>t.</span> <span class='ocrx_word' id='word_1_292' title='bbox 413 4216 467 4298; x_wconf 87' lang='grc'>29,</span> <span class='ocrx_word' id='word_1_293' title='bbox 484 4234 517 4277; x_wconf 88' lang='grc'>8.</span> <span class='ocrx_word' id='word_1_294' title='bbox 539 4213 593 4298; x_wconf 84' lang='grc'>98,</span> <span class='ocrx_word' id='word_1_295' title='bbox 611 4208 685 4277; x_wconf 89' lang='lat' dir='ltr'>inde</span> <span class='ocrx_word' id='word_1_296' title='bbox 700 4208 894 4276; x_wconf 87' lang='lat' dir='ltr'>concludens</span> <span class='ocrx_word' id='word_1_297' title='bbox 913 4211 934 4299; x_wconf 83' lang='lat'>:)</span> <span class='ocrx_word' id='word_1_298' title='bbox 951 4208 1076 4290; x_wconf 81' lang='lat' dir='ltr'>«Quod</span> <span class='ocrx_word' id='word_1_299' title='bbox 1092 4210 1180 4306; x_wconf 86' lang='lat' dir='ltr'>Papa</span> <span class='ocrx_word' id='word_1_300' title='bbox 1195 4237 1261 4285; x_wconf 88' lang='lat' dir='ltr'>nou</span> 
     </span>
    </p>
   </div>
   <div class='ocr_carea' id='block_1_5' title="bbox 0 0 1553 4946">
    <p class='ocr_par' dir='ltr' id='par_1_7' title="bbox 0 0 1553 4946">
     <span class='ocr_line' id='line_1_36' title="bbox 0 0 1553 4946; baseline 0 0"><span class='ocrx_word' id='word_1_301' title='bbox 0 0 1553 4946; x_wconf 95' lang='lat' dir='ltr'> </span> 
     </span>
    </p>
   </div>
  </div>
 </body>
</html>
