3048 4954
659 503 832 550 Tntcanua
854 503 892 550 DE
914 503 1067 551 reluctans

773 837 915 908 CAPUT
938 839 964 906 l.

500 1060 538 1104 DE
568 1058 642 1106 sunu
665 1057 814 1105 canomco
840 1057 1004 1105 nunonem
1035 1059 1065 1105 nt
1093 1057 1221 1106 emant.

354 1276 536 1346 Dicendum
560 1282 590 1346 l·
608 1278 688 1369 quid
716 1287 746 1346 et
768 1277 947 1371 quotuplex
970 1279 1012 1346 sit
1033 1277 1088 1369 jus
1106 1277 1299 1347 canonicum
1315 1279 1425 1348 natio-

310 1382 383 1452 nale
395 1413 402 1462 ;
420 1388 454 1450 2⁰
468 1383 597 1453 nullum
620 1384 675 1476 jus
689 1386 883 1453 canonicum
898 1383 1059 1454 nationale
1072 1384 1218 1475 legitime
1232 1385 1420 1472 subsistere,

308 1491 371 1560 nisi
401 1492 589 1561 auctoritate
624 1491 791 1586 pontificia
821 1492 1016 1579 firmatum
1050 1497 1082 1560 3·
1112 1494 1341 1586 quodcumque
1367 1495 1424 1586 jus

307 1599 500 1667 canonicum
531 1599 691 1668 nationale
717 1623 809 1693 posse
834 1624 853 1668 a
879 1600 1028 1670 Romano
1054 1601 1209 1670 Poetilioe
1230 1601 1299 1670 tolli
1323 1609 1423 1694 atque

309 1707 442 1777 imitari.

825 1866 901 1956 §1-

536 2055 601 2114 Quid
618 2057 644 2105 et
657 2055 797 2122 quotuplex
812 2054 895 2120 aitjue
909 2052 1064 2106 eanonioum
1080 2053 1218 2105 nationale.

352 2268 489 2351 Quando
515 2268 652 2360 alicujus
678 2267 784 2358 gentis
808 2266 952 2338 ecelesiae
978 2274 1139 2358 reguntur
1159 2266 1244 2334 cirea
1265 2265 1421 2360 quaedam
1505 2289 1506 2354 g

308 2376 434 2466 legibus
459 2376 611 2469 propriis,
645 2397 711 2446 non
741 2382 852 2445 autem
885 2374 1012 2466 legibus
1039 2373 1073 2442 in
1107 2373 1277 2444 universos
1310 2371 1422 2444 fideles

306 2485 391 2570 latia,
412 2483 597 2576 complexio
619 2485 739 2552 harum
768 2484 881 2574 legum
909 2481 1198 2552 ecclesiasticarum
1229 2483 1305 2552 huie
1331 2483 1422 2574 genti

305 2594 514 2686 propriarum
544 2593 725 2685 nuncupari
753 2601 857 2685 potest
887 2592 942 2684 jus
970 2593 1162 2662 canonicum
1177 2593 1350 2662 nationale.
1379 2595 1422 2662 Et

306 2701 363 2786 ita,
392 2700 484 2770 verbi
510 2701 626 2792 gratia,
650 2702 710 2790 jus
731 2701 935 2791 pellicanum
958 2701 1145 2792 intelligunt
1165 2701 1262 2770 etiam
1278 2700 1326 2768 illi
1341 2724 1421 2769 auo-

306 2818 404 2896 tores,
433 2832 575 2902 quorum
602 2810 749 2880 doctrina
768 2810 965 2880 ooulutanda
995 2819 1053 2880 est.
1085 2809 1277 2900 Intellifflmt
1303 2831 1421 2902 nempe

303 2918 357 3008 jus
372 2918 504 3010 aliquod
519 2918 633 2988 Gallie
653 2921 828 3011 proprium
844 2928 875 2987 et
886 2918 955 3011 juri
970 2918 1141 2988 communi
1157 2918 1328 3008 derogans.
1346 2918 1422 2986 Non
1504 2955 1505 2995 p

306 3026 397 3092 euim
421 3025 481 3093 hoo
504 3026 637 3096 nomine
659 3027 767 3096 vocari
790 3026 893 3094 solent
910 3026 999 3116 leges
1019 3047 1094 3117 quae
1117 3033 1194 3093 sunt
1214 3031 1346 3116 praeter,
1363 3024 1419 3092 sed
1504 3035 1505 3042 ’

308 3155 373 3201 non
395 3141 506 3202 eontra
520 3133 575 3225 jus
594 3157 781 3202 commune.
807 3134 928 3222 Vigere
948 3132 1093 3222 legitime
1114 3155 1208 3224 posse
1228 3129 1420 3223 hujusmodi

306 3240 394 3330 leges
407 3241 633 3310 ecclesiasticas
648 3242 745 3310 alicui
764 3243 853 3333 genti
875 3241 1035 3334 proprias,
1060 3249 1157 3332 negat
1177 3240 1297 3311 nullus.
1325 3240 1421 3322 Quo-

305 3349 418 3441 tuplici
440 3370 517 3418 vero
541 3350 664 3418 ratione
689 3349 800 3417 induei
829 3356 925 3440 queat
940 3349 1009 3442 jus‘
1018 3348 1151 3441 aliquod
1174 3349 1334 3418 nationale
1359 3350 1419 3418 hoo

307 3479 405 3526 sensu
427 3456 639 3545 intellectum,
667 3480 775 3548 operae
794 3459 937 3552 pretium
959 3467 1008 3528 eet
1028 3458 1202 3549 diligenter
1222 3458 1418 3528 discernere.

306 3563 367 3631 Jus
382 3563 502 3632 seilicet
520 3566 692 3652 nationale,
720 3566 771 3632 vel
797 3565 859 3633 luit
878 3565 1038 3634 nationale
1062 3587 1119 3634 seu
1141 3565 1360 3656 exceptionale
1378 3566 1420 3634 ab
1503 3584 1504 3608 ¹

306 3671 411 3758 initio,
439 3672 624 3762 derogando
652 3696 770 3765 nempe
790 3673 858 3765 juri
874 3672 1044 3741 communi
1066 3673 1175 3740 statim
1194 3673 1323 3742 abortu
1339 3696 1418 3760 suo;

308 3779 360 3850 vel
381 3780 543 3850 nationale
570 3782 798 3851 tantummodo
821 3781 935 3867 evasit,
965 3780 1057 3872 quia,
1083 3787 1207 3850 mutato
1235 3781 1271 3848 in
1293 3779 1420 3872 reliquo

307 3890 384 3958 orbe
413 3891 581 3962 communi
609 3891 701 3982 jure,
732 3892 766 3958 in
803 3891 864 3958 ista
891 3891 1022 3958 natione
1059 3892 1195 3958 firmum
1226 3890 1417 3982 permansit.

306 3999 444 4085 lterum,
461 3997 516 4089 jus
532 3997 617 4089 quod
639 3999 700 4066 luit
718 3997 938 4091 exceptionale
957 3998 998 4067 ab
1019 3998 1124 4086 initio,
1147 3996 1197 4066 vel
1222 3998 1318 4090 coepit
1333 4007 1420 4067 stare

309 4127 366 4197 per
390 4105 531 4197 simplex
560 4105 769 4197 privilegium
797 4105 963 4198 potestatis
989 4105 1180 4197 legislatione
1209 4104 1418 4191 universalis,

309 4213 471 4282 nationem
490 4213 574 4282 hano
598 4235 616 4280 a
638 4215 706 4282 suis
730 4213 866 4286 decretis
888 4214 1127 4284 universalibus
1147 4213 1341 4299 eximentie;
1366 4215 1419 4283 vel
1502 4271 1503 4275 ,
