3064 4952
347 509 409 574 att
700 527 875 574 rotmarus
899 521 943 573 ns·
960 528 1112 575 rarncrrus

345 677 527 760 competere
546 668 749 736 decretomm
774 669 921 752 omnium
949 668 1189 760 pontificiorum
1213 669 1458 761 publicationem

345 773 556 868 impediendi,
581 775 772 868 priusquam
798 799 819 844 a
839 797 873 844 se
892 775 1029 845 fuissent
1053 776 1125 845 visa
1142 785 1174 846 et
1193 777 1383 870 approbata,
1400 801 1459 846 uon

346 885 540 978 postulasset
562 882 781 977 supradictam
802 883 985 953 facultatem
1004 884 1112 976 quoad
1144 884 1272 953 decreta
1292 883 1332 954 de
1355 884 1460 953 indul-

346 994 476 1084 gentiis,
504 1015 563 1062 nec
587 991 708 1062 utendo
732 991 792 1060 hac
818 991 968 1061 facultate
995 992 1197 1084 apposuisset
1218 992 1412 1080 clausulam,
1434 996 1462 1062 oi

345 1099 576 1170 Alexandrina
590 1098 839 1169 constitutionis.

387 1209 569 1278 Fatendum
596 1216 643 1276 est
666 1207 841 1276 Lusitanos
859 1206 1128 1276 consuetudinem
1154 1207 1276 1300 placiti,
1308 1207 1462 1276 schisma·

342 1321 383 1388 tis
407 1329 552 1414 tempore
582 1317 815 1404 introductam,
851 1317 1011 1386 obstinate
1040 1317 1183 1386 retinere
1214 1317 1368 1386 voluisse.
1402 1314 1463 1386 Sed

341 1431 468 1500 fortiter
494 1429 619 1498 obstitit
639 1428 847 1497 Innocentius
871 1427 949 1497 vtll
970 1436 1067 1520 atque
1092 1427 1231 1498 abusum
1254 1427 1397 1496 sustulit.
1416 1425 1462 1494 En

341 1537 507 1607 Pontificis
522 1537 613 1608 illius
628 1537 728 1606 verba
746 1564 753 1605 :
774 1563 791 1602 a
803 1535 921 1606 Joanni
934 1536 1148 1626 Portugalliae
1162 1536 1245 1628 Regi
1257 1535 1390 1623 illustri,
1409 1535 1463 1602 ln-

346 1673 363 1712 a
385 1647 565 1728 nocentius,
580 1654 669 1714 ete...
687 1644 773 1713 Olim
786 1644 888 1713 felicis
902 1643 1134 1714 recordationis
1147 1645 1262 1714 Sixtus
1269 1646 1359 1737 Papa
1373 1644 1462 1713 lV...

346 1784 363 1822 κ
385 1753 616 1825 Celsitudinem
640 1754 746 1822 Tuam
767 1753 893 1821 monuit
917 1761 954 1822 ut
968 1760 1136 1824 revocaret
1157 1753 1310 1846 quaedam
1331 1761 1461 1839 statuta,

345 1865 506 1958 aquibus
519 1863 667 1933 nonnulli
681 1885 774 1953 reges
798 1861 1010 1952 portugalliae
1024 1861 1220 1954 jamdudum
1236 1869 1350 1931 contra
1364 1862 1464 1930 liber-

343 1979 481 2040 ntatem
506 1970 752 2039 ecclesiasticam
780 1969 831 2038 usi
862 1970 1002 2054 fueraut,
1034 1969 1169 2060 ipsaque
1195 1967 1362 2038 Celsitudo
1392 1968 1463 2036 Tua

347 2109 363 2148 c
386 2089 465 2150 tunc
487 2081 649 2149 utebatur.
677 2078 809 2170 (Narrat
827 2084 938 2171 postea
953 2077 1108 2146 Pontifex
1128 2078 1293 2170 quomodo
1314 2099 1374 2146 rex
1396 2079 1464 2146 dis-

347 2217 364 2256 «
386 2189 512 2258 tulisset
525 2186 658 2256 illorum
673 2193 867 2254 statutorum
886 2185 1136 2272 revocationem,
1152 2193 1185 2253 et
1199 2183 1300 2274 addit)
1322 2213 1329 2253 :
1348 2185 1464 2254 Dolui-

348 2324 363 2362 ι(
388 2321 461 2366 mus
484 2294 627 2388 profecto
651 2316 710 2385 pro
737 2292 896 2383 gravitate
920 2293 980 2379 rei,
1011 2313 1070 2382 pro
1097 2292 1296 2361 conscientia
1315 2302 1383 2376 tua,
1407 2317 1464 2384 pro

248 2483 250 2488 Δ
345 2403 608 2496 «expectatione
640 2408 751 2470 nostra
775 2427 782 2467 :
808 2398 912 2468 doluit
940 2399 1049 2490 ipsum
1078 2421 1208 2491 quoque
1240 2423 1369 2468 sacrum
1397 2401 1464 2468 Ro-

347 2539 363 2578 «
388 2533 559 2580 manorum
572 2508 797 2579 Cardinalium
814 2506 1000 2597 collegium.
1025 2506 1138 2598 Neque
1151 2507 1319 2599 potuimus
1344 2509 1465 2600 (credat

348 2647 364 2685 κ
389 2619 483 2688 uobis
515 2617 667 2708 Maiestas
698 2616 779 2704 Tua)
817 2614 887 2682 siue
921 2612 1109 2682 difficultate
1144 2614 1252 2706 ipsum
1290 2614 1463 2706 collegium

350 2726 549 2796 «adducere
574 2732 610 2792 ut
634 2723 840 2791 differremus
855 2723 890 2788 iu
918 2745 953 2790 re
985 2730 1049 2790 tam
1082 2731 1192 2814 aperta
1223 2732 1336 2792 contra
1364 2725 1465 2793 eccle-

348 2836 548 2904 ssiasticam
578 2833 762 2902 libertatem
794 2854 854 2923 pro
882 2830 982 2923 hujus
1011 2840 1131 2901 sanctae
1163 2832 1258 2902 Sedis
1288 2856 1326 2901 ac
1355 2844 1465 2902 nostro

350 2944 512 3013 «honore
534 2941 746 3035 providere...
771 2939 883 3031 Neque
896 2962 1082 3030 possumus,
1107 2939 1155 3007 fili
1183 2940 1363 3028 carissime,
1389 2945 1465 3009 satis

349 3079 366 3117 a
391 3050 516 3137 mirari,
544 3047 632 3141 quod
660 3069 752 3136 reges
774 3045 999 3135 Portugalliae,
1026 3069 1167 3138 quorum
1196 3048 1341 3138 plurima
1354 3059 1465 3117 extant

349 3181 449 3251 apro
472 3157 537 3226 lide
564 3155 687 3224 Christi
714 3153 845 3242 egregie
871 3164 978 3243 gesta,
993 3155 1062 3246 ¹qui
1083 3155 1169 3222 inter
1196 3153 1277 3224 alios
1307 3156 1466 3225 Catholici

350 3265 547 3359 «appellari
576 3262 709 3348 volunt,
743 3282 809 3329 non
839 3261 1017 3330 formident
1043 3285 1196 3331 censuras
1223 3287 1261 3331 ao
1290 3285 1403 3356 peenas
1434 3266 1465 3330 iu

349 3402 365 3439 a
388 3374 478 3443 bulla
504 3393 579 3464 quae
603 3372 643 3437 ln
658 3389 751 3437 coeno
774 3367 920 3450 Domini,
944 3369 978 3436 iu
1002 3392 1058 3437 eos
1082 3370 1138 3460 qui
1154 3370 1230 3438 talia
1252 3371 1388 3458 audent,
1406 3395 1464 3464 pu-

350 3511 367 3547 «
390 3482 485 3567 blica,
511 3478 642 3571 nequis
664 3476 884 3567 ignorantiam
900 3476 1102 3567 praetendere
1116 3477 1230 3569 possit,
1248 3477 1314 3569 legi
1328 3501 1466 3549 eonsue-

350 3619 367 3656 «
389 3591 451 3676 vit,
467 3595 674 3657 contentas...
695 3585 872 3655 Hortamur
887 3585 1103 3654 Serenitatem
1117 3585 1221 3654 Tuam
1295 3610 1466 3656 monemus

351 3707 488 3788 «atque
522 3695 720 3787 requirimus
760 3693 838 3784 (jam
867 3695 956 3762 enim
989 3715 1056 3763 nou
1083 3693 1231 3764 dolemus
1259 3695 1380 3784 solum,
1411 3701 1466 3766 sed

351 3835 368 3872 c
392 3805 610 3897 compatimur
637 3810 684 3871 tot
706 3801 832 3870 afflictis
857 3803 914 3894 qui
937 3802 978 3870 ad
1002 3824 1061 3870 nos
1077 3802 1229 3890 clamant,
1247 3804 1334 3896 quod
1352 3803 1466 3874 littera

351 3943 367 3980 c
391 3912 577 4007 apostolica
593 3912 629 3978 iu
645 3910 836 3979 cancellaria
851 3918 908 3978 tua
923 3911 1131 4002 retinentur),
1154 3912 1363 4003 districteque
1433 3915 1465 3981 in

351 4050 368 4088 n
391 4023 511 4090 virtute
533 4025 653 4088 sauctae
673 4017 865 4087 obedientiae
879 4018 1100 4110 precipiendo
1117 4020 1323 4106 mandamus,
1349 4031 1387 4090 ut
1403 4031 1467 4089 sta-

351 4157 368 4192 c
391 4136 498 4198 tutum
526 4125 607 4194 illud
632 4147 698 4216 quo
717 4126 901 4194 continetur
917 4153 924 4193 :
941 4125 989 4194 Ne
1007 4128 1081 4219 quis
1103 4127 1232 4198 tabellio
1247 4137 1304 4198 aut
1320 4133 1466 4200 notarius

351 4263 367 4302 o
390 4237 486 4305 etiam
509 4232 705 4326 apostolicus
733 4234 850 4326 cuique
872 4232 976 4322 judici
1002 4246 1220 4326 autpersonae
1241 4237 1326 4304 ullas
1341 4237 1464 4306 litteras
