3072 4948
558 489 640 536 rums
661 489 812 537 canonici.
1184 470 1245 536 325

127 623 202 696 dem
224 625 426 719 parlamouta
445 639 501 696 aut
521 625 591 715 alii,
607 629 729 697 mnnita
744 629 779 697 iu
798 628 993 698 concordata
1006 629 1138 722 explere
1153 651 1247 699 recu·

128 735 285 822 severint,
300 734 342 804 ad
356 735 571 828 quaestionem
584 757 650 806 nou
664 737 741 806 lacit
757 764 764 804 :
781 736 977 807 attendenda
989 736 1043 807 lex
1057 739 1164 828 regni,
1180 761 1246 808 non

127 843 321 914 violationes
343 843 425 934 legis
444 853 501 914 aut
523 843 648 915 inducti
668 844 802 914 abusus.
826 844 922 915 Unde
937 845 1100 915 immerito
1115 847 1188 937 quis
1204 847 1245 916 ed

127 951 335 1044 probandum
357 951 450 1022 nullo
474 952 571 1023 modo
593 953 738 1046 viguisse
760 953 795 1021 iu
809 953 914 1022 Gallia
931 952 1131 1023 cancellarie
1147 977 1245 1046 regu·

126 1057 189 1147 les,
213 1058 388 1130 adduceret
410 1059 563 1152 quadam
586 1061 865 1152 parlamentorum
888 1070 1012 1130 errestn
1035 1060 1162 1152 aliaque
1182 1061 1248 1130 hu-

123 1165 271 1258 jusmodi
303 1167 428 1237 ultimis
462 1169 662 1262 temporibus
690 1177 865 1254 attentata;
906 1191 1106 1262 quamquam
1138 1191 1245 1262 neque

125 1275 225 1344 etiam
244 1274 289 1342 sic
310 1274 531 1366 reperirentur
553 1276 587 1345 in
609 1275 705 1368 praxi
721 1277 901 1346 obliteratae
918 1276 952 1344 in
968 1274 1071 1344 Gallia
1086 1275 1244 1344 cancella-

126 1387 187 1456 riae
211 1389 348 1479 regula,
369 1387 426 1458 sed
448 1389 556 1483 potius
579 1411 684 1482 usqua
706 1387 748 1457 ad
771 1387 1047 1480 perturbationem
1062 1387 1242 1456 auni1793

126 1494 162 1562 in
176 1517 240 1565 usu
255 1495 366 1567 luisse.

637 1704 721 1795 §n

252 1910 317 1971 Quid
332 1912 460 1963 eraserint
476 1912 572 1977 regulae
587 1910 790 1964 cancellarium
809 1911 960 1964 concordati
974 1913 1034 1964 anni
1050 1916 1118 1963 teet.

170 2153 355 2222 Pnomsmo
383 2158 425 2221 1⁸.
441 2191 486 2205 -
505 2157 639 2223 Attcnta
664 2154 842 2222 dumtaxat
866 2154 900 2221 vi
920 2155 1022 2244 nujus
1044 2154 1241 2236 concordati,

124 2262 247 2352 reputer
262 2262 464 2331 cancellarie
477 2262 584 2353 cipere
598 2262 695 2330 leodic
713 2262 747 2330 in
765 2262 876 2332 Gallia
891 2261 1056 2330 cernenda
1067 2265 1186 2353 formet.
1200 2301 1245 2314 -

125 2369 341 2438 Probavimus
364 2391 464 2461 supra
487 2393 544 2461 per
559 2368 683 2437 bullam
698 2368 749 2436 Pii
762 2368 919 2462 Vll,-qua
934 2392 1048 2438 omncs
1063 2369 1242 2440 Galliarum

124 2476 276 2545 ecclesias
297 2477 431 2545 omuino
455 2477 635 2568 suppressit
653 2485 685 2545 et
699 2475 858 2545 exstinxit
873 2499 948 2545 cum
962 2476 1115 2546 omnibus
1130 2499 1243 2546 earum

120 2583 268 2674 juribus,
289 2584 403 2666 titulis,
425 2591 522 2675 atque
536 2585 774 2675 prerogativis,
795 2583 991 2653 exstinctum
1006 2583 1129 2676 pariter
1144 2584 1244 2653 luisse

120 2689 177 2781 jus
201 2689 368 2781 quodlibet
393 2690 590 2780 gallicanum
619 2698 714 2759 antea
738 2691 866 2780 vigens,
893 2690 1008 2778 idest,
1032 2713 1129 2759 omne
1148 2691 1202 2782 jus
1225 2715 1244 2759 a

120 2797 196 2890 jure
216 2799 382 2868 communi
404 2799 572 2870 diversum
597 2809 629 2866 et
646 2798 814 2889 gallicanis
829 2798 971 2867 ecclesiis
986 2799 1174 2891 proprium
1199 2799 1244 2868 ita

128 2915 164 2974 ut
188 2929 282 2991 noum
304 2917 414 3000 postca
436 2915 553 2977 erectae
576 2906 733 2993 eoclesiae,
759 2909 821 2977 sub
843 2908 1073 2976 communibus
1093 2906 1244 2976 Ecclesiae

121 3018 254 3109 juribus
276 3026 358 3086 ortae
383 3015 517 3085 luerint.
540 3014 751 3107 Exeipiendae
775 3021 905 3084 tantum
928 3013 993 3082 illae
1018 3013 1244 3105 dispositiones

124 3125 244 3218 quibus
270 3146 328 3217 per
351 3121 581 3192 concordatum
605 3122 727 3215 ipsum,
752 3131 809 3189 ant
833 3120 1005 3191 subsecuta
1027 3120 1166 3208 decreta,
1189 3129 1246 3189 aut

124 3233 392 3303 consuetudinem
411 3232 555 3324 aliquam
572 3231 613 3299 ab
629 3230 689 3300 hoc
706 3237 850 3323 tempore
866 3230 1012 3320 legitime
1028 3229 1245 3299 introductam

124 3343 287 3434 reperitur
311 3341 515 3430 derogatum.
545 3339 648 3408 Porro
675 3338 877 3408 cancellarie
907 3338 1049 3427 regule,
1078 3359 1119 3405 ex
1146 3361 1246 3428 supra

124 3451 232 3534 dictis,
254 3448 455 3519 universales
473 3456 550 3516 sunt
563 3446 715 3515 Ecclesiae
732 3446 823 3537 leges
836 3467 895 3514 scu
910 3467 987 3537 pers
1000 3445 1085 3536 juris
1098 3466 1245 3513 commu-

124 3559 189 3645 nis,
210 3567 242 3626 et
260 3581 314 3626 eas
328 3556 416 3647 leges
434 3555 570 3648 quilibet
585 3577 734 3623 summus
748 3553 901 3624 Pontifex
917 3577 936 3622 a
952 3562 1096 3644 tempore
1111 3575 1246 3622 concor-

124 3669 192 3738 dati
218 3677 303 3738 ratas
327 3675 359 3736 et
383 3667 496 3735 firmas
521 3665 718 3751 declaravit;
747 3686 840 3753 ergo,
865 3669 986 3730 attenta
1009 3670 1135 3729 tentum
1161 3683 1246 3730 nova

123 3777 333 3846 ecclesiarum
356 3773 470 3843 Galliae
491 3771 731 3858 constitutione,
755 3769 878 3860 regulae
898 3767 963 3837 ille
981 3769 1091 3858 vigere
1111 3791 1245 3838 censen·

124 3887 175 3956 dae
190 3883 298 3952 forent
312 3882 348 3950 in
368 3881 532 3968 omnibus,
555 3881 589 3948 in
605 3879 725 3971 quibus
740 3875 878 3969 praelato
895 3874 993 3946 modo
1007 3877 1054 3945 eis
1069 3898 1088 3944 e
1101 3883 1246 3968 tempore

123 3989 310 4063 concordati
326 4011 392 4057 non
407 3989 572 4080 reperitur
585 3986 789 4077 derogatum.

168 4100 357 4168 Prorosrrro
377 4101 420 4164 2¹.
439 4134 484 4147 -
501 4093 746 4164 concordatum
760 4093 879 4184 repulia
894 4091 1099 4161 cancellarie
1113 4090 1247 4184 dmoqat

126 4205 237 4300 quoad
255 4203 516 4275 nominationem
532 4202 768 4298 paraenorum,
792 4223 858 4271 non
874 4199 985 4294 quoad
998 4198 1142 4270 oliorum
1157 4201 1246 4271 bore-
