3050 4946
538 425 621 472 rums
643 425 793 472 canonio.
1160 407 1221 472 503

110 561 261 632 Christus
283 563 422 634 voluerit
445 587 559 634 revera
581 587 673 634 suam
696 563 870 634 Ecclesiam
884 585 954 635 esse
974 566 1157 636 societatem
1171 568 1221 636 vi-

111 669 253 759 sibilem,
275 681 308 742 et
326 673 497 766 Apostolos
517 682 550 744 et
564 681 668 744 totum
687 673 869 742 humanum
891 695 995 764 genus
1016 697 1075 767 per
1097 679 1136 744 18
1161 697 1222 748 so-

110 778 186 848 cula
206 780 241 848 in
259 801 403 850 errorem
423 779 574 866 induxit;
595 781 684 873 quod
703 779 823 868 dicere,
845 780 988 850 insanire
1004 804 1140 874 prorsus
1160 791 1219 854 est.

156 887 215 958 tv.
238 889 399 958 Probatur
418 913 461 960 ax
484 913 522 960 eo
540 889 628 983 quod
651 889 793 960 Ecclesia
807 888 1006 960 aitsanctus.
1022 929 1067 944 -
1082 892 1224 982 Societas

111 995 202 1066 enim
228 1004 375 1066 constare
396 996 509 1089 nequit
528 997 593 1066 nisi
619 1020 661 1068 ex
684 996 856 1088 agentibus
879 999 1140 1087 rationabilibus,
1166 1002 1223 1094 qni

112 1104 281 1174 communi
306 1127 466 1176 consensu
485 1120 517 1176 et
535 1105 661 1176 actione
680 1113 875 1174 concurrant
891 1105 933 1176 ad
944 1127 1150 1176 communem
1164 1108 1226 1178 ali-

110 1235 210 1305 quam
237 1211 349 1300 linem,
373 1224 441 1282 eta
459 1213 582 1306 quibus
602 1211 826 1282 condonentur
848 1212 905 1304 qui
926 1221 1019 1282 extra
1038 1213 1223 1284 societatem

112 1320 221 1390 adbuc
246 1321 374 1408 urunt,
395 1329 430 1390 ιιι
449 1320 574 1414 possint
592 1321 753 1390 bonorum
770 1319 911 1390 societati
926 1320 1133 1412 propriorum
1148 1343 1224 1413 par-

112 1429 224 1522 ticipas
247 1429 329 1498 lieri.
358 1429 460 1521 Atqui
481 1429 551 1498 hec
575 1427 782 1498 constitutiva
809 1426 967 1498 societatis
991 1427 1225 1520 cujuscumque

112 1537 308 1630 proprietas,
335 1535 557 1608 visibilitatem
579 1543 648 1606 tum
670 1533 712 1606 ad
734 1536 821 1606 intra
834 1543 904 1606 tum
920 1535 962 1604 ad
984 1543 1077 1606 extra
1091 1537 1224 1627 arguit:

112 1645 156 1714 ad
176 1646 263 1714 intra
288 1645 445 1738 quidem;
471 1667 537 1715 non
560 1646 648 1714 enim
666 1653 802 1736 possunt
823 1644 919 1713 multi
933 1645 968 1712 in
991 1667 1095 1714 unum
1108 1667 1225 1715 conve-

113 1755 185 1824 nire
209 1761 241 1824 et
262 1753 428 1824 communi
453 1754 578 1824 aedona
605 1775 798 1824 mucurrere
819 1751 980 1822 adfinem
1005 1776 1224 1841 communem,

113 1863 143 1930 si
163 1885 232 1932 sesa
255 1871 369 1932 mutuo
390 1862 559 1952 ignorent;
582 1883 710 1930 necesse
729 1871 777 1932 eat
791 1883 870 1951 ergo
886 1871 922 1930 ιιι
935 1883 1004 1932 sesa
1019 1861 1158 1932 invicem
1172 1885 1227 1931 co-

114 1977 270 2058 gnoscant
290 1978 323 2038 et
334 1968 529 2056 dboernonc,
550 1977 647 2062 atque
662 1967 854 2038 adinvicem
870 1969 1131 2056 communicent;
1148 1991 1227 2060 ergo

114 2099 242 2146 necesse
267 2085 315 2146 est
335 2086 372 2147 ut
394 2078 480 2146 intra
501 2077 686 2146 societatem
706 2075 852 2146 membra
873 2075 938 2146 sint
956 2074 998 2144 ad
1019 2076 1160 2145 invicem
1176 2077 1226 2145 vi-

114 2185 230 2256 sibilia.
255 2187 336 2256 item
363 2186 541 2256 necessaria
555 2195 604 2256 est
623 2184 794 2254 visibilitas
811 2182 852 2252 ad
867 2191 960 2252 extra
977 2212 984 2252 :
1004 2192 1040 2253 ut
1059 2184 1147 2254 enim
1165 2185 1225 2254 ali-

113 2295 169 2363 cui
191 2295 334 2364 societati
358 2294 534 2365 coadunmi
558 2302 679 2386 queant
703 2291 861 2380 extranei,
879 2313 1007 2361 necesse
1026 2304 1075 2361 est
1097 2302 1133 2362 ut
1154 2293 1227 2385 ipsa

114 2400 157 2470 sit
179 2401 365 2492 conspicua,
382 2402 546 2493 possitque
564 2401 605 2468 ab
617 2399 782 2469 extraneis
795 2399 945 2489 cognosci
968 2406 999 2468 et
1013 2397 1167 2468 discerni.
1185 2399 1227 2468 Et

114 2509 176 2580 boc
199 2531 316 2580 verum
339 2519 484 2578 remanet
505 2511 631 2580 etiamsi
655 2509 789 2579 sudatas
811 2517 971 2578 constaret
991 2508 1088 2578 meris
1103 2508 1226 2600 spiriti-
1356 2579 1359 2586 .

113 2620 187 2688 bns.
220 2619 309 2710 Ergo
334 2641 376 2687 cx
403 2641 442 2686 eo
464 2618 532 2687 solo
558 2617 647 2710 quod
672 2617 813 2688 Ecclesia
833 2617 876 2686 sit
904 2617 1050 2704 societas,
1078 2617 1227 2709 seqnitur

114 2727 295 2796 necessario
310 2726 400 2796 illam
414 2748 483 2796 esse
500 2725 671 2796 visibilem.

159 2837 201 2906 V.
219 2835 382 2906 Probatur
403 2858 445 2906 er
468 2858 508 2904 eo
531 2834 620 2926 qnod
638 2835 779 2904 Ecclesia
801 2835 843 2904 sit
856 2833 990 2904 societas
1003 2833 1165 2903 lcumena.
1182 2873 1227 2888 -

114 2942 202 3012 Talis
220 2942 308 3013 enim
334 2953 382 3012 est
403 2941 575 3012 bominum
595 2949 724 3028 natura,
749 2950 786 3010 ut
807 2941 939 3012 nonnisi
965 2939 1062 3012 modo
1083 2941 1227 3012 sensibili

113 3051 238 3142 possint
265 3050 386 3142 seipsos
416 3059 530 3120 mutuo
557 3071 779 3139 cognoscere3-
801 3071 880 3139 ergo
905 3070 972 3119 non
1000 3061 1136 3142 possunt
1164 3050 1229 3119 nisi

114 3181 183 3228 sesa
208 3157 348 3227 invicem
374 3155 519 3226 videntes
533 3157 570 3226 in
583 3157 763 3226 societatem
786 3157 981 3238 convenire;
1003 3155 1048 3225 ita
1066 3165 1104 3227 ut
1121 3157 1228 3226 omnis

114 3266 259 3336 bumana
283 3265 416 3334 societas
441 3264 483 3334 ait
506 3263 568 3334 boc
591 3265 662 3356 ipso
683 3274 715 3332 at
736 3265 916 3334 nmessmio
936 3271 1073 3334 externa
1092 3273 1124 3334 et
1148 3265 1229 3334 visi-

114 3375 201 3445 bilis.

160 3483 217 3554 Vl.
239 3481 401 3553 Probatur
424 3505 465 3552 ex
488 3505 527 3552 eo
541 3481 630 3574 quod
645 3480 787 3550 Ecclesia
801 3481 844 3550 sit
859 3483 992 3552 societas
1006 3483 1169 3574 reliqioso.
1185 3523 1230 3537 —
1314 3515 1317 3524 ·

115 3593 199 3664 Nam
219 3615 262 3662 ex
283 3615 321 3662 eo
345 3591 433 3684 quod
452 3591 493 3660 sit
513 3590 678 3681 religiosa,
700 3588 849 3659 homines
869 3611 941 3658 eam
965 3590 1140 3660 conflantes
1152 3616 1230 3661 con-

115 3723 247 3772 currere
262 3699 380 3770 debent
399 3699 442 3768 ad
465 3720 673 3770 communem
697 3697 774 3768 fidei
797 3697 958 3788 religiosae
981 3699 1227 3790 professionem.

115 3809 219 3878 Porro
242 3808 271 3876 si
293 3805 393 3876 fidem
411 3805 549 3899 quiaque
571 3829 590 3874 a
610 3806 677 3875 Deo
698 3803 884 3904 immediate
905 3804 1067 3875 revelante
1086 3807 1230 3899 recipiat,

115 3921 213 3985 erunt
234 3913 367 4006 quidem
389 3912 500 4005 plures
518 3913 701 3982 individua.»
722 3899 939 4004 professiones
959 3911 1048 4002 fidei,
1072 3915 1126 3985 sed
1142 3915 1234 3983 nulla

117 4023 178 4092 erit
199 4021 325 4091 socialis
352 4021 513 4112 religiosas
536 4021 615 4090 fidei
638 4021 815 4114 professio;
843 4043 901 4090 nec
920 4020 1056 4112 proinde
1074 4021 1140 4091 ulla
1157 4023 1234 4090 reli-

118 4133 209 4222 giosa
239 4131 398 4220 societss;
431 4153 510 4222 ergo
535 4140 573 4202 ιιι
598 4131 732 4204 exsistat
753 4130 888 4202 societas
915 4129 1078 4221 religiosa,
1109 4153 1237 4200 necesse
