3064 4952
566 525 647 572 rmrs
669 525 819 571 ctuourcr.
1189 503 1247 570 221

18 723 19 728 ,
135 665 223 756 leges
238 665 419 758 pontificias
432 665 577 755 obligare
590 665 701 768 fideles
716 666 907 756 priusquam
919 662 960 731 ab
973 663 1020 732 eis
1031 672 1248 756 acceptentur,

137 783 167 841 et
178 774 262 842 hanc
273 773 540 867 propositionem,
551 774 614 843 sibi
623 773 728 843 videri
737 772 777 841 de
784 772 862 864 fide,
874 771 977 858 addit,
991 781 1124 866 propter
1137 773 1252 842 voluu-

137 889 233 951 tatem
257 905 462 952 summorum
483 881 679 952 Pontificum
700 882 745 949 ita
769 881 909 971 benigne
935 881 1192 969 concedentium,
1214 883 1253 950 dc

137 988 220 1058 lacto
235 1011 302 1058 non
317 991 425 1060 statim
441 989 587 1080 obligare
608 989 739 1058 illorum
761 989 889 1058 decreta
908 988 1055 1058 nondum
1077 997 1251 1082 acceptato,

137 1098 275 1190 ideoque
294 1121 386 1190 posse
410 1098 482 1168 fieri
505 1097 773 1190 supplicationem
793 1097 834 1166 ad
854 1119 1020 1166 summum
1041 1097 1252 1185 Pontificem3

138 1207 260 1274 interea
279 1229 357 1275 vero
380 1204 462 1274 nihil
482 1204 646 1294 agendum
672 1213 785 1274 contra
806 1205 925 1295 legem,
945 1205 972 1272 si
996 1207 1165 1274 commode
1185 1229 1253 1274 ser-

138 1313 208 1382 vari
222 1314 324 1406 possit
339 1314 395 1382 lex
410 1313 513 1382 donec
534 1312 718 1382 obtineatur
734 1334 945 1403 responsum
963 1311 991 1380 si
1006 1322 1114 1381 numm
1130 1316 1254 1382 servari

18 1449 19 1452 ¹
139 1421 306 1490 commode
320 1430 470 1514 nequent,
484 1443 576 1513 posse
590 1443 632 1489 ex
645 1421 787 1510 benigna
801 1421 1064 1513 interpretatione
1079 1422 1255 1494 voluntatis

139 1529 316 1620 pontificiae
344 1528 501 1599 declarari
528 1528 633 1620 legem
656 1551 722 1598 non
751 1529 913 1619 obligare;
944 1539 976 1598 et
1004 1529 1050 1598 sic
1078 1533 1254 1622 precaveri

140 1659 234 1706 omne
257 1636 410 1728 peccandi
434 1635 616 1728 periculum
633 1662 641 1704 ε
661 1663 677 1700 c
696 1636 785 1705 Licet
803 1636 877 1704 telis
899 1637 953 1705 lex
969 1638 1099 1728 (nempe
1119 1640 1256 1709 univer-

145 1771 160 1808 s
182 1744 270 1834 salis)
288 1744 482 1834 regulariter
496 1744 660 1838 loquendo
674 1766 739 1813 non
765 1745 806 1813 sit
826 1744 1075 1815 disconveniens
1091 1746 1141 1816 vel
1159 1747 1257 1816 nimis

145 1851 268 1920 adura
293 1874 353 1944 pro
378 1852 531 1922 universa
556 1852 711 1939 Ecclesia,
740 1860 772 1921 et
798 1851 872 1921 ideo
894 1863 1041 1946 respectu
1067 1855 1166 1924 totius
1190 1879 1255 1924 non

146 1985 161 2022 c
184 1958 300 2028 habeat
314 1959 422 2029 locum
437 1959 642 2051 supplicatio,
658 1958 871 2027 nihilominus
883 1961 918 2027 in
932 1983 999 2029 uno
1011 1962 1063 2030 vel
1076 1962 1140 2031 alio
1155 1985 1256 2054 regno

147 2092 163 2130 a
187 2074 242 2134 aut
257 2067 425 2159 provincia
444 2074 551 2157 posset
571 2088 640 2134 esse
661 2066 759 2134 nimis
774 2065 968 2138 dissentiens
986 2091 1005 2136 a
1026 2070 1171 2138 moribus
1185 2073 1256 2164 ejus

148 2203 164 2240 c
184 2184 215 2243 et
241 2183 355 2244 contra
378 2175 628 2244 consuetudines
650 2174 732 2265 ejus,
759 2197 839 2266 quas
864 2198 928 2244 non
957 2177 1060 2245 solent
1086 2177 1258 2250 Pontifices

149 2309 165 2348 c
187 2283 269 2352 velle
284 2289 423 2370 mutare,
439 2282 503 2350 nisi
517 2280 548 2349 id
564 2281 761 2373 exprimant,
779 2280 835 2349 sed
850 2284 958 2374 potius
971 2305 1202 2356 conservare...
1220 2289 1257 2356 ln

149 2415 166 2454 c
186 2389 242 2458 tali
258 2412 338 2479 ergo
351 2412 428 2458 casu
442 2390 525 2457 ratio
540 2389 682 2480 postulat
694 2397 731 2457 ut
745 2388 838 2457 liceat
854 2390 1037 2481 supplicare
1052 2391 1255 2481 Pontificem,

150 2523 166 2560 c
186 2498 265 2590 quia
279 2497 412 2566 scientia
426 2497 497 2588 ejus
512 2497 705 2566 universalis
724 2519 789 2565 nou
806 2504 910 2588 potest
929 2520 1056 2590 semper
1069 2500 1201 2570 extendi
1217 2504 1259 2572 ad

151 2633 166 2670 c
187 2607 256 2675 haec
270 2606 492 2698 particularia.
511 2605 552 2674 Et
574 2606 636 2674 hoc
656 2606 765 2699 ipsum
781 2616 829 2674 est
844 2606 1088 2677 aPontificilms
1105 2611 1178 2701 jure
1194 2623 1259 2680 sta-

152 2740 166 2778 c
188 2723 295 2784 tutum
317 2713 353 2782 in
379 2714 483 2806 capite
508 2714 628 2805 primo,
650 2713 690 2782 de
710 2715 1006 2798 comtitutionibus,
1032 2718 1067 2785 io
1084 2732 1197 2802 sexta·
1217 2744 1259 2789 ex

152 2850 167 2886 c
188 2845 254 2915 quo
268 2822 398 2892 videtur
415 2823 538 2912 colligi,
556 2823 677 2914 absque
697 2822 761 2891 alia
783 2823 1018 2915 supplicatione
1032 2848 1051 2894 a
1064 2827 1137 2916 lege
1150 2831 1258 2920 ponti-

153 2933 276 3019 sficia,
299 2932 403 3022 ipsam
430 2954 473 3000 ex
491 2933 526 3000 vi
549 2931 638 3000 illius
657 2933 742 3024 juris
764 2932 835 3023 ipso
858 2932 940 3001 lacto
963 2955 1029 3002 non
1053 2935 1197 3026 obligare
1225 2940 1259 3006 in

152 3065 168 3102 a
189 3038 290 3106 simili
306 3061 394 3108 casu.
412 3037 633 3108 Nihilominus
648 3047 756 3107 umen
773 3037 845 3106 fieri
860 3047 964 3131 potest
979 3049 1015 3109 ut
1030 3063 1123 3112 casus
1137 3067 1203 3112 non
1219 3049 1261 3114 sit

153 3148 235 3214 «ita
258 3146 364 3215 clarus
389 3156 421 3213 et
444 3153 562 3233 certus,
587 3145 667 3238 quin
693 3146 734 3213 sit
759 3147 954 3216 conveniens
978 3170 1064 3218 nova
1090 3151 1260 3226 declaratio

155 3254 379 3340 «Pontificis5
405 3276 483 3345 ergo
510 3255 545 3322 in
566 3255 622 3322 tali
647 3277 722 3323 casu
748 3255 836 3323 licita
860 3266 908 3324 est
935 3258 1126 3349 supplicatio
1144 3271 1176 3328 et
1192 3263 1261 3352 juri

154 3389 170 3426 c
191 3371 446 3432 consentanea...
461 3363 527 3432 Pro
548 3372 693 3455 tempore
716 3387 781 3456 quo
804 3363 900 3433 durat
922 3366 1123 3458 supplicatio,
1141 3393 1261 3437 caven·-

155 3497 170 3534 ι(
193 3472 272 3540 dum
293 3481 342 3540 est
361 3494 456 3541 omne
479 3471 660 3564 periculum
682 3474 813 3564 peccati.
836 3473 931 3540 Unde
954 3475 982 3540 si
1003 3473 1073 3541 lieri
1094 3484 1210 3567 potest,
1226 3489 1263 3548 ut

155 3605 170 3644 c
193 3602 251 3671 pro
262 3579 319 3648 illo
330 3589 474 3672 tempore
489 3579 571 3648 nihil
582 3580 639 3648 fiat
651 3590 762 3649 contra
775 3580 879 3669 legem
892 3580 1068 3668 Pontifieis,
1081 3583 1263 3655 curandum

155 3713 170 3752 c
193 3688 326 3757 omnino
340 3696 399 3774 est,
416 3687 490 3756 licet
503 3689 574 3779 ejus
587 3689 735 3756 executio
750 3688 967 3778 suspendatur
976 3715 985 3775 ;
1001 3689 1078 3780 quia
1093 3690 1138 3758 ita
1158 3695 1264 3784 magis

155 3805 324 3865 «cavetur
352 3819 449 3864 omne
476 3795 669 3886 periculum,
701 3804 733 3863 et
761 3819 799 3864 ec
831 3795 926 3864 modo
953 3806 1085 3888 paretur
1108 3799 1172 3889 legi
1198 3825 1263 3893 quo

156 3931 172 3972 a
193 3904 362 3974 commode
382 3903 453 3974 fieri
468 3911 582 3996 potest.
607 3905 643 3973 Si
657 3913 766 3972 autem
788 3927 853 3973 non
876 3913 980 3996 potest
1000 3905 1060 3974 hoc
1079 3907 1175 3978 modo
1191 3933 1263 3980 sus-

158 4015 306 4106 «pensio
328 4012 528 4083 executionis
549 4013 621 4081 fieri
643 4013 713 4080 sine
740 4034 858 4100 magna
881 4034 992 4080 rerum
1016 4015 1193 4086 mutatione
1216 4017 1267 4086 vel

159 4147 175 4185 c
196 4123 340 4214 periculo
354 4121 493 4214 alicujus
509 4119 665 4204 scandali,
682 4127 760 4186 tunc
776 4141 817 4186 ex
838 4119 980 4208 benigna
1004 4109 1267 4214 interpretatione

160 4231 371 4301 «voluntatis
395 4227 562 4298 Pontificis
587 4229 638 4297 lex
662 4235 811 4295 censetur
833 4250 893 4318 pro
918 4238 994 4296 tunc
1015 4251 1080 4298 nou
1108 4231 1264 4328 obligare,
