3048 4954
279 497 340 572 tta
632 518 806 567 ursmarus
829 517 867 566 aa
890 517 1042 569 ramanus

274 671 362 741 suut,
379 660 428 727 ita
443 671 481 730 ut
495 682 533 726 ea
549 659 717 728 obseruare
728 683 795 728 aaa
809 673 990 743 teneantur,
1010 661 1074 730 uisi
1088 681 1120 730 se
1133 683 1193 730 sua
1210 659 1400 752 sparttcillis

275 767 465 836 submittere
491 766 665 848 oolrrcriut,
695 768 876 837 auatbcma
903 769 956 838 sit.
985 769 1083 838 Bulla
1108 770 1284 838 Auctorem
1302 767 1396 860 fidei,

276 879 346 942 n⁰t
367 901 375 944 ε
396 901 413 941 a
436 875 621 966 Propositio
638 876 810 968 affirmares
820 877 960 946 abusum
982 877 1052 946 fora
1069 876 1268 946 auctoritatis
1284 877 1399 944 Eccle-

281 1009 298 1048 ι(
321 981 392 1069 siae,
409 982 634 1052 transferendo
657 983 747 1052 illam
771 984 857 1052 ultra
875 983 995 1053 limites
1013 983 1170 1054 doctrinm
1194 992 1226 1053 et
1245 1007 1398 1070 morum,

279 1115 297 1154 a
319 1097 352 1158 et
372 1111 444 1158 eam
471 1088 676 1159 extendendo
699 1091 741 1160 ad
755 1115 806 1160 res
821 1093 1011 1180 exteriores,
1030 1100 1061 1160 et
1076 1093 1217 1185 pervim
1233 1091 1400 1182 exigendo
1505 1076 1513 1177 Ι;

279 1223 297 1263 u
319 1197 353 1264 id
381 1197 466 1289 qnod
495 1199 614 1291 pendet
638 1221 658 1266 a
684 1199 893 1292 persuasione
914 1209 947 1268 et
960 1200 1075 1279 corde;
1091 1208 1163 1269 tum
1180 1201 1276 1268 etiam
1295 1200 1402 1268 multa
1504 1184 1513 1270 i

278 1335 295 1374 u
319 1309 430 1377 minus
451 1307 493 1376 nd
518 1329 590 1377 eam
616 1307 779 1399 pertinere
794 1308 926 1398 exigere
943 1331 1001 1399 per
1020 1307 1088 1376 vim
1102 1308 1297 1377 exteriorem
1312 1306 1401 1375 sub-
1506 1320 1512 1333 ’

278 1443 296 1483 a
316 1417 492 1508 jectionem
511 1417 579 1484 suis
599 1414 758 1503 decretis3
775 1455 820 1470 -
848 1417 1018 1500 Quatenus
1045 1413 1306 1484 indeterminatis
1331 1413 1402 1481 illis

279 1525 434 1606 acerbis,
464 1523 670 1593 extendendo
694 1523 735 1594 ad
751 1547 803 1593 res
818 1525 1007 1611 exteriores,
1034 1536 1124 1592 natet
1151 1523 1239 1592 uelut
1256 1523 1400 1590 abusum

279 1661 296 1700 a
319 1633 527 1702 auctoritatis
549 1632 700 1703 Ecclesia
726 1656 824 1702 usum
844 1633 917 1725 ejus
926 1633 1100 1726 potcstatis
1122 1645 1262 1724 accepta
1276 1655 1298 1700 a
1314 1635 1396 1710 Deo,

279 1771 296 1810 a
320 1766 386 1835 qua
399 1743 452 1812 usi
462 1755 540 1812 suut
555 1756 586 1811 et
599 1744 730 1834 ipsimet
744 1743 886 1835 apastoli
900 1743 937 1810 in
952 1742 1126 1834 disciplina
1146 1740 1307 1810 celeriore
1319 1761 1400 1808 coa-

279 1878 297 1916 u
319 1851 485 1921 stituendn
500 1863 530 1920 et
543 1851 730 1935 sancienda,
748 1891 792 1906 -
807 1851 972 1921 heretica.
990 1890 1035 1903 -
1053 1852 1127 1934 Qua
1139 1861 1237 1941 parte
1248 1847 1400 1916 insinuat

280 1985 297 2026 a
320 1959 500 2028 Ecclesiam
511 1983 574 2030 noa
588 1959 707 2029 babere
715 1961 949 2030 auctoritatem
962 1958 1173 2050 subjectionis
1186 1957 1253 2025 suis
1262 1955 1401 2024 decretis

280 2095 297 2134 ι(
320 2066 486 2159 eripienda
514 2068 612 2136 aliter
635 2093 737 2160 quam
761 2092 822 2159 per
841 2067 952 2136 mealia
967 2089 1039 2159 que
1063 2065 1210 2158 pendent
1223 2089 1245 2131 a
1255 2086 1399 2156 persua-

281 2205 297 2242 α
319 2178 409 2245 siouc
419 2203 483 2260 ,·—
496 2180 662 2260 Quatenus
676 2177 823 2246 intendat
835 2175 1014 2246 Ecclesiam
1031 2198 1098 2244 non
1114 2173 1233 2242 habere
1245 2171 1397 2241 collatam

280 2287 382 2353 asibi
398 2310 416 2353 a
430 2287 498 2354 Deo
520 2293 709 2378 potestatem
737 2308 804 2352 non
828 2284 933 2352 solum
964 2281 1125 2373 dirigendi
1150 2303 1208 2373 per
1222 2280 1396 2349 consilium

280 2421 297 2459 a
320 2403 351 2462 et
373 2395 551 2476 suasiones,
578 2393 633 2460 sed
662 2392 761 2461 etiam
778 2391 917 2482 jubendi
942 2391 1116 2482 perleges,
1137 2389 1302 2459 aedesius
1317 2410 1397 2456 aon-

281 2510 527 2592 rtnmaceaque
564 2500 722 2568 exteriore
745 2499 868 2590 judicio
892 2501 930 2566 'aa
949 2498 1134 2567 salubribus
1167 2498 1274 2589 poenis
1302 2517 1399 2564 coer-

281 2636 298 2675 r
319 2609 413 2677 cendi
428 2617 525 2700 atque
536 2605 694 2697 cogendi,
711 2605 863 2674 iuducms
878 2605 912 2673 iu
933 2617 1075 2695 systema
1096 2605 1182 2672 alias
1196 2603 1398 2673 damnatum

280 2742 297 2782 a
322 2727 358 2786 ut
373 2716 575 2784 basaticum.
601 2741 618 2778 s>

321 2825 400 2893 Pius
420 2824 466 2894 Vl
482 2823 517 2890 in
541 2823 633 2892 brevi
660 2822 843 2912 dogmatica
866 2825 974 2914 Super
1001 2821 1166 2891 soliditate
1189 2823 1236 2889 sic
1258 2823 1392 2890 asserit:

277 2937 386 3024 Super
412 2930 579 3000 soliditate
603 2933 710 2998 Petra
730 2929 947 3022 ficudatama
976 2931 1103 3000 Christo
1118 2929 1311 3009 Ecclesiam,
1333 2932 1396 2997 Pe-

277 3054 430 3132 trumque
449 3038 612 3129 siupulari
637 3038 761 3106 Claristi
791 3061 925 3107 munere
935 3063 1008 3131 pru
1026 3039 1149 3108 ceteris
1173 3037 1310 3106 electum
1338 3037 1399 3128 qui

275 3149 400 3218 vicaria
409 3158 572 3240 potestate
587 3145 758 3237 apostolici
778 3146 871 3214 abari
886 3147 1041 3239 princeps
1055 3145 1215 3227 existeret,
1233 3144 1397 3235 totiusque

275 3255 357 3326 adeo
368 3255 473 3347 precis
482 3252 652 3347 pascendi,
663 3254 785 3345 fratres
796 3253 1023 3344 coufimcaudi,
1038 3265 1168 3344 tutaque
1179 3251 1257 3322 orbe
1266 3251 1399 3344 lipardi

276 3378 307 3433 et
327 3362 473 3434 soluemli
495 3385 663 3431 summam
693 3385 809 3430 curam
832 3363 1126 3454 auctoritatemque
1148 3363 1183 3429 ia
1204 3383 1396 3430 sucessores

277 3473 368 3541 omui
380 3493 448 3541 aaa
459 3469 711 3562 procreandam
724 3470 908 3561 essuperet,
924 3468 1046 3561 doymo
1063 3471 1261 3541 catlralicum
1274 3487 1332 3542 est.

321 3582 505 3651 Prorosrrro
529 3585 573 3648 2¹.
590 3619 635 3632 -
647 3583 794 3648 Potestas
807 3579 990 3669 lepislatiua
1002 3580 1155 3648 Ecclesia
1171 3603 1237 3649 uon
1254 3604 1277 3647 a
1295 3581 1397 3672 priu-

277 3692 400 3783 cipibus
414 3689 622 3759 sacularibus
640 3711 732 3757 acca
750 3688 987 3758 communitate
1002 3688 1152 3781 fidelium
1165 3690 1283 3771 oritur,
1300 3687 1358 3758 sed
1374 3711 1396 3756 a

281 3799 410 3868 Christo
429 3799 498 3891 ipsa
512 3798 637 3867 tradita
651 3810 697 3866 est
711 3797 807 3866 certis
821 3799 973 3868 Ecclesia
985 3799 1175 3890 pastoribus
1188 3822 1243 3868 seu
1261 3797 1397 3867 rectari-

278 3906 346 3975 bus.
362 3944 407 3960 -··
421 3905 500 3974 Haec
527 3906 719 3997 propositio,
744 3929 809 3975 non
833 3908 941 3976 minus
966 3917 1052 3978 certa
1070 3933 1168 4001 quam
1193 3909 1395 3999 precedens,

277 4015 393 4083 iisdem
420 4014 535 4082 nititur
556 4021 588 4081 et
608 4013 851 4085 demonstratur
871 4017 1104 4088 fundamentis.
1130 4022 1254 4092 Textus
1278 4049 1396 4118 nempe

277 4145 376 4191 sacrae
391 4122 569 4214 Scriptura
595 4124 746 4214 superins
768 4124 917 4212 adducti,
944 4127 1028 4197 sicut
1054 4129 1228 4200 enuntiant
1255 4134 1396 4203 existere

275 4229 309 4304 in
335 4229 476 4298 Ecclesia
509 4239 698 4323 patestatem
728 4234 955 4323 gubernandi,
980 4237 1027 4304 ita
1056 4259 1207 4330 expresse
1230 4238 1395 4312 affirmant
