3042 4946
519 493 601 546 tems
624 495 775 546 mromcr.
1143 473 1218 543 577·

133 635 164 704 l.
180 631 216 705 Si
238 635 405 728 delegatus
426 638 519 708 alteri
541 639 802 728 subdelegaverit
821 652 928 707 totam
940 639 1204 730 jurisdictionem

80 767 195 829 suam,
227 745 310 813 nihil
339 746 401 815 sibi
430 747 638 833 reservando,
668 746 849 838 appellatur
878 769 897 814 a
926 747 1134 838 subdelegato
1163 748 1203 815 ad

81 851 314 937 Ordinarium,
337 853 406 922 sive
418 851 613 922 Ordiaarius
628 853 683 922 ille
703 855 746 920 sit
758 853 859 945 Papa,
877 853 949 923 sive
963 855 1005 921 sit
1018 855 1101 923 alius
1115 855 1207 924 Prae-

79 958 185 1028 latus.
204 958 436 1048 (Reiffenstuel‚
455 961 491 1028 iu
507 963 522 1027 1
541 961 715 1048 Decreta„
731 961 780 1028 tit.
800 965 856 1047 29,
872 984 906 1028 n.
927 961 1017 1050 159.)

135 1071 166 1134 5.
198 1067 234 1135 Si
257 1067 424 1157 delegatus
448 1069 546 1160 Papae
570 1068 830 1159 subdelegaverit
858 1091 951 1136 auam
979 1070 1203 1139 auctoritatem

83 1175 194 1262 alteri,
211 1197 277 1244 non
304 1183 413 1244 tamen
433 1177 609 1266 integram,
625 1176 659 1245 id
680 1185 741 1264 est,
759 1175 820 1246 sibi
845 1175 970 1268 aliquid
994 1176 1203 1262 reservando,

84 1294 167 1352 tuna
183 1306 250 1352 nou
263 1293 368 1376 potest
382 1285 538 1376 appellari
552 1309 572 1354 a
586 1285 798 1374 subdelegato
812 1284 999 1354 immediate
1012 1285 1053 1352 ad
1067 1285 1203 1376 Papam,

82 1393 208 1460 omisso
230 1393 355 1474 medio;
381 1394 437 1462 sed
460 1394 691 1486 appellandum
717 1403 766 1463 est
790 1393 1035 1483 aeubdelegato
1057 1391 1098 1460 ad
1119 1393 1206 1462 dele-

84 1507 215 1587 gatum.
241 1498 346 1592 Objioi
372 1500 506 1593 quidem
527 1511 630 1592 potest
655 1501 769 1592 regula
794 1501 956 1590 generalis
978 1509 1010 1568 et
1038 1507 1125 1568 certa
1148 1521 1206 1568 oa—

84 1607 185 1676 nonis
212 1608 258 1676 od
280 1613 469 1678 Romanum
497 1614 531 1695 2,
563 1633 596 1702 q.
630 1613 662 1696 6,
694 1632 759 1701 qua
782 1607 964 1678 declaratur
985 1608 1026 1675 ab
1053 1607 1206 1678 omnibus

85 1714 206 1784 mundi
229 1717 389 1808 partibus,
404 1726 501 1808 alque
515 1717 632 1784 omisso
652 1714 772 1798 medio,
790 1738 883 1807 posse
897 1715 1082 1785 immediate
1093 1715 1206 1806 appel-

84 1822 150 1890 lari
169 1825 211 1891 ad
234 1823 357 1913 Papam
376 1823 477 1893 veluti
502 1846 709 1892 communem
732 1823 880 1892 omnium
899 1823 1030 1891 Patrem
1050 1849 1057 1890 :
1075 1822 1132 1890 sed
1155 1845 1207 1892 re-

86 1930 169 2018 gula
194 1930 250 1998 illa
273 1931 356 1999 fallit
379 1933 414 1999 in
429 1931 586 2023 praediolo
609 1955 698 2014 casu,
716 1932 796 2024 quia
816 1932 851 2000 in
865 1933 928 2000 isto
943 1953 1020 1999 casu
1033 1931 1206 2002 auctoritas

88 2038 211 2121 media,
230 2062 346 2132 nempe
359 2039 538 2130 delegatus,
553 2053 600 2110 est
615 2042 657 2110 ab
673 2039 977 2133 ipsometPontifice
989 2041 1098 2108 missa.
1112 2040 1207 2108 Unde

87 2147 124 2214 in
152 2171 291 2238 persona
310 2148 450 2238 delegati
473 2148 633 2240 pontificii
658 2147 849 2216 honoranda
871 2155 920 2214 est
946 2147 1017 2238 ipsa
1040 2147 1207 2216 Pontificio

87 2277 238 2345 persona.
263 2258 347 2345 lma,
370 2257 416 2325 ait
436 2257 659 2342 Reiffenstuel,
687 2254 864 2324 temeraria
881 2256 968 2344 soret
988 2267 1064 2322 tame
1089 2255 1205 2345 appel-

88 2365 172 2432 latio
198 2364 245 2434 od
260 2389 440 2456 personam
468 2369 582 2457 Papae,
609 2377 724 2457 utpote
747 2386 821 2456 que
847 2363 927 2454 jam
954 2374 1207 2454 representatur

88 2483 118 2539 et
131 2471 273 2542 habetur
283 2474 318 2542 io
328 2497 469 2567 persono
483 2475 535 2542 sui
548 2472 699 2563 daleqoti.
723 2472 819 2562 (Loco
840 2471 960 2561 citato.)

136 2583 167 2647 6.
184 2579 220 2647 Si
243 2581 426 2674 appelletur
438 2605 458 2649 a
472 2580 683 2670 subdelegato
706 2579 841 2648 alterius
855 2578 995 2668 delegati
1008 2601 1108 2670 quam
1123 2601 1203 2670 pon-

89 2687 194 2776 tificii,
215 2689 300 2757 nihil
322 2691 428 2759 obstat
450 2690 544 2781 quin,
569 2689 690 2757 omisso
713 2687 860 2777 delegato
875 2696 908 2756 et
927 2686 998 2778 ipso
1018 2685 1204 2773 ordinario,

88 2820 123 2866 v.
138 2819 186 2886 g„
200 2798 370 2890 Episcopo,
382 2797 568 2866 immediate
582 2797 761 2888 appelletur
775 2796 817 2864 ad
830 2795 969 2886 Papam;
988 2795 1065 2885 quia
1079 2816 1207 2886 semper

88 2905 296 2976 immediatus
310 2914 398 2998 patet
411 2905 453 2975 ad
469 2905 591 2996 Papam
614 2909 778 2992 recursus,
793 2911 928 2994 excepto
943 2924 1020 2970 casu
1036 2901 1205 2993 praedietd',

88 3009 131 3078 ad
153 3010 262 3101 ipsum
280 3011 464 3102 delegatum
484 3011 582 3102 Papae
604 3011 751 3080 relativo.
769 3011 851 3093 Quae
873 3011 908 3077 in
921 3007 983 3077 hoo
1002 3007 1207 3099 paragrapho

90 3120 345 3208 enuntiavimus,
360 3120 436 3190 vide
461 3121 596 3210 probata
620 3120 707 3210 apud
735 3118 944 3188 Reiffenstuel
963 3118 1007 3208 (in
1029 3120 1043 3183 1
1063 3117 1203 3206 Deerat,

90 3228 140 3294 tit.
160 3231 214 3314 29,
229 3251 262 3294 n.
284 3232 344 3294 too
361 3238 391 3295 el
407 3228 502 3318 seq.).
1045 3224 1048 3234 ’
