3064 4952
327 431 389 497 226
604 509 607 521 Ι
679 447 853 498 mauricus
876 453 913 498 nr
936 452 1091 500 ratramus

325 592 472 683 regulam
497 592 593 660 aliam
620 593 856 682 generaliorem
883 603 915 663 et
941 595 976 662 in
1004 595 1099 686 praxi
1126 593 1302 662 faciliorem
1325 613 1443 684 propo·

326 723 465 770 nerem:
493 700 545 769 vel
572 700 712 792 alicujus
740 702 886 792 regionis
912 703 1064 796 Episcopi
1079 703 1268 772 existimant
1283 722 1317 768 se
1331 722 1445 792 graves

325 808 445 878 habere
487 807 626 876 rationes
658 808 699 876 ad
738 809 1004 901 praesumendum
1042 809 1221 880 consentire
1259 808 1445 877 Romanum

326 913 517 985 Pontificem
546 924 582 983 ut
608 937 668 984 sna
693 915 747 983 lex
769 917 876 985 statim
903 917 951 986 ibi
975 940 1041 987 non
1068 917 1202 1006 obliget,
1223 915 1276 986 vel
1301 937 1394 983 non:
1422 915 1447 980 si

327 1023 431 1114 prius,
466 1022 574 1092 licebit
602 1023 669 1092 illis
708 1023 913 1093 Praesulibus
941 1025 1209 1118 supplicationem
1236 1022 1276 1091 ad
1304 1030 1447 1092 sanctam

328 1129 447 1202 Sedem
463 1131 616 1222 dirigere,
628 1132 660 1202 e't
670 1132 800 1202 interim
818 1133 899 1225 legis
910 1134 1136 1224 obligatoriam
1145 1133 1213 1201 vim
1227 1131 1446 1224 suspendere:

327 1239 356 1306 si
373 1239 545 1330 posterius,
571 1240 751 1332 peccabunt
773 1241 836 1308 nisi
863 1245 972 1311 statim
997 1241 1062 1331 legi
1077 1247 1223 1333 pareant.
1241 1240 1309 1309 Nec
1323 1239 1450 1308 dicatur

327 1345 543 1438 periculosam
554 1369 624 1416 esse
639 1347 730 1416 illam
752 1347 912 1437 regulam,
931 1348 1010 1440 quia
1023 1349 1167 1417 accidere
1181 1353 1285 1439 potest
1298 1355 1336 1415 ut
1350 1345 1449 1438 aliqui

327 1455 481 1547 Episcopi
522 1459 664 1526 rationes
695 1457 806 1526 futiles
842 1456 968 1527 dictum
1003 1480 1197 1528 consensum
1226 1455 1449 1549 praesumendi

328 1586 388 1655 pro
409 1565 566 1655 gravibus
588 1566 748 1647 babeaut;
776 1589 853 1636 nam
877 1569 973 1637 etiam
999 1569 1105 1660 posito
1119 1589 1229 1637 errore
1244 1564 1448 1659 hujusmodi,

328 1671 394 1741 dici
408 1672 515 1741 adbuc
526 1679 641 1763 potest,
658 1674 700 1744 ob
712 1684 899 1745 consuetam
922 1676 1063 1745 Romani
1078 1674 1244 1745 Pontificis
1259 1675 1294 1742 in
1309 1673 1451 1764 regenda

329 1780 507 1848 universali
536 1780 678 1849 Ecclesia
713 1783 959 1873 benignitatem,
993 1806 1069 1853 eum
1100 1785 1282 1854 consentire
1313 1792 1366 1870 ut,
1397 1781 1451 1873 qui

329 1889 375 1956 sic
385 1888 467 1957 falsa
477 1889 688 1980 persuasione
705 1889 947 1983 deciperentur,
960 1893 1087 1984 possint
1099 1891 1314 1960 nibilominus
1326 1889 1451 1982 suppli-

331 1996 489 2064 catiouem
516 1996 654 2084 mittere,
680 2003 711 2064 et
739 1999 863 2068 interea
888 2000 953 2089 legi
975 2001 1120 2070 nondum
1136 1999 1335 2068 satisfacere.
1355 1999 1398 2066 Et
1411 1997 1452 2065 sic

330 2103 571 2195 relinqueretur
597 2101 749 2193 prudenti
772 2107 1006 2198 Episcoporum
1030 2106 1155 2198 judicio
1184 2105 1450 2198 expandendum,
1513 2191 1514 2208 ἵ

330 2234 372 2279 an
400 2213 472 2281 talis
499 2213 541 2280 sit
570 2211 652 2300 legis
678 2212 851 2303 pontificiae
881 2216 1028 2301 materia,
1059 2237 1134 2306 quae
1162 2215 1264 2306 possit
1279 2213 1400 2282 referri
1415 2211 1451 2279 ad

332 2321 527 2410 categoriam
570 2319 775 2388 decretorum
816 2321 962 2408 illorum,
1014 2344 1074 2413 pro
1116 2322 1237 2413 quibus
1278 2320 1452 2412 praedictus

333 2450 510 2498 consensus
545 2428 633 2498 licite
668 2432 826 2523 praesumi
863 2439 978 2523 potest.
1018 2433 1055 2499 lu
1082 2431 1142 2500 bac
1167 2439 1274 2499 autem
1301 2430 1452 2520 opinione

333 2559 448 2605 verum
474 2558 603 2627 semper
627 2546 808 2605 remaneret
837 2537 1034 2628 principium
1065 2536 1146 2604 illud
1178 2535 1327 2627 generale
1358 2564 1365 2604 :
1399 2557 1452 2627 pro
1512 2591 1513 2624 ,

334 2645 530 2736 quibusdam
566 2651 705 2731 tentum,
746 2665 810 2712 non
841 2666 902 2735 pro
928 2645 1080 2712 omnibus
1114 2643 1255 2712 Romani
1287 2643 1453 2711 Pontificis
1512 2651 1513 2692 ι

335 2751 597 2843 disciplinaribus
624 2751 772 2839 decretis,
797 2752 954 2842 praesumi
977 2773 1070 2842 posse
1094 2772 1303 2836 consensum,
1326 2751 1371 2819 de
1394 2771 1454 2842 quo

338 2861 477 2948 agimus.

848 3066 869 3156 ᾖ
891 3065 947 3132 111.

339 3284 378 3332 Αιι
403 3283 520 3330 teneatur
545 3279 689 3344 Episcopus
714 3277 932 3344 supplicationem
958 3279 990 3330 ad
1018 3291 1147 3330 summum
1167 3277 1320 3330 Pontificem
1337 3278 1455 3344 dirigere,

536 3369 640 3433 quaudo
657 3383 710 3420 non
726 3371 845 3434 acceptat
861 3369 945 3432 legem
959 3367 1072 3433 aliquam
1089 3368 1258 3434 pontificiam.

385 3613 618 3685 Pranotondo.
636 3653 681 3668 -
703 3619 736 3683 1⁰
757 3615 982 3706 Suppouimus
1007 3613 1127 3702 legem,
1144 3633 1219 3705 quae
1234 3635 1301 3681 nou
1314 3621 1456 3705 accepta·
1510 3637 1511 3710 ι

341 3733 395 3792 tur
415 3723 457 3792 ab
477 3723 648 3815 Episcopo,
670 3743 740 3790 esse
761 3721 801 3789 de
818 3742 956 3789 numero
970 3742 1097 3806 earum,
1114 3741 1196 3811 quas
1207 3741 1358 3787 summus
1374 3721 1456 3789 Pon·

341 3833 422 3901 tifex
454 3834 569 3900 merito
598 3833 810 3924 praesumitur
840 3832 926 3900 nolle
959 3831 1067 3898 statim
1098 3828 1326 3918 obligatoriam
1357 3830 1456 3898 lacere

341 3942 405 4009 nisi
444 3948 637 4032 acceptetur.
681 3938 836 4031 Reliquas
875 3939 963 4005 enim
1001 3959 1068 4006 non
1097 3936 1170 4004 licet
1205 3937 1365 4028 Episcopo
1396 3957 1455 4003 uon

342 4056 519 4141 acceptare.

387 4169 420 4231 2⁰
434 4163 528 4246 Quod
550 4162 688 4230 dicimus
704 4161 757 4229 bic
772 4160 813 4229 de
836 4160 997 4251 Episcopo
1012 4160 1053 4229 ad
1069 4160 1298 4252 disputationis
1316 4182 1456 4230 commo·
