3022 4950
298 495 336 562 48
649 519 824 565 rarcrams
846 521 884 566 or
907 517 1061 568 rainerius

297 657 397 748 hujus
428 657 620 744 auctoritas3
652 659 708 728 sed
731 681 872 730 erescere
898 661 1019 730 iterum
1047 661 1118 731 visa
1144 670 1191 729 est
1221 657 1416 730 duodecimo

298 763 419 834 saeeulo
434 794 441 845 ;
466 787 531 857 quo
550 777 696 858 tempore
716 790 792 841 eum
807 768 966 838 Bononiae
986 778 1018 837 et
1031 769 1108 837 alibi
1122 769 1273 861 deinceps
1286 769 1416 860 publice

193 921 199 934 1
296 873 330 939 in
358 871 469 940 sohola
495 871 741 964 explanaretur;
774 876 873 967 recipi
904 877 939 944 in
969 876 1041 945 loro
1063 899 1122 968 per
1151 876 1277 945 ltaliam
1303 876 1414 968 erepit.

297 981 403 1063 Quem
425 1003 523 1048 usum
539 979 660 1050 saeeulo
683 980 810 1052 decimo
832 984 927 1052 tertio
950 983 1054 1052 Gallia
1073 993 1105 1052 et
1123 984 1282 1074 Hispania
1301 983 1416 1052 subse·

171 1141 176 1148 .
296 1099 380 1158 outae
409 1095 497 1157 sunt.
523 1089 575 1158 Ad
599 1089 811 1158 Germaniam
836 1099 946 1160 autem
968 1113 1010 1159 an
1037 1101 1212 1160 extensum
1239 1091 1339 1160 luerit
1360 1093 1417 1183 jus

293 1197 373 1265 illud
394 1197 464 1288 jam
481 1206 628 1290 tempore
643 1198 788 1267 Lotharii
802 1199 1020 1292 imperatoris,
1038 1201 1071 1268 id
1088 1209 1137 1269 est
1153 1199 1274 1269 saeeulo
1290 1201 1417 1270 duode-

294 1306 392 1393 cimo,
409 1329 451 1374 an
466 1315 595 1376 tantum
609 1306 729 1376 saeculo
745 1307 875 1376 decimo
888 1308 1014 1400 quinto,
1032 1308 1199 1400 disputant
1214 1309 1345 1378 eruditi.

339 1414 446 1506 llujus
471 1410 550 1505 ergo
569 1413 765 1484 collectionis
789 1437 867 1483 eum
881 1415 1034 1507 frequens
1049 1416 1090 1484 eit
1105 1439 1186 1486 usus
1201 1417 1235 1484 in
1247 1417 1418 1508 jurispru-

295 1525 405 1593 dentia
433 1524 532 1592 etiam
554 1524 719 1612 canoniea,
746 1524 867 1616 quibus
889 1525 1036 1616 partibus
1061 1534 1195 1612 oonstet,
1220 1535 1252 1594 et
1278 1547 1343 1618 qua
1360 1549 1419 1594 ra-

295 1633 381 1702 tione
411 1631 581 1701 ordinetur
609 1641 641 1700 et
667 1631 801 1722 allegari
821 1633 933 1720 soleat,
960 1655 1049 1702 nuno
1072 1633 1218 1703 breviter
1245 1641 1292 1702 est
1311 1633 1419 1703 adno-

295 1741 444 1810 tandum.

806 1959 826 2049 a
855 1959 915 2029 1v.

621 2173 657 2222 De
677 2184 787 2236 corpore
800 2171 864 2236 juris
885 2169 967 2222 civilis
984 2173 1092 2222 romani.

339 2399 466 2490 Corpus
491 2397 576 2488 juris
603 2394 707 2463 civilis
733 2403 874 2486 quatuor
903 2394 1067 2486 praeoipne
1090 2395 1237 2486 partibus
1261 2404 1412 2464 constat:
1507 2373 1508 2446 l

299 2511 330 2574 1ο
358 2506 499 2596 Digestis
532 2527 589 2573 seu
618 2502 806 2582 Pandeetis;
841 2503 1183 2582 2⁰1nstituti0nibus;
1213 2508 1245 2570 3ο
1275 2503 1412 2580 Codioe;

297 2613 541 2684 l⁰Autl1entieo
556 2612 781 2680 seuNovellis.
807 2613 867 2679 llis
887 2611 989 2679 additi
1004 2621 1081 2680 sunt
1103 2611 1200 2702 longo
1216 2622 1288 2703 post
1308 2613 1416 2682 lusti-
1506 2693 1507 2700 p

297 2722 434 2790 nianum
448 2729 595 2811 tempore
609 2719 674 2787 duo
690 2719 768 2788 libri
784 2718 824 2787 de
842 2719 973 2788 Feudis.

345 2831 376 2895 1⁰
397 2827 483 2909 Quid
510 2826 680 2895 Pandeotae
710 2849 766 2894 seu
797 2826 932 2916 Digesta
960 2836 992 2895 et
1011 2825 1177 2919 quomodo
1201 2826 1336 2918 allegari
1360 2851 1415 2897 so·

295 2940 392 3007 leant.
404 2975 449 2988 -·
459 2935 633 3005 Pandectae
649 2957 797 3026 graecum
811 2957 945 3022 nomen,
962 2936 1181 3026 compositum
1197 2938 1290 3012 ὲπᾱν,
1304 2957 1411 3020 omne,

297 3059 328 3116 et
351 3059 475 3135 δεχομαι,
493 3046 600 3138 capio,
620 3046 696 3114 huie
720 3045 824 3114 civilis
845 3045 930 3136 juris
950 3045 1033 3136 parti
1055 3044 1182 3112 videtur
1203 3044 1303 3113 luisse
1321 3045 1415 3114 indi-

298 3171 382 3246 tum,
406 3157 493 3251 quod
518 3178 616 3224 omne
632 3155 687 3248 jus
706 3155 878 3247 antiquum
895 3154 1168 3252 eomprehendat
1196 3154 1414 3246 Appellantur

297 3268 399 3336 etiam
414 3266 560 3357 Diqesta,
574 3263 709 3355 eoquod
725 3285 799 3356 quae
817 3263 876 3332 hac
891 3263 925 3331 in
941 3275 1032 3354 parte
1044 3264 1264 3348 continentur,
1278 3265 1413 3333 contusa

298 3378 402 3469 prius,
423 3376 457 3442 in
483 3373 634 3442 ordinem
650 3371 827 3464 quemdem
851 3382 882 3438 et
904 3371 1094 3440 lucidiorem
1121 3371 1263 3440 formam
1287 3372 1412 3463 digesta
1504 3379 1505 3408 ³

298 3485 375 3570 sint,
402 3482 435 3550 id
462 3490 521 3566 est,
540 3480 709 3571 disposita.
732 3477 933 3570 Quandoque
948 3480 1045 3547 etiam
1066 3478 1236 3548 Pandectae
1253 3489 1412 3550 vocantur

302 3589 412 3660 Codes
431 3589 523 3681 juris
547 3587 717 3668 enucleati,
747 3585 840 3677 eujus
867 3585 1010 3654 nominis
1039 3587 1120 3654 ratio
1143 3587 1242 3655 fuisse
1267 3588 1410 3676 videtur,

298 3699 384 3790 quod
410 3697 456 3765 ibi
479 3696 685 3786 negotiorum
709 3693 911 3763 definitiones
935 3703 967 3761 et
992 3693 1166 3762 divisiones
1190 3705 1222 3762 et
1246 3703 1313 3764 tota
1324 3695 1414 3787 juris

297 3808 379 3877 ratio
395 3807 559 3874 enucleate
578 3805 683 3893 magis
702 3825 802 3894 quant
824 3802 1001 3870 incaeteris
1020 3801 1166 3892 partibus
1181 3803 1410 3874 exhibeantur.

341 3916 530 4004 Desumptae
559 3921 636 3980 suut
663 3910 834 3978 Pandeetae
863 3933 904 3978 ex
931 3917 1079 3977 veterum
1098 3909 1412 4000 jurisconsultorum

265 4047 268 4053 ·
297 4025 401 4111 libris,
434 4031 465 4088 et
492 4019 664 4096 immensis
690 4019 835 4108 antiquae
873 4015 1141 4108 jurisprudentia
1171 4017 1408 4090 voluminibus.
1502 4027 1503 4047 ¹

297 4131 533 4222 Corripilatores
547 4136 657 4196 autem
681 4125 886 4210 lastinianei,
912 4147 977 4193 non
997 4135 1094 4216 prout
1118 4125 1287 4194 exstabant
1304 4135 1411 4198 textus

220 4220 224 4234 i
298 4239 448 4333 antiquos
474 4235 624 4323 retulere,
644 4223 709 4302 'sed
737 4257 796 4326 pro
825 4233 960 4300 arbitrio
989 4241 1045 4300 aut
1073 4231 1259 4323 adjecerunt
1281 4244 1337 4304 aut
1358 4236 1410 4306 de·
1501 4321 1502 4334 ἵ
