3068 4948
345 525 407 588 tlt
697 539 871 588 concarrus
896 540 932 587 aa
956 539 1109 588 rnrncrrns

350 679 523 749 «tradidit
551 679 695 748 Thomas
721 681 891 766 stubbius,
919 691 955 750 ut
980 682 1080 750 refert
1164 681 1319 749 blabillon
1347 679 1400 770 (lle
1423 703 1450 746 re

349 818 365 856 a
389 789 610 882 diplomatica,
626 789 712 858 libro
725 789 768 877 ll,
784 811 813 857 c.
834 793 887 876 tt,
902 811 934 856 n.
954 794 971 855 7
988 797 1019 858 et
1033 791 1129 881 sep).

394 925 411 964 a
434 897 529 968 Unde
543 919 585 966 ex
600 919 662 965 usu
675 896 799 989 duplex
815 906 964 967 servatur
980 897 1099 966 modus
1115 895 1279 966 scribendi
1294 918 1352 988 per
1367 917 1452 963 sunr-

348 1038 364 1075 α
389 1029 461 1074 moa
479 1003 675 1074 Pontifices:
694 1005 775 1072 alter
793 1005 863 1072 sine
885 1005 993 1095 sigillo
1015 1005 1184 1098 plumbeo,
1200 1015 1232 1074 et
1252 1005 1305 1072 hae
1332 1003 1451 1096 pagina

349 1114 508 1184 «Brevia
537 1115 706 1200 dicuutnr3
735 1113 817 1181 alter
846 1135 921 1181 cum
951 1113 1153 1206 appositione
1179 1111 1277 1208 sigilli
1303 1111 1451 1203 plumbei,

348 1253 364 1290 a
387 1249 462 1316 quae
480 1245 553 1292 vere
568 1222 664 1292 bulla
684 1229 927 1313 nuncupantur.
954 1249 970 1286 a

386 1333 478 1402 ldem
495 1330 668 1400 cardinalis
682 1331 777 1399 Petra
792 1339 965 1424 proutquam
983 1331 1136 1422 exposuit
1152 1330 1259 1420 sigillo
1274 1351 1374 1398 aureo
1389 1351 1454 1398 usos

343 1441 455 1527 luisse,
476 1462 542 1507 non
567 1447 693 1506 tautum
721 1439 935 1530 imperatores
958 1437 1157 1525 Germaniae,
1179 1438 1234 1506 aad
1257 1438 1358 1506 etiam
1381 1437 1454 1505 alia-

344 1571 419 1617 rum
443 1547 590 1637 gentium
617 1567 709 1636 reges
727 1555 759 1614 ct
782 1544 892 1632 duces,
911 1555 942 1614 et
965 1547 1179 1638 imperatores
1202 1545 1399 1632 Turcarum,
1416 1546 1454 1610 sic

344 1656 471 1725 disserit
484 1654 524 1723 de
537 1655 652 1723 eodem
668 1677 731 1722 usu
746 1654 834 1745 apud
851 1676 1001 1722 summos
1016 1653 1201 1723 Pontifices.

390 1791 406 1830 a
429 1764 562 1834 Summi
584 1785 712 1856 quoque
735 1763 909 1832 Pontifices
930 1763 1018 1831 hrrnc
1040 1785 1137 1831 usum
1160 1761 1347 1831 hahuerunt
1366 1761 1453 1832 bulla

347 1903 362 1938 a
387 1895 513 1959 aureae3
532 1882 567 1941 ut
578 1873 611 1940 in
629 1872 806 1964 diplomate
821 1895 886 1965 quo
898 1871 1051 1940 Clemens
1061 1873 1123 1942 Vll
1136 1872 1269 1941 titulum
1285 1872 1454 1942 defensoris

347 2010 363 2048 a
387 1981 463 2050 fidei
486 1981 622 2050 contulit
645 1981 785 2048 Hearioo
805 1981 884 2050 VIlI
908 1979 1036 2070 anglis
1063 1980 1132 2070 regi
1159 1981 1257 2048 larissa
1285 2001 1457 2077 appensam

348 2119 363 2156 a
386 2089 512 2158 bullam
532 2111 665 2158 auream
687 2094 822 2156 testatur
840 2087 1061 2179 Spclmannus
1072 2115 1081 2175 ;
1099 2089 1253 2180 quamvis
1272 2088 1454 2156 Dominicus

346 2225 361 2263 a
386 2197 577 2292 Raynaldus
595 2203 717 2264 asserat
736 2218 800 2264 non
828 2197 1034 2265 consuevisse
1056 2219 1201 2266 summos
1225 2196 1398 2264 Pontifices
1415 2193 1454 2261 uti

346 2335 362 2372 a
386 2307 474 2375 bulla
490 2328 588 2374 aurea
605 2305 668 2371 nisi
683 2305 717 2372 in
734 2303 981 2396 diplomatibus,
997 2305 1117 2396 qrribus
1132 2305 1305 2374 electiones
1323 2305 1453 2394 impera·

345 2442 361 2480 a
384 2423 493 2482 torum
515 2411 760 2480 confirmabant.
787 2439 804 2474 a
826 2411 923 2502 (Loco
943 2413 1066 2502 citato.)
1084 2412 1239 2482 blabillcn
1256 2425 1288 2480 et
1302 2413 1453 2480 Dulresne

339 2523 427 2589 idem
452 2519 564 2588 dicuat
586 2541 622 2588 ac
643 2519 806 2609 Raynald‚
822 2541 860 2586 ac
883 2519 1008 2587 addunt
1024 2541 1120 2588 usum
1135 2519 1234 2588 bullae
1249 2543 1361 2589 aureae
1377 2515 1453 2610 apud

340 2621 551 2718 imperatores
566 2626 750 2694 Germaniae
765 2627 936 2694 dumtaxat
950 2627 1152 2718 frequentem
1170 2627 1281 2695 fuisse.

388 2739 418 2802 l.
438 2734 531 2818 Quod
551 2755 630 2823 ergo
651 2733 818 2802 coustituit
832 2733 955 2802 bullam
978 2733 1012 2802 in
1028 2736 1152 2803 ratione
1166 2735 1280 2821 bullae,
1299 2745 1333 2803 et
1348 2734 1452 2804 distin-

341 2843 413 2932 guit
443 2842 573 2933 proprie
600 2863 671 2910 eam
694 2863 713 2908 a
737 2841 906 2928 brevibus,
936 2850 985 2908 est
1007 2841 1088 2910 illud
1111 2840 1257 2932 sigillum
1273 2842 1453 2934 plumbeum

219 3020 222 3026 ,
343 2952 429 3042 (raro
448 2951 594 3039 aureum)
620 2947 708 3040 quod
725 2947 788 3029 tilis
805 2949 917 3016 sericis
934 2948 984 3018 vel
1001 2949 1173 3018 cannabeis
1191 2948 1390 3017 membranae
1404 2971 1451 3038 ap·

342 3058 506 3151 penditur.

388 3169 473 3237 Sunt
490 3175 596 3235 tanuen
613 3176 643 3233 et
656 3165 728 3236 aliae
744 3165 935 3235 differentiae
950 3165 1057 3235 bullas
1067 3167 1152 3235 inter
1164 3168 1321 3255 abbrevia
1332 3195 1339 3235 :
1351 3171 1383 3235 l·
1394 3168 1454 3234 baec

342 3299 401 3367 pro
431 3274 621 3357 levioribus,
653 3273 718 3341 ittae
748 3296 807 3364 pru
837 3275 1046 3362 gravioribus
1076 3274 1214 3364 negotiis
1246 3274 1316 3342 dari
1348 3274 1452 3344 solent.

342 3391 376 3452 2ο
402 3383 519 3452 Brevia
539 3381 640 3449 latino
661 3381 800 3470 eleganti
816 3379 1014 3468 charactere,
1030 3381 1130 3450 bullae
1147 3382 1335 3452 charactere
1348 3382 1454 3470 longo·

340 3489 472 3561 bardica
500 3498 557 3558 aut
584 3487 745 3557 teutonico
774 3489 975 3557 scribuntur.
1007 3493 1040 3556 3⁰
1065 3491 1101 3556 ln
1130 3491 1285 3558 brevibus
1317 3497 1455 3558 servatur

342 3596 576 3687 orthographia
597 3593 783 3672 ordiuaria;
809 3596 841 3663 in
867 3595 967 3664 bullis
987 3617 1051 3664 non
1067 3595 1265 3666 adhibentur
1288 3607 1417 3688 puncta,
1430 3603 1455 3660 et

342 3707 426 3776 nihil
444 3705 577 3798 panitur
603 3705 645 3773 ad
671 3705 804 3790 lineam,
831 3727 889 3773 nec
914 3713 1065 3774 servatur
1085 3705 1320 3798 orthographia
1333 3706 1414 3775 sicut
1427 3705 1455 3770 in

342 3815 511 3886 brevibus.
537 3817 570 3880 l⁰
584 3811 689 3880 Bullae
714 3812 883 3902 incipiunt,
902 3813 979 3880 Pius
1001 3835 1112 3880 servus
1126 3835 1296 3881 sonorum
1309 3813 1381 3892 uei,
1399 3833 1456 3878 non

342 3925 377 3992 iu
393 3919 501 3990 medio
516 3930 548 3988 ct
563 3920 597 3986 iu
613 3919 719 3988 forma
733 3917 834 4004 tituli,
850 3919 905 3987 sed
921 3921 1057 4010 ecapite
1072 3919 1246 4007 versiculi;
1264 3923 1300 3987 in
1311 3919 1456 3989 brevibus

342 4054 421 4100 vcro
444 4027 633 4098 inscribitur
652 4027 713 4096 sub
737 4029 843 4096 forma
857 4028 956 4113 tituli,
982 4028 1061 4096 Pius
1077 4032 1172 4119 Papa
1191 4031 1246 4097 IX.
1269 4033 1301 4095 5⁰
1316 4028 1353 4096 ln
1369 4026 1456 4096 bullis

342 4143 416 4209 data
438 4137 593 4230 temporis
616 4135 791 4227 apponitur
814 4159 890 4204 cum
913 4136 1054 4224 longiori
1079 4136 1221 4205 formula
1252 4163 1258 4204 :
1286 4159 1361 4205 curn
1389 4135 1454 4202 brc-

341 4249 425 4320 viori
437 4248 473 4318 in
487 4247 652 4318 brevibus.
671 4251 705 4314 6⁰
724 4247 843 4315 Brevia
857 4245 1079 4337 expediuntur
1094 4269 1153 4336 per
1169 4244 1365 4314 cardinalem
1380 4265 1454 4312 ase·
