3042 4946
288 469 348 534 528
638 489 815 538 reserares
838 491 875 536 na
898 490 1053 538 rmucuus

285 629 381 698 babet
404 629 493 719 Papa
519 651 618 719 quam
644 629 751 698 caeteri
778 629 940 721 Episcopi.
968 630 1005 698 ln
1031 627 1224 698 celebrando
1244 627 1419 698 sacrificio

284 737 392 804 misser
412 758 478 804 non
502 736 574 827 plus
589 745 694 829 potest
706 736 915 829 Papatquoad
931 737 1131 806 validitatem
1145 757 1244 828 quam
1260 736 1417 828 simplex

282 843 463 934 presbyter.
493 843 573 912 item
603 845 637 912 in
664 843 869 912 conferendis
897 845 998 912 sacris
1026 841 1197 913 ordinibus
1224 852 1257 912 et
1287 843 1415 910 minis-

280 952 396 1020 tranda
416 951 661 1022 confirmatione
680 949 791 1020 valide
814 952 881 1040 agit
900 951 1038 1044 quilibet
1052 951 1230 1043 Episcopus
1251 972 1353 1041 arque
1370 973 1415 1018 ae

281 1059 351 1151 ipse
374 1059 473 1150 Papa.
490 1058 584 1128 Unde
601 1057 709 1150 quoad
723 1057 759 1126 id
771 1058 919 1128 Romano
939 1057 1089 1128 Pontifici
1102 1057 1244 1150 equales
1266 1059 1415 1128 omnino

283 1175 360 1236 sunt
380 1165 497 1258 reliqui
518 1187 631 1236 omnes
648 1165 810 1256 Episcopi.
834 1167 895 1234 Ast
917 1165 1065 1236 Romano
1085 1166 1242 1257 Episcopo
1266 1165 1414 1234 eontulit

283 1273 444 1360 Christus,
468 1273 565 1342 etiam
589 1273 723 1342 relau've
744 1272 784 1342 ad
808 1272 1024 1344 sacerdotium
1049 1295 1108 1342 seu
1128 1281 1317 1364 potestatem
1341 1297 1412 1342 or-

283 1383 381 1471 dinis,
410 1405 520 1452 veram
547 1382 771 1452 auctoritatem
796 1390 828 1450 et
856 1382 1115 1474 superioritatem
1146 1382 1208 1473 ipsi
1236 1383 1411 1452 exclusive

281 1491 459 1582 propriam.
484 1490 550 1581 lpsi
569 1512 686 1582 nempe
699 1490 837 1582 subjecit
851 1497 955 1559 totum
976 1489 1110 1581 hujusce
1124 1490 1288 1581 potcstatis
1301 1513 1409 1560 exer-

284 1599 419 1684 citium5
445 1599 489 1666 ita
505 1607 541 1666 ut
564 1597 819 1690 independenter
839 1598 881 1665 ab
896 1597 967 1689 ipsc
980 1597 1064 1667 nihil
1075 1597 1221 1689 ejusdem
1237 1600 1409 1690 potestatis

282 1706 379 1791 licite,
407 1715 438 1774 et
457 1706 568 1796 eliqua
587 1727 645 1774 nec
660 1706 779 1794 valide,
796 1730 817 1774 a
834 1705 961 1777 casuris
976 1707 1144 1798 Episcopis
1158 1714 1190 1774 et
1205 1707 1408 1798 presbyteris

282 1819 426 1887 exerceri
441 1817 597 1887 valerent.

327 1924 470 1994 Proinde
491 1925 599 1994 minus
619 1933 703 1994 recta
724 1947 761 1994 ac
787 1925 991 1996 considerate
1009 1948 1029 1992 a
1051 1924 1232 2012 nonnullis,
1257 1926 1404 2016 probate

283 2033 479 2124 ceteroquin
502 2041 534 2100 et
556 2032 721 2102 catholice
745 2033 918 2118 doctrine,
943 2033 1155 2123 scriptoribus
1177 2034 1346 2118 asseritur,
1371 2033 1405 2100 iu

283 2142 469 2213 hierarchia
489 2139 614 2210 ordinis
641 2163 705 2208 esse
728 2141 908 2232 Episcopos
937 2163 1047 2209 omncs
1072 2144 1221 2209 Romano
1248 2141 1407 2230 Pontifici

283 2252 432 2344 «equales.
452 2249 634 2342 AEquivoca
649 2258 697 2317 est
708 2271 745 2316 ae
758 2248 938 2340 periculosa
953 2247 1024 2317 herc
1036 2249 1180 2316 assertio.
1199 2247 1364 2316 Nimirum
1374 2249 1406 2315 si

283 2383 342 2453 per
368 2357 582 2428 hierarchiam
605 2356 729 2425 ordinis
749 2356 949 2446 intelligatur
969 2356 1151 2425 hierarchia
1172 2356 1239 2444 illa,
1266 2357 1405 2447 Episco-
1505 2373 1506 2378 ’

282 2471 333 2562 pis
358 2467 554 2561 presbyteris
573 2476 604 2535 et
628 2465 785 2535 ministris
806 2474 969 2552 constans,
992 2488 1090 2557 quam
1111 2465 1272 2536 Dominus
1285 2489 1323 2533 ae
1336 2467 1404 2534 Re·

282 2577 431 2666 demptor
453 2581 562 2642 noster
583 2573 732 2642 Christus
751 2572 905 2658 instituit,
927 2571 1045 2640 ialsum
1068 2581 1116 2640 cst
1129 2595 1202 2642 eam
1219 2573 1402 2642 institutam

257 2689 262 2700 '
281 2683 383 2756 luisse
405 2683 526 2775 absque
546 2681 715 2773 superiore
734 2690 766 2749 et
785 2682 888 2773 capite
906 2682 1056 2751 Romano
1074 2665 1242 2768 Pontifici,
1262 2682 1321 2776 qui
1339 2682 1402 2772 ipsi

282 2789 466 2882 presideat,
481 2810 617 2880 eamque
639 2797 738 2857 totam
754 2810 828 2856 cum
846 2788 942 2880 plena
955 2797 1109 2879 potestate
1126 2796 1246 2879 pascat,
1262 2797 1357 2876 regat
1369 2798 1401 2857 et

280 2898 451 2986 gubernet.
478 2899 558 2965 Item
586 2895 703 2964 falsum
727 2903 775 2966 cst
794 2904 929 2966 ceteros
948 2896 1123 2987 Episcopos
1146 2895 1255 2986 quoad
1275 2895 1402 2964 ordinis

280 3013 466 3097 potestatem
487 3004 599 3072 divino
614 3004 688 3093 jure
714 3024 779 3074 non
794 3001 894 3070 luisse
908 3003 1058 3071 Romano
1070 3002 1230 3095 Episcopo
1243 3011 1401 3094 tanquam

281 3112 443 3204 superiori
458 3133 495 3180 ac
507 3130 660 3202 supremo
675 3109 802 3178 Pastori
819 3109 991 3200 subjectos.

324 3223 509 3292 Pnorosrrro
528 3224 574 3286 7².
595 3222 820 3288 -Romanus
842 3218 997 3309 Pontisee
1023 3231 1070 3288 est
1092 3220 1252 3311 supuior,
1274 3225 1345 3289 lter
1370 3233 1401 3290 et

279 3343 379 3422 copul
407 3329 556 3398 omnium
585 3326 837 3419 Episcopum,
869 3324 934 3396 siue
972 3325 1116 3409 divisim,
1148 3329 1214 3396 sice
1239 3329 1402 3398 collective
1504 3381 1505 3418 ,

280 3449 498 3531 sumptorum.
516 3471 560 3488 -
576 3433 692 3504 Noster
708 3432 760 3501 hie
779 3455 895 3523 scopus
911 3455 977 3502 non
992 3443 1040 3502 est
1055 3433 1176 3525 dogma
1189 3436 1276 3504 istud
1292 3437 1401 3528 (prout
1504 3427 1505 3432 ἵ

279 3555 311 3618 et
334 3545 398 3614 alia
417 3542 681 3631 commemorata)
703 3541 835 3633 proprie
857 3541 941 3610 dicta
964 3541 1155 3632 probatione
1174 3542 1326 3632 firmare,
1343 3544 1400 3614 scd

280 3661 406 3722 tantum
430 3651 551 3718 cursim
577 3647 731 3718 adnotare
755 3657 910 3739 tanquam
933 3649 1067 3717 omnino
1091 3658 1229 3738 cenum,
1257 3660 1290 3720 et
1311 3654 1399 3743 apud

249 3817 254 3822 .
279 3768 426 3830 auctores
444 3757 617 3827 catholicos
632 3756 846 3848 peremptorie
860 3755 1133 3826 demonstratum.
1150 3757 1243 3828 Illam
1258 3758 1400 3828 Romani

280 3866 444 3938 Pontificis
470 3866 507 3934 in
528 3865 700 3934 universos
718 3863 907 3955 Episcopos,
933 3865 1030 3933 etiam
1051 3865 1216 3936 collective
1236 3879 1397 3959 sumptos,

280 3974 539 4067 superioritatem
565 3995 602 4040 ac
627 3993 814 4062 supremam
837 3973 1060 4052 auctoritatem
1082 3975 1221 4064 probant
1236 3975 1398 4068 imprimis

281 4107 297 4151 e
321 4081 462 4150 textibus
480 4078 687 4168 evangelicis.
704 4079 795 4146 Dixit
813 4079 908 4148 lesus
930 4080 1049 4150 Petro:
1069 4081 1140 4150 Tibi
1151 4079 1236 4150 dude
1250 4085 1394 4153 claues...

283 4187 451 4280 Quidquid
476 4187 627 4277 liqoveris
643 4212 699 4270 ...,-
714 4190 814 4256 Pasce
834 4210 937 4277 cyrios
961 4211 1059 4272 meos,
1071 4211 1173 4280 posce
1190 4213 1262 4260 over
1284 4215 1374 4262 meas
1382 4219 1396 4280 ,·
