3050 4946
325 435 386 502 llo
674 457 848 503 nocemus
871 457 908 502 nn
931 457 1085 503 carnotens

322 596 409 664 enim
430 594 572 664 Victoris
590 595 788 664 Turonensis
805 596 958 666 claruisse
979 597 1099 666 dicitur
1117 619 1203 666 anno
1223 603 1297 664 547.
1316 599 1344 666 E·
1359 599 1438 666 vivis

321 713 430 772 eutem
455 713 635 771 excesserat
659 725 745 774 anno
773 709 849 790 551,
878 727 952 772 cnm
977 705 1151 774 Facundus
1182 706 1435 790 Hermionensis,

323 810 379 900 qui
407 809 468 878 hoc
496 832 583 878 enno
612 811 740 903 scripsit
768 834 829 903 pro
858 811 1046 880 defensione
1076 813 1177 881 trium
1208 813 1436 903 capitulorum,

321 918 526 986 Ferrandum
541 919 680 1010 appellet
697 919 776 1010 (cap.
798 921 830 1010 3)
846 919 1023 988 laudabilis
1036 923 1145 989 virum
1160 922 1339 990 memorie.
1360 923 1438 990 Bre-

320 1026 421 1094 viatio
443 1047 605 1094 canonum
628 1027 786 1096 Ferrandi
811 1029 951 1116 diaconi,
977 1051 1053 1096 oum
1070 1029 1197 1097 caeteris
1211 1030 1283 1119 ejus
1297 1030 1435 1120 scriptis,

251 1149 255 1164 ⁴
321 1137 444 1204 inserta
458 1142 506 1201 est
520 1143 607 1202 tomo
623 1133 670 1205 lX
684 1135 894 1205 Bibliothecae
910 1137 1059 1205 Petrum.

366 1243 438 1310 Non
462 1241 603 1309 servevit
630 1241 816 1312 Ferrendus
839 1249 1040 1335 synodorum
1061 1245 1208 1314 ordinem
1232 1245 1436 1334 chronologi-

324 1373 411 1438 cum,
428 1371 486 1418 nec
509 1351 605 1418 etiam
627 1371 664 1418 ea
687 1374 761 1443 qum
786 1360 862 1420 sunt
877 1351 1022 1442 ejusdem
1037 1352 1165 1422 concilii
1179 1352 1277 1420 simul
1294 1353 1434 1444 descrip

320 1459 379 1544 sit3
403 1460 472 1546 sed,
496 1461 605 1529 habita
628 1461 837 1530 materiarum
863 1460 999 1544 ratione,
1022 1460 1210 1528 canonicam
1230 1458 1432 1550 disciplinam

322 1567 424 1634 titulis
447 1571 511 1634 232
529 1569 719 1660 complexus
742 1578 811 1651 est;
836 1575 867 1633 et
889 1566 950 1633 snb
964 1566 1066 1634 titulis
1080 1589 1220 1634 canones
1234 1589 1299 1634 non
1315 1567 1430 1654 retulit,

322 1673 378 1742 sed
409 1673 566 1744 indicavit
601 1683 738 1744 tantum.
781 1673 885 1743 Omne
921 1673 1113 1742 canonicum
1141 1676 1209 1764 jus,
1240 1674 1352 1764 paucis
1379 1698 1432 1742 ex-

322 1783 434 1873 ceptis,
469 1783 511 1850 ad
545 1805 700 1874 personas
733 1781 895 1850 revocavit
924 1782 984 1850 boc
1009 1781 1136 1866 ordine,
1169 1789 1205 1850 nt
1231 1783 1340 1872 primo
1369 1781 1430 1849 loco

321 1891 466 1982 posuerit
480 1913 555 1983 quse
570 1890 611 1958 ad
629 1891 815 1981 Episcopus,
833 1889 1038 1980 presbyteros
1051 1897 1082 1956 et
1094 1888 1258 1975 diaconos,
1277 1898 1349 1957 tnm
1364 1913 1428 1980 qun

320 1998 361 2066 ad
385 2020 498 2066 omnes
522 1999 620 2066 simul
646 1997 791 2085 clericos,
819 1997 951 2065 tandem
977 2021 1050 2089 quae
1075 1997 1265 2066 adelericus
1288 1997 1429 2064 simulac

322 2107 421 2175 laicos
445 2117 588 2198 spectare
612 2105 682 2174 visa
708 2115 795 2174 sunt.
825 2105 1068 2195 Nonnunquam
1101 2105 1212 2196 plures
1235 2127 1375 2172 canones
1399 2103 1428 2169 in

321 2236 426 2283 unum
451 2213 598 2300 contulit,
624 2222 656 2281 et
678 2212 853 2304 aliquando
876 2234 1038 2281 canonum
1066 2235 1241 2280 numerum
1258 2221 1316 2280 ant
1330 2211 1428 2280 omisit

321 2330 377 2390 aut
401 2321 554 2390 mendose
578 2321 766 2411 assignavit.
794 2322 866 2389 Duo
890 2331 1017 2388 tantum
1041 2321 1141 2411 hujus
1156 2320 1369 2389 breviationis
1382 2343 1426 2387 co-

321 2430 407 2498 dices
431 2430 585 2500 hectenus
608 2431 733 2501 inventi
747 2440 835 2516 sunt,
852 2430 1021 2499 Trecansis
1035 2453 1151 2521 nempe
1165 2439 1197 2496 et
1208 2429 1423 2513 Corbeiensis;

321 2561 361 2605 ex
387 2539 506 2628 quibus
529 2539 627 2606 simul
653 2538 776 2607 collatis
798 2539 934 2607 conflata
948 2547 995 2607 est
1010 2539 1108 2608 editio
1126 2562 1201 2630 qnae
1217 2549 1305 2608 tomo
1318 2539 1364 2607 lX
1379 2538 1428 2605 ui-

321 2645 490 2716 bliotbecce
506 2648 642 2717 Petrum
656 2647 776 2716 inserta
791 2657 849 2716 est.

758 3023 901 3094 CAPUT
926 3025 1016 3106 Vll.⁸

318 3261 356 3307 DE
382 3261 584 3308 contemtlone
607 3261 663 3307 SEU
684 3261 837 3306 contrusus
859 3262 885 3306 8.
913 3263 1041 3308 Mbll'l'lltl
1064 3263 1264 3310 belemensis
1292 3261 1422 3323 nnlsaorr,

753 3376 872 3424 SAEiCUDO
895 3378 1004 3424 SEXTO.

362 3625 458 3692 Hunc
476 3623 510 3689 in
530 3621 698 3690 Pannonia
713 3629 822 3690 ortum
842 3631 977 3691 testatur
990 3634 1119 3692 sanctus
1135 3625 1314 3714 Gregorius
1329 3626 1425 3693 Tum·

318 3730 428 3800 nensis
454 3730 549 3820 (Hist
572 3729 786 3817 Francorum,
802 3729 825 3798 l.
851 3735 882 3817 5,
900 3754 928 3799 c.
948 3731 1015 3820 38).
1035 3733 1085 3800 Ex
1098 3733 1283 3820 Pannonio,
1300 3734 1340 3802 ad
1354 3732 1426 3802 visi-

316 3841 415 3911 tanda
435 3837 505 3906 loce
525 3845 647 3924 sancta,
675 3839 710 3905 in
738 3836 903 3906 Orientem
929 3840 1087 3930 migrans,
1117 3863 1241 3930 graecas
1262 3842 1383 3912 litteras
1400 3849 1427 3908 et

316 3951 453 4041 optimas
476 3943 624 4012 scientias
651 3944 771 4013 ibidem
798 3947 951 4015 excoluit.
985 3947 1035 4016 En
1058 3947 1188 4017 Oriente
1211 3949 1245 4017 in
1266 3949 1425 4018 Galliciam

315 4055 451 4147 trajecit,
495 4051 603 4141 ibique
638 4059 821 4120 constructo
858 4054 1028 4122 Dumiensi
1061 4055 1257 4125 Monasterio
1290 4057 1424 4148 primurn

315 4162 447 4256 proluit
480 4187 487 4226 :
528 4166 599 4226 tum
634 4158 776 4228 ecclesias
812 4160 981 4229 Dumiensi
1012 4164 1204 4255 Episcopus,
1238 4164 1425 4255 tandemque
