3050 4946
515 503 597 553 mais
618 505 769 554 cuuomcs.
1123 491 1198 557 ’435

78 640 201 710 nostris
223 641 423 733 temporibus
445 655 477 710 et
499 644 671 736 Dionysius
695 645 885 728 monachus,
905 647 1031 738 chtlto
1055 648 1200 731 natione,

77 752 137 820 sed
148 753 294 821 moribus
309 754 444 821 omnino
460 757 640 836 Romanus,
657 757 691 823 in
715 767 857 848 utraque
883 758 997 847 linqua
1018 757 1113 826 valde
1127 759 1204 828 doc·

77 862 264 930 tissimus...
281 862 346 946 Qui
358 863 549 954 Scripturas
560 862 689 932 divinas
701 877 797 932 tanta
809 865 998 933 curiositate
1009 866 1203 935 discusserat

75 983 180 1061 atque
190 971 408 1051 intellexerat,
423 983 463 1038 ut
478 969 701 1064 undecumque
716 973 941 1064 interroqatus
953 974 1079 1064 ficisset,
1092 997 1201 1066 para-

75 1091 152 1146 tum
170 1079 304 1147 haberet
318 1091 501 1170 competens
515 1079 582 1146 sine
597 1079 712 1170 aliqua
736 1080 896 1150 dilatione
916 1103 1107 1172 responsum
1121 1085 1203 1174 :qui

74 1209 207 1255 meeum
229 1186 434 1266 dialecticam
460 1187 549 1276 leqit,
574 1199 604 1253 et
628 1187 664 1254 in
686 1189 834 1279 ecemplo
861 1188 997 1279 qloriosi
1019 1189 1204 1279 maqisten'i

66 1296 240 1388 plurimos
266 1319 368 1366 annos
395 1297 501 1365 uitam
525 1318 622 1364 uram
655 1298 796 1366 Domino
821 1311 999 1388 praestante
1029 1297 1197 1388 transeqit.

72 1405 185 1474 Pudet
199 1429 252 1474 me
267 1405 306 1474 de
320 1417 465 1474 consorte
480 1405 584 1474 dicere
598 1405 689 1498 quod
701 1407 737 1474 in
754 1429 806 1474 me
820 1431 941 1500 nequeo
956 1409 1107 1500 reperire.
1123 1408 1199 1475 Fuit

72 1514 166 1582 enim
180 1515 214 1581 in
230 1515 285 1582 illo
302 1537 378 1582 cum
397 1499 558 1606 sapientia
583 1536 708 1604 maqnu
729 1515 934 1608 simplicitas,
952 1538 1027 1583 cum
1050 1515 1199 1584 doctrina

70 1623 260 1703 humilitas,
279 1620 524 1713 cum’sacundia
540 1620 695 1712 loquendi
700 1623 852 1712 parcitas
871 1636 931 1691 :ut
946 1623 983 1690 in
998 1622 1089 1690 nullo
1103 1623 1201 1690 secel

71 1731 231 1798 entrcmis
254 1729 392 1820 famulis
417 1731 602 1820 anteferret,
632 1751 708 1796 cum
735 1729 855 1820 diqnus
881 1744 960 1800 esset
988 1751 1104 1820 requm
1130 1731 1200 1797 sine

70 1837 279 1906 dubitatione
307 1836 485 1928 colloquiis.
515 1836 712 1904 Interveniat
734 1860 801 1927 pro
834 1838 926 1906 nobis
950 1838 1008 1929 qui
1031 1838 1199 1905 nobiscum

71 1969 172 2015 orare
187 1957 435 2014 consueuerat...
458 1945 524 2027 (loti
534 1945 657 2034 petitus
674 1968 695 2011 a
711 1947 883 2036 Steplsano
898 1946 1098 2014 Salonitano
1112 1947 1198 2038 Epi-

68 2076 183 2144 scopo,
202 2077 242 2120 esc
256 2053 370 2142 quaeis
393 2051 635 2140 ccemplaribus
656 2075 792 2120 canones
813 2054 1037 2121 ecclesiasticos
1053 2054 1199 2121 moribus

68 2163 141 2230 suis
165 2175 202 2229 ut
222 2173 292 2229 erat
314 2163 440 2253 planus
465 2172 565 2250 atque
590 2159 739 2244 disertus,
762 2183 893 2250 moqnee
919 2161 1109 2252 eloquentia
1129 2163 1199 2228 luce

69 2272 267 2364 composuit,
300 2294 379 2362 quos
408 2269 506 2338 leodic
535 2291 597 2337 usu
632 2269 836 2337 celeberrimo
868 2271 1013 2338 Ecclesia
1046 2273 1197 2338 Romana

68 2378 311 2469 complectitur.
340 2381 406 2446 Eos
429 2377 530 2444 etiam
555 2387 682 2467 oportet
710 2400 765 2444 uos
792 2376 922 2444 assidue
944 2377 1057 2466 lepore,
1082 2399 1123 2444 ne
1147 2376 1199 2443 vi-

66 2487 220 2555 deamini
244 2499 314 2553 tam
339 2486 500 2551 salutares
526 2484 754 2552 ecclesiasticas
767 2485 911 2574 requlas
934 2483 1096 2574 iqnorure.
1122 2484 1197 2552 Alia

66 2617 200 2685 quoque
222 2594 329 2662 merliu
346 2616 385 2661 eu
405 2613 510 2682 qrnco
535 2593 705 2660 transtulit
729 2593 764 2660 in
786 2593 1032 2684 latinumque
1056 2593 1199 2661 utilitati

57 2713 208 2792 possunt
220 2701 372 2769 Ecclesia
386 2700 565 2768 convenire.
587 2700 652 2782 Qui
667 2713 763 2768 tanta
780 2701 959 2769 latinitatis
973 2713 1004 2769 et
1018 2700 1197 2791 praecitatis

60 2810 193 2902 peritia
205 2809 418 2900 sunqebatur,
437 2820 473 2874 ut
489 2829 706 2898 quoscumque
728 2807 827 2876 libros
848 2831 968 2903 qraecos
986 2810 1022 2875 in
1042 2809 1196 2878 manibus

65 2919 247 3009 acciperet,
280 2918 383 2984 latine
411 2916 479 2983 sine
513 2914 684 3006 offusione
722 2910 959 2984 transmiserat
967 2942 982 2998 ,·
1000 2907 1196 3009 'iterumque

64 3025 193 3092 latinos
205 3023 305 3091 attico
317 3043 463 3090 sermone
476 3023 605 3112 leqeret,
619 3035 657 3089 ut
669 3022 810 3090 crederes
825 3024 886 3091 ltoc
897 3046 962 3091 esse
974 3024 1195 3115 conscriptum
1245 3096 1248 3102 ,

64 3131 161 3226 quod
175 3153 209 3199 os
225 3134 297 3222 ejus
310 3131 466 3221 inoffertso
481 3131 650 3198 velocitate
665 3131 834 3220 [tendebat.

112 3241 316 3330 Dionysiana
337 3239 480 3308 collectio
505 3241 538 3306 in
568 3239 648 3306 duas
672 3250 779 3330 partes
805 3235 1032 3331 distinguitur,
1049 3264 1192 3333 quarum

62 3351 171 3419 altera
198 3348 401 3440 synodorum
429 3371 580 3435 canones,
607 3349 708 3416 altera
734 3350 963 3419 Romanorum
991 3349 1190 3419 Pontificum

62 3459 222 3552 epistolas
241 3458 479 3550 complectitur.

111 3569 222 3638 Priori
244 3571 328 3662 parti
349 3571 489 3660 praetixa
506 3576 553 3637 est
573 3569 708 3660 epistola
731 3571 969 3660 nuncupatoria
991 3569 1031 3638 ad
1053 3568 1192 3661 Stepha-

61 3701 151 3748 num
168 3677 364 3769 Episcopum
386 3664 615 3744 Ssilonitatum.
633 3679 669 3745 ln
686 3701 751 3769 qua
769 3679 816 3746 sic
831 3675 870 3745 de
889 3700 986 3769 opere
1006 3700 1065 3746 suo
1080 3678 1190 3770 loqui-

61 3799 121 3857 tur
142 3787 281 3877 ipsemet
300 3784 476 3876 Dionysius
496 3811 503 3850 :
523 3785 672 3853 Uonones
695 3787 752 3876 qui
776 3784 931 3853 dicuntur
947 3786 1188 3876 Apostolorum,

59 3900 102 3968 de
128 3918 235 3986 qraco
259 3894 497 3974 transtulimus,
517 3895 632 3985 quibus
652 3895 730 3985 quia
753 3894 897 3985 plurimi
917 3917 1107 3963 consensum
1125 3919 1189 3963 non

56 4004 234 4097 prebuere
244 4004 388 4093 facilem,
401 4003 461 4070 ltoc
476 4003 584 4092 ipsum
597 4013 738 4071 vestram
754 4003 920 4071 noluimus
929 4005 1082 4094 iquorare
1092 4025 1187 4071 sanc-

61 4117 210 4182 titatem.
228 4111 352 4180 ande
371 4113 501 4201 requlas
515 4113 657 4184 Nicaeum
679 4111 806 4204 synodi,
823 4125 854 4179 et
877 4111 1024 4204 deinceps
1039 4113 1188 4180 omnium

61 4220 292 4302 conciliorum,
312 4221 377 4286 sive
401 4241 473 4310 qua
494 4231 570 4286 ante
591 4243 676 4302 eam,
692 4221 758 4287 sive
779 4242 852 4310 quae
871 4218 1085 4310 postmodum
1098 4222 1191 4310 sacta
