3050 4946
560 509 643 558 sams
665 497 821 556 conamen

641 844 741 936 5111.

128 1053 197 1103 Num
209 1053 384 1102 Romanorum
399 1049 553 1102 Pontificum
564 1049 711 1102 decretales
722 1049 838 1114 epistole
851 1050 971 1117 inunum
990 1050 1111 1102 codicem
1124 1064 1176 1102 nne
1191 1065 1251 1102 enm

162 1141 307 1192 canonibus
330 1140 441 1192 Nicoenis
461 1143 487 1191 et
506 1139 704 1191 Serdioensibus
734 1141 821 1190 reletae
844 1143 871 1190 et
896 1138 972 1189 edite
994 1139 1100 1203 tuerint,
1124 1144 1150 1190 et
1170 1154 1203 1191 en
1225 1139 1251 1190 id

162 1232 338 1284 necessarium
356 1229 434 1282 tuerit
450 1233 478 1282 nt
497 1231 551 1281 istae
571 1229 715 1280 decretales
734 1228 786 1278 vim
810 1228 875 1293 legis
897 1227 1047 1280 universatis
1067 1229 1184 1281 obtinere
1205 1245 1251 1295 po·

162 1322 269 1373 tuerint.

177 1531 331 1600 Affirmat
342 1531 535 1615 Quesnellus
547 1531 592 1619 (in
604 1529 745 1598 editione
755 1529 901 1621 Operum
914 1527 948 1599 S.
962 1529 1090 1616 Leonis,
1101 1528 1178 1598 diss.
1196 1533 1249 1619 tt,

129 1661 160 1706 c.
181 1639 227 1728 2),
245 1647 276 1706 et
295 1638 484 1730 opinionem
505 1661 600 1706 suem
623 1638 761 1731 probare
784 1645 920 1706 conetur
941 1637 991 1705 his
1010 1638 1112 1706 sensti
1133 1637 1251 1707 Leonis

130 1745 269 1813 verbis:
295 1748 344 1816 Ne
366 1745 448 1836 qnid
465 1767 539 1812 vero
562 1744 604 1812 sit
628 1743 719 1836 quod
735 1733 995 1836 pretermissum
1015 1767 1037 1812 a
1056 1743 1147 1814 nabis
1166 1747 1254 1836 sorte

131 1853 297 1936 credatur,
310 1855 424 1922 amnia
435 1853 610 1923 decretalia
623 1853 810 1935 constituta,
824 1867 893 1921 tam
908 1853 1009 1922 beate
1019 1852 1254 1922 recordationis

135 1961 324 2040 innocentii,
351 1984 452 2052 paam
479 1961 629 2029 omnium
654 1959 854 2028 decessorum
883 1973 1084 2041 nostrornm,
1114 1984 1186 2052 qua
1212 1961 1252 2030 de

133 2069 351 2137 ecclesiasticis
385 2068 648 2138 ordinationibus
678 2081 710 2136 et
738 2091 899 2137 canonum
934 2069 1150 2160 pramnlpata
1176 2085 1253 2140 sant

131 2175 323 2268 disciplinis,
341 2177 390 2245 ita
403 2200 425 2245 a
441 2189 547 2244 vestra
569 2176 742 2245 dilectione
765 2175 923 2244 custodiri
946 2175 1156 2256 mandamus,
1175 2190 1213 2244 nt
1226 2177 1255 2244 si

133 2285 206 2376 qais
222 2285 256 2352 in
266 2285 325 2353 illa
341 2285 550 2371 commiserit,
564 2287 694 2353 veniam
708 2284 771 2352 sibi
783 2281 931 2375 deinceps
943 2283 1071 2352 noverit
1085 2283 1252 2374 deneqari.

135 2393 250 2484 (Epist.
278 2397 310 2478 d,
331 2391 373 2461 ad
395 2393 572 2484 Episcopos
597 2391 802 2483 Compeniae,
828 2390 939 2459 Piceni
965 2399 997 2457 et
1022 2390 1176 2481 Tusciae.)
1203 2392 1254 2460 Ex

134 2501 196 2569 hoc
221 2509 312 2570 textu
333 2501 378 2568 sic
404 2502 512 2590 arguit
537 2499 761 2582 Quosnellns:
789 2501 872 2568 Cum
896 2499 965 2566 lanc
990 2497 1149 2566 scribebat
1174 2502 1251 2582 Leo,

132 2609 337 2677 convertebat
356 2608 475 2677 mentis
496 2608 627 2676 ocnlnm
643 2607 677 2673 in
692 2629 730 2674 ea
751 2606 931 2674 Innocentii
948 2604 1076 2673 decreta
1097 2627 1170 2696 que
1192 2608 1254 2675 lra-

133 2715 250 2783 bentur
264 2716 300 2782 in
315 2716 468 2806 Epistola
480 2714 526 2782 ad
545 2713 732 2783 Victriciam
748 2713 1053 2802 nordomapemem,
1068 2723 1099 2779 et
1113 2713 1255 2781 alteram

133 2822 182 2890 ad
199 2821 388 2891 Macedones
410 2822 629 2913 Episcopos...
647 2823 689 2888 At
711 2819 875 2912 quamodo
897 2818 1062 2910 ejusmodi
1080 2818 1255 2888 decretalia

134 2931 310 2998 constituta
332 2931 368 2996 in
389 2928 579 2997 remotiores
597 2929 785 2997 Galliarum
800 2939 916 3018 partes
931 2941 961 2996 et
977 2928 1013 2995 in
1028 2927 1255 2996 Macedoniam

134 3038 247 3118 missa,
265 3037 359 3105 Italis
373 3038 423 3105 ita
438 3048 518 3104 nota
536 3058 599 3103 esse
613 3048 810 3127 potuerunt,
828 3046 866 3102 ut
885 3035 926 3103 iis
936 3035 1154 3126 promulpata
1169 3034 1255 3104 dice-

133 3157 260 3222 rentur,
277 3144 455 3235 iisdemque
474 3154 659 3210 tenerentur
681 3142 823 3233 absequi,
846 3141 910 3209 nisi
925 3141 1060 3233 publico
1081 3153 1112 3209 et
1130 3156 1257 3234 recepta

139 3251 254 3320 Codici
271 3253 512 3321 insererentur?

183 3359 247 3427 Sed
267 3359 584 3450 argumentationem
609 3357 692 3425 hene
713 3355 879 3438 Quesnelli
895 3357 1018 3426 nullius
1039 3379 1174 3447 prorsus
1188 3381 1258 3428 esse

135 3469 264 3537 roboris
285 3468 331 3535 sic
354 3466 528 3535 adstruunt
552 3465 667 3532 fratres
689 3464 873 3532 Bellenini:
896 3490 911 3528 a
933 3464 1019 3532 Setis
1038 3466 1259 3556 pramulqata

141 3605 159 3642 «
183 3575 249 3644 dici
271 3583 448 3666 potuerunt
466 3573 580 3641 omnia
599 3571 779 3640 innocentii
795 3579 826 3639 et
848 3571 1121 3662 praedecessorem
1147 3573 1258 3642 deere-

142 3711 160 3748 «
184 3682 270 3768 telio,
293 3704 330 3749 eo
356 3679 457 3772 quod,
484 3678 525 3747 ed
552 3677 691 3768 alicujus
714 3677 787 3744 licet
810 3677 1058 3768 provinciarum
1084 3677 1259 3772 Episcopos

142 3819 160 3857 e
183 3791 331 3881 primum
348 3787 482 3875 directe,
500 3783 638 3856 subinde
659 3795 770 3852 temen
787 3784 860 3852 eliis
880 3795 977 3876 etque
1000 3785 1072 3852 eliis
1088 3785 1258 3880 Episcopis

142 3928 160 3966 e
183 3898 437 3982 communicata,
454 3917 491 3963 eo
513 3903 578 3963 toto
600 3893 679 3961 orbe
704 3892 850 3983 disperse
870 3892 972 3961 inere.
989 3893 1076 3961 Cum
1095 3895 1256 3966 nimirum

143 4035 160 4074 e
183 4005 357 4075 Pontifices
382 4003 423 4072 ed
450 4001 640 4095 qnempiam
668 4000 906 4092 Episcoporum
931 4000 1060 4069 decreto
1087 4003 1259 4073 mittebant

144 4139 258 4207 equae
288 4113 443 4182 omnibus
473 4111 547 4180 usui
580 4133 649 4178 esse
680 4108 812 4195 vellent,
840 4109 985 4178 solebant
1022 4109 1200 4202 precipere
1222 4120 1259 4181 nt

144 4251 161 4294 a
184 4223 299 4292 eedem
314 4220 388 4289 aliis
403 4226 500 4310 etque
516 4217 589 4286 eliis
609 4238 668 4308 per
682 4216 804 4285 litteras
825 4215 1158 4286 communimrentun.
1176 4221 1259 4289 Hinc
