<?xml version="1.0" encoding="UTF-8"?>
<!DOCTYPE html PUBLIC "-//W3C//DTD XHTML 1.0 Transitional//EN"
    "http://www.w3.org/TR/xhtml1/DTD/xhtml1-transitional.dtd">
<html xmlns="http://www.w3.org/1999/xhtml" xml:lang="en" lang="en">
 <head>
  <title>
</title>
<meta http-equiv="Content-Type" content="text/html;charset=utf-8" />
  <meta name='ocr-system' content='tesseract 3.04.00' />
  <meta name='ocr-capabilities' content='ocr_page ocr_carea ocr_par ocr_line ocrx_word'/>
</head>
<body>
  <div class='ocr_page' id='page_1' title='image "./tractatusdeprin00bouigoog_0038.png"; bbox 0 0 3022 4950; ppageno 0'>
   <div class='ocr_carea' id='block_1_1' title="bbox 517 495 1203 558">
    <p class='ocr_par' dir='ltr' id='par_1_1' title="bbox 517 495 1203 558">
     <span class='ocr_line' id='line_1_1' title="bbox 517 495 1203 558; baseline 0.009 -6"><span class='ocrx_word' id='word_1_1' title='bbox 517 507 600 554; x_wconf 83' lang='lat' dir='ltr'><strong>rums</strong></span> <span class='ocrx_word' id='word_1_2' title='bbox 622 509 772 556; x_wconf 75' lang='lat' dir='ltr'><strong>canonici.</strong></span> <span class='ocrx_word' id='word_1_3' title='bbox 1163 495 1203 558; x_wconf 78' lang='lat'><strong>23</strong></span> 
     </span>
    </p>
   </div>
   <div class='ocr_carea' id='block_1_2' title="bbox 16 647 1205 1478">
    <p class='ocr_par' dir='ltr' id='par_1_2' title="bbox 16 647 1205 1478">
     <span class='ocr_line' id='line_1_2' title="bbox 85 647 1204 742; baseline 0.011 -29"><span class='ocrx_word' id='word_1_4' title='bbox 85 647 189 714; x_wconf 90' lang='lat' dir='ltr'><strong>Porro</strong></span> <span class='ocrx_word' id='word_1_5' title='bbox 198 648 253 737; x_wconf 86' lang='lat' dir='ltr'><strong>jus</strong></span> <span class='ocrx_word' id='word_1_6' title='bbox 271 671 369 718; x_wconf 91' lang='lat' dir='ltr'><strong>omne</strong></span> <span class='ocrx_word' id='word_1_7' title='bbox 384 649 472 741; x_wconf 84' lang='lat' dir='ltr'><strong>quod</strong></span> <span class='ocrx_word' id='word_1_8' title='bbox 487 657 615 718; x_wconf 90' lang='lat' dir='ltr'><strong>nonest</strong></span> <span class='ocrx_word' id='word_1_9' title='bbox 630 649 820 741; x_wconf 83' lang='lat' dir='ltr'><strong>positivum,</strong></span> <span class='ocrx_word' id='word_1_10' title='bbox 837 652 872 720; x_wconf 90' lang='lat' dir='ltr'><strong>iu</strong></span> <span class='ocrx_word' id='word_1_11' title='bbox 884 651 940 742; x_wconf 83' lang='lat' dir='ltr'><strong>jus</strong></span> <span class='ocrx_word' id='word_1_12' title='bbox 954 653 1102 722; x_wconf 82' lang='lat' dir='ltr'><strong>naturaie</strong></span> <span class='ocrx_word' id='word_1_13' title='bbox 1116 654 1204 724; x_wconf 81' lang='lat' dir='ltr'><strong>reie-</strong></span> 
     </span>
     <span class='ocr_line' id='line_1_3' title="bbox 84 755 1202 854; baseline 0.009 -34"><span class='ocrx_word' id='word_1_14' title='bbox 84 755 224 824; x_wconf 90' lang='lat' dir='ltr'><strong>rendum</strong></span> <span class='ocrx_word' id='word_1_15' title='bbox 237 766 297 826; x_wconf 89' lang='lat' dir='ltr'><strong>est.</strong></span> <span class='ocrx_word' id='word_1_16' title='bbox 314 756 491 828; x_wconf 82' lang='lat' dir='ltr'><strong>Excedam</strong></span> <span class='ocrx_word' id='word_1_17' title='bbox 506 757 695 828; x_wconf 78' lang='lat' dir='ltr'><strong>delinitione</strong></span> <span class='ocrx_word' id='word_1_18' title='bbox 718 765 828 850; x_wconf 85' lang='lat' dir='ltr'><strong>patent</strong></span> <span class='ocrx_word' id='word_1_19' title='bbox 839 759 924 850; x_wconf 85' lang='lat' dir='ltr'><strong>juris</strong></span> <span class='ocrx_word' id='word_1_20' title='bbox 942 761 1030 835; x_wconf 87' lang='lat' dir='ltr'><strong>illius</strong></span> <span class='ocrx_word' id='word_1_21' title='bbox 1045 763 1202 854; x_wconf 83' lang='lat' dir='ltr'><strong>praecipui</strong></span> 
     </span>
     <span class='ocr_line' id='line_1_4' title="bbox 84 864 1203 960; baseline 0.009 -32"><span class='ocrx_word' id='word_1_22' title='bbox 84 871 118 929; x_wconf 86' lang='lat' dir='ltr'><strong>et</strong></span> <span class='ocrx_word' id='word_1_23' title='bbox 145 864 269 956; x_wconf 86' lang='lat' dir='ltr'><strong>proprii</strong></span> <span class='ocrx_word' id='word_1_24' title='bbox 301 865 512 934; x_wconf 74' lang='lat' dir='ltr'><strong>characteres.</strong></span> <span class='ocrx_word' id='word_1_25' title='bbox 543 865 600 934; x_wconf 86' lang='lat' dir='ltr'><strong>Est</strong></span> <span class='ocrx_word' id='word_1_26' title='bbox 626 866 746 934; x_wconf 89' lang='lat' dir='ltr'><strong>scilicet</strong></span> <span class='ocrx_word' id='word_1_27' title='bbox 772 876 945 954; x_wconf 74' lang='lat' dir='ltr'><strong>aternum,</strong></span> <span class='ocrx_word' id='word_1_28' title='bbox 980 878 1140 960; x_wconf 87' lang='lat' dir='ltr'><strong>quatenus</strong></span> <span class='ocrx_word' id='word_1_29' title='bbox 1162 893 1203 938; x_wconf 80' lang='lat' dir='ltr'><strong>ex</strong></span> 
     </span>
     <span class='ocr_line' id='line_1_5' title="bbox 85 973 1205 1062; baseline 0.009 -24"><span class='ocrx_word' id='word_1_30' title='bbox 85 979 208 1042; x_wconf 75' lang='lat' dir='ltr'><strong>aeterna</strong></span> <span class='ocrx_word' id='word_1_31' title='bbox 223 995 334 1042; x_wconf 91' lang='lat' dir='ltr'><strong>rerum</strong></span> <span class='ocrx_word' id='word_1_32' title='bbox 350 975 489 1042; x_wconf 75' lang='lat' dir='ltr'><strong>essentia</strong></span> <span class='ocrx_word' id='word_1_33' title='bbox 501 973 626 1060; x_wconf 89' lang='lat' dir='ltr'><strong>fluens;</strong></span> <span class='ocrx_word' id='word_1_34' title='bbox 645 983 693 1042; x_wconf 89' lang='lat' dir='ltr'><strong>est</strong></span> <span class='ocrx_word' id='word_1_35' title='bbox 706 973 920 1062; x_wconf 78' lang='lat' dir='ltr'>immutabile,</span> <span class='ocrx_word' id='word_1_36' title='bbox 939 976 982 1046; x_wconf 94' lang='lat' dir='ltr'><strong>ob</strong></span> <span class='ocrx_word' id='word_1_37' title='bbox 993 977 1205 1048; x_wconf 88' lang='lat' dir='ltr'><strong>essentiarum</strong></span> 
     </span>
     <span class='ocr_line' id='line_1_6' title="bbox 16 1077 1204 1173; baseline 0.008 -30"><span class='ocrx_word' id='word_1_38' title='bbox 16 1151 17 1154; x_wconf 8' lang='grc' dir='ltr'><strong>Ἴ</strong></span> <span class='ocrx_word' id='word_1_39' title='bbox 88 1077 404 1167; x_wconf 67' lang='lat' dir='ltr'><strong>immutabilitatem</strong></span> <span class='ocrx_word' id='word_1_40' title='bbox 422 1088 470 1150; x_wconf 89' lang='lat' dir='ltr'><strong>est</strong></span> <span class='ocrx_word' id='word_1_41' title='bbox 493 1081 655 1168; x_wconf 91' lang='lat' dir='ltr'><strong>divinum,</strong></span> <span class='ocrx_word' id='word_1_42' title='bbox 682 1089 753 1150; x_wconf 92' lang='lat' dir='ltr'><strong>tum</strong></span> <span class='ocrx_word' id='word_1_43' title='bbox 777 1083 854 1173; x_wconf 89' lang='lat' dir='ltr'><strong>quia</strong></span> <span class='ocrx_word' id='word_1_44' title='bbox 875 1085 1021 1152; x_wconf 78' lang='lat' dir='ltr'><strong>essentiae</strong></span> <span class='ocrx_word' id='word_1_45' title='bbox 1044 1107 1157 1153; x_wconf 89' lang='lat' dir='ltr'><strong>omnes</strong></span> <span class='ocrx_word' id='word_1_46' title='bbox 1170 1085 1204 1155; x_wconf 91' lang='lat' dir='ltr'><strong>iu</strong></span> 
     </span>
     <span class='ocr_line' id='line_1_7' title="bbox 16 1175 1205 1285; baseline 0.013 -37"><span class='ocrx_word' id='word_1_47' title='bbox 16 1175 17 1248; x_wconf 55' lang='lat' dir='ltr'><strong>i</strong></span> <span class='ocrx_word' id='word_1_48' title='bbox 89 1196 160 1256; x_wconf 90' lang='lat' dir='ltr'><strong>ente</strong></span> <span class='ocrx_word' id='word_1_49' title='bbox 183 1188 296 1258; x_wconf 84' lang='lat' dir='ltr'><strong>divino</strong></span> <span class='ocrx_word' id='word_1_50' title='bbox 319 1214 416 1260; x_wconf 90' lang='lat' dir='ltr'><strong>suum</strong></span> <span class='ocrx_word' id='word_1_51' title='bbox 437 1191 687 1260; x_wconf 80' lang='lat' dir='ltr'><strong>tundamentum</strong></span> <span class='ocrx_word' id='word_1_52' title='bbox 709 1191 842 1280; x_wconf 86' lang='lat' dir='ltr'><strong>habent,</strong></span> <span class='ocrx_word' id='word_1_53' title='bbox 866 1201 937 1262; x_wconf 91' lang='lat' dir='ltr'><strong>tum</strong></span> <span class='ocrx_word' id='word_1_54' title='bbox 958 1194 1036 1285; x_wconf 85' lang='lat' dir='ltr'><strong>quia</strong></span> <span class='ocrx_word' id='word_1_55' title='bbox 1055 1193 1205 1264; x_wconf 88' lang='lat' dir='ltr'><strong>voluntas</strong></span> 
     </span>
     <span class='ocr_line' id='line_1_8' title="bbox 90 1298 1204 1395; baseline 0.006 -30"><span class='ocrx_word' id='word_1_56' title='bbox 90 1298 158 1384; x_wconf 85' lang='lat' dir='ltr'><strong>Dei,</strong></span> <span class='ocrx_word' id='word_1_57' title='bbox 177 1305 289 1390; x_wconf 88' lang='lat' dir='ltr'><strong>utpote</strong></span> <span class='ocrx_word' id='word_1_58' title='bbox 303 1301 518 1369; x_wconf 75' lang='lat' dir='ltr'><strong>essentialiter</strong></span> <span class='ocrx_word' id='word_1_59' title='bbox 540 1309 572 1370; x_wconf 90' lang='lat' dir='ltr'><strong>et</strong></span> <span class='ocrx_word' id='word_1_60' title='bbox 590 1301 718 1369; x_wconf 84' lang='lat' dir='ltr'><strong>infinite</strong></span> <span class='ocrx_word' id='word_1_61' title='bbox 739 1311 825 1370; x_wconf 88' lang='lat' dir='ltr'><strong>recta</strong></span> <span class='ocrx_word' id='word_1_62' title='bbox 848 1311 879 1370; x_wconf 91' lang='lat' dir='ltr'><strong>et</strong></span> <span class='ocrx_word' id='word_1_63' title='bbox 905 1312 1026 1391; x_wconf 88' lang='lat' dir='ltr'><strong>sancta,</strong></span> <span class='ocrx_word' id='word_1_64' title='bbox 1047 1303 1103 1395; x_wconf 85' lang='lat' dir='ltr'><strong>jus</strong></span> <span class='ocrx_word' id='word_1_65' title='bbox 1123 1304 1204 1374; x_wconf 91' lang='lat' dir='ltr'><strong>illud</strong></span> 
     </span>
     <span class='ocr_line' id='line_1_9' title="bbox 89 1407 808 1478; baseline 0.008 -6"><span class='ocrx_word' id='word_1_66' title='bbox 89 1407 157 1474; x_wconf 87' lang='lat' dir='ltr'><strong>vult</strong></span> <span class='ocrx_word' id='word_1_67' title='bbox 171 1415 203 1476; x_wconf 87' lang='lat' dir='ltr'><strong>et</strong></span> <span class='ocrx_word' id='word_1_68' title='bbox 222 1409 399 1478; x_wconf 85' lang='lat' dir='ltr'><strong>necessario</strong></span> <span class='ocrx_word' id='word_1_69' title='bbox 415 1433 475 1478; x_wconf 87' lang='lat' dir='ltr'><strong>sua</strong></span> <span class='ocrx_word' id='word_1_70' title='bbox 488 1410 677 1478; x_wconf 89' lang='lat' dir='ltr'><strong>auctoritate</strong></span> <span class='ocrx_word' id='word_1_71' title='bbox 689 1409 808 1478; x_wconf 89' lang='lat' dir='ltr'><strong>firmat.</strong></span> 
     </span>
    </p>
   </div>
   <div class='ocr_carea' id='block_1_3' title="bbox 16 1525 1209 2590">
    <p class='ocr_par' dir='ltr' id='par_1_3' title="bbox 16 1525 1209 2590">
     <span class='ocr_line' id='line_1_10' title="bbox 132 1525 1204 1620; baseline 0.008 -30"><span class='ocrx_word' id='word_1_72' title='bbox 132 1527 163 1592; x_wconf 80' lang='grc'><strong>6.</strong></span> <span class='ocrx_word' id='word_1_73' title='bbox 182 1525 243 1594; x_wconf 89' lang='lat' dir='ltr'><strong>lus</strong></span> <span class='ocrx_word' id='word_1_74' title='bbox 258 1527 408 1596; x_wconf 85' lang='lat' dir='ltr'><strong>naturale</strong></span> <span class='ocrx_word' id='word_1_75' title='bbox 429 1549 527 1595; x_wconf 87' lang='lat' dir='ltr'><strong>sensu</strong></span> <span class='ocrx_word' id='word_1_76' title='bbox 542 1526 685 1618; x_wconf 87' lang='lat' dir='ltr'><strong>quodam</strong></span> <span class='ocrx_word' id='word_1_77' title='bbox 708 1525 860 1595; x_wconf 79' lang='lat' dir='ltr'><strong>strictiori</strong></span> <span class='ocrx_word' id='word_1_78' title='bbox 883 1536 968 1596; x_wconf 88' lang='lat' dir='ltr'><strong>recte</strong></span> <span class='ocrx_word' id='word_1_79' title='bbox 989 1525 1133 1596; x_wconf 64' lang='lat' dir='ltr'><strong>definiri</strong></span> <span class='ocrx_word' id='word_1_80' title='bbox 1147 1552 1204 1620; x_wconf 87' lang='lat' dir='ltr'><strong>po-</strong></span> 
     </span>
     <span class='ocr_line' id='line_1_11' title="bbox 89 1634 1206 1726; baseline 0.004 -26"><span class='ocrx_word' id='word_1_81' title='bbox 89 1639 159 1718; x_wconf 85' lang='lat' dir='ltr'><strong>test,</strong></span> <span class='ocrx_word' id='word_1_82' title='bbox 185 1635 367 1725; x_wconf 73' lang='lat' dir='ltr'><strong>complexio</strong></span> <span class='ocrx_word' id='word_1_83' title='bbox 393 1634 633 1726; x_wconf 65' lang='lat' dir='ltr'><strong>obligationum</strong></span> <span class='ocrx_word' id='word_1_84' title='bbox 651 1634 829 1702; x_wconf 82' lang='lat' dir='ltr'><strong>necessario</strong></span> <span class='ocrx_word' id='word_1_85' title='bbox 853 1657 875 1702; x_wconf 87' lang='lat' dir='ltr'><strong>a</strong></span> <span class='ocrx_word' id='word_1_86' title='bbox 902 1635 1069 1704; x_wconf 84' lang='lat' dir='ltr'><strong>uoluntate</strong></span> <span class='ocrx_word' id='word_1_87' title='bbox 1092 1635 1206 1705; x_wconf 81' lang='lat' dir='ltr'><strong>diuina</strong></span> 
     </span>
     <span class='ocr_line' id='line_1_12' title="bbox 16 1741 1204 1837; baseline 0.003 -29"><span class='ocrx_word' id='word_1_88' title='bbox 16 1803 17 1826; x_wconf 64' lang='lat'><strong>.</strong></span> <span class='ocrx_word' id='word_1_89' title='bbox 90 1741 220 1810; x_wconf 81' lang='lat' dir='ltr'><strong>domini</strong></span> <span class='ocrx_word' id='word_1_90' title='bbox 240 1745 484 1837; x_wconf 81' lang='lat' dir='ltr'><strong>imposituram.</strong></span> <span class='ocrx_word' id='word_1_91' title='bbox 511 1745 549 1812; x_wconf 94' lang='lat' dir='ltr'><strong>ln</strong></span> <span class='ocrx_word' id='word_1_92' title='bbox 573 1765 671 1813; x_wconf 87' lang='lat' dir='ltr'><strong>sensu</strong></span> <span class='ocrx_word' id='word_1_93' title='bbox 690 1743 846 1812; x_wconf 84' lang='lat' dir='ltr'><strong>strictiori</strong></span> <span class='ocrx_word' id='word_1_94' title='bbox 866 1765 964 1835; x_wconf 89' lang='lat' dir='ltr'><strong>quem</strong></span> <span class='ocrx_word' id='word_1_95' title='bbox 992 1744 1204 1829; x_wconf 88' lang='lat' dir='ltr'><strong>intendimus,</strong></span> 
     </span>
     <span class='ocr_line' id='line_1_13' title="bbox 16 1850 1207 1946; baseline 0.004 -29"><span class='ocrx_word' id='word_1_96' title='bbox 16 1899 17 1902; x_wconf 63' lang='lat'>,</span> <span class='ocrx_word' id='word_1_97' title='bbox 91 1850 244 1940; x_wconf 81' lang='lat' dir='ltr'><strong>obligatio</strong></span> <span class='ocrx_word' id='word_1_98' title='bbox 260 1875 326 1922; x_wconf 91' lang='lat' dir='ltr'><strong>non</strong></span> <span class='ocrx_word' id='word_1_99' title='bbox 339 1852 529 1944; x_wconf 85' lang='lat' dir='ltr'><strong>designatur</strong></span> <span class='ocrx_word' id='word_1_100' title='bbox 548 1853 631 1942; x_wconf 87' lang='lat' dir='ltr'><strong>legis</strong></span> <span class='ocrx_word' id='word_1_101' title='bbox 651 1852 795 1938; x_wconf 86' lang='lat' dir='ltr'><strong>nominc,</strong></span> <span class='ocrx_word' id='word_1_102' title='bbox 816 1851 880 1920; x_wconf 92' lang='lat' dir='ltr'><strong>nisi</strong></span> <span class='ocrx_word' id='word_1_103' title='bbox 895 1861 1056 1944; x_wconf 87' lang='lat' dir='ltr'><strong>quatenns</strong></span> <span class='ocrx_word' id='word_1_104' title='bbox 1071 1877 1090 1922; x_wconf 92' lang='lat' dir='ltr'><strong>a</strong></span> <span class='ocrx_word' id='word_1_105' title='bbox 1108 1877 1207 1946; x_wconf 86' lang='lat' dir='ltr'><strong>snpe-</strong></span> 
     </span>
     <span class='ocr_line' id='line_1_14' title="bbox 90 1957 1207 2052; baseline 0.004 -28"><span class='ocrx_word' id='word_1_106' title='bbox 90 1959 176 2026; x_wconf 90' lang='lat' dir='ltr'><strong>riore</strong></span> <span class='ocrx_word' id='word_1_107' title='bbox 200 1961 429 2029; x_wconf 83' lang='lat' dir='ltr'><strong>communitati</strong></span> <span class='ocrx_word' id='word_1_108' title='bbox 453 1961 621 2052; x_wconf 84' lang='lat' dir='ltr'><strong>imposita3</strong></span> <span class='ocrx_word' id='word_1_109' title='bbox 648 1981 747 2050; x_wconf 90' lang='lat' dir='ltr'><strong>porro</strong></span> <span class='ocrx_word' id='word_1_110' title='bbox 762 1957 839 2028; x_wconf 92' lang='lat' dir='ltr'><strong>huic</strong></span> <span class='ocrx_word' id='word_1_111' title='bbox 855 1959 1007 2028; x_wconf 86' lang='lat' dir='ltr'><strong>strictiori</strong></span> <span class='ocrx_word' id='word_1_112' title='bbox 1023 1962 1207 2052; x_wconf 36' lang='lat' dir='ltr'><strong>:acceptioni</strong></span> 
     </span>
     <span class='ocr_line' id='line_1_15' title="bbox 91 2067 1206 2160; baseline 0.003 -26"><span class='ocrx_word' id='word_1_113' title='bbox 91 2067 206 2135; x_wconf 86' lang='lat' dir='ltr'><strong>satisfit</strong></span> <span class='ocrx_word' id='word_1_114' title='bbox 231 2091 290 2160; x_wconf 87' lang='lat' dir='ltr'><strong>per</strong></span> <span class='ocrx_word' id='word_1_115' title='bbox 313 2067 432 2137; x_wconf 88' lang='lat' dir='ltr'><strong>dictam</strong></span> <span class='ocrx_word' id='word_1_116' title='bbox 447 2069 689 2153; x_wconf 82' lang='lat' dir='ltr'><strong>definitionem3</strong></span> <span class='ocrx_word' id='word_1_117' title='bbox 708 2068 884 2136; x_wconf 88' lang='lat' dir='ltr'><strong>intervenit</strong></span> <span class='ocrx_word' id='word_1_118' title='bbox 897 2069 985 2136; x_wconf 90' lang='lat' dir='ltr'><strong>enim</strong></span> <span class='ocrx_word' id='word_1_119' title='bbox 999 2069 1206 2158; x_wconf 82' lang='lat' dir='ltr'><strong>legislatoris,</strong></span> 
     </span>
     <span class='ocr_line' id='line_1_16' title="bbox 91 2174 1208 2269; baseline 0.006 -29"><span class='ocrx_word' id='word_1_120' title='bbox 91 2195 208 2266; x_wconf 87' lang='lat' dir='ltr'><strong>nempe</strong></span> <span class='ocrx_word' id='word_1_121' title='bbox 229 2176 290 2244; x_wconf 89' lang='lat' dir='ltr'><strong>Dei</strong></span> <span class='ocrx_word' id='word_1_122' title='bbox 307 2175 469 2262; x_wconf 87' lang='lat' dir='ltr'><strong>voluntas,</strong></span> <span class='ocrx_word' id='word_1_123' title='bbox 485 2175 700 2264; x_wconf 88' lang='lat' dir='ltr'><strong>obligationes</strong></span> <span class='ocrx_word' id='word_1_124' title='bbox 719 2174 877 2266; x_wconf 87' lang='lat' dir='ltr'><strong>quasdam</strong></span> <span class='ocrx_word' id='word_1_125' title='bbox 902 2177 1083 2246; x_wconf 88' lang='lat' dir='ltr'><strong>necessario</strong></span> <span class='ocrx_word' id='word_1_126' title='bbox 1102 2180 1208 2269; x_wconf 86' lang='lat' dir='ltr'><strong>impo-</strong></span> 
     </span>
     <span class='ocr_line' id='line_1_17' title="bbox 91 2284 1207 2378; baseline 0.006 -31"><span class='ocrx_word' id='word_1_127' title='bbox 91 2303 181 2350; x_wconf 88' lang='lat' dir='ltr'><strong>nens.</strong></span> <span class='ocrx_word' id='word_1_128' title='bbox 201 2284 271 2352; x_wconf 86' lang='lat' dir='ltr'><strong>lllae</strong></span> <span class='ocrx_word' id='word_1_129' title='bbox 292 2305 369 2352; x_wconf 87' lang='lat' dir='ltr'><strong>vero</strong></span> <span class='ocrx_word' id='word_1_130' title='bbox 382 2284 596 2374; x_wconf 82' lang='lat' dir='ltr'><strong>obligationes</strong></span> <span class='ocrx_word' id='word_1_131' title='bbox 612 2285 733 2352; x_wconf 83' lang='lat' dir='ltr'><strong>eaedem</strong></span> <span class='ocrx_word' id='word_1_132' title='bbox 748 2292 836 2370; x_wconf 90' lang='lat' dir='ltr'><strong>sunt,</strong></span> <span class='ocrx_word' id='word_1_133' title='bbox 853 2284 893 2352; x_wconf 89' lang='lat' dir='ltr'><strong>dc</strong></span> <span class='ocrx_word' id='word_1_134' title='bbox 915 2285 1035 2376; x_wconf 90' lang='lat' dir='ltr'><strong>quibus</strong></span> <span class='ocrx_word' id='word_1_135' title='bbox 1056 2285 1090 2352; x_wconf 92' lang='lat' dir='ltr'><strong>in</strong></span> <span class='ocrx_word' id='word_1_136' title='bbox 1104 2287 1207 2378; x_wconf 91' lang='lat' dir='ltr'><strong>priori</strong></span> 
     </span>
     <span class='ocr_line' id='line_1_18' title="bbox 92 2389 1209 2484; baseline 0.004 -27"><span class='ocrx_word' id='word_1_137' title='bbox 92 2389 294 2478; x_wconf 82' lang='lat' dir='ltr'><strong>definitione,</strong></span> <span class='ocrx_word' id='word_1_138' title='bbox 323 2415 439 2484; x_wconf 86' lang='lat' dir='ltr'><strong>nempe</strong></span> <span class='ocrx_word' id='word_1_139' title='bbox 465 2415 539 2484; x_wconf 87' lang='lat' dir='ltr'><strong>quae</strong></span> <span class='ocrx_word' id='word_1_140' title='bbox 567 2413 609 2460; x_wconf 84' lang='lat' dir='ltr'><strong>err</strong></span> <span class='ocrx_word' id='word_1_141' title='bbox 634 2413 746 2460; x_wconf 87' lang='lat' dir='ltr'><strong>rerum</strong></span> <span class='ocrx_word' id='word_1_142' title='bbox 772 2392 912 2460; x_wconf 86' lang='lat' dir='ltr'><strong>essentie</strong></span> <span class='ocrx_word' id='word_1_143' title='bbox 936 2393 1102 2462; x_wconf 90' lang='lat' dir='ltr'><strong>oriuntur.</strong></span> <span class='ocrx_word' id='word_1_144' title='bbox 1133 2394 1209 2462; x_wconf 89' lang='lat' dir='ltr'><strong>Illas</strong></span> 
     </span>
     <span class='ocr_line' id='line_1_19' title="bbox 92 2498 873 2590; baseline 0.001 -25"><span class='ocrx_word' id='word_1_145' title='bbox 92 2499 178 2566; x_wconf 86' lang='lat' dir='ltr'><strong>enim</strong></span> <span class='ocrx_word' id='word_1_146' title='bbox 193 2499 279 2567; x_wconf 83' lang='lat' dir='ltr'><strong>solas</strong></span> <span class='ocrx_word' id='word_1_147' title='bbox 292 2500 443 2569; x_wconf 87' lang='lat' dir='ltr'><strong>voluntas</strong></span> <span class='ocrx_word' id='word_1_148' title='bbox 456 2500 515 2568; x_wconf 88' lang='lat' dir='ltr'><strong>Dei</strong></span> <span class='ocrx_word' id='word_1_149' title='bbox 530 2499 707 2568; x_wconf 82' lang='lat' dir='ltr'><strong>necessario</strong></span> <span class='ocrx_word' id='word_1_150' title='bbox 722 2498 873 2590; x_wconf 88' lang='lat' dir='ltr'><strong>imponit.</strong></span> 
     </span>
    </p>
   </div>
   <div class='ocr_carea' id='block_1_4' title="bbox 16 2614 1288 3117">
    <p class='ocr_par' dir='ltr' id='par_1_4' title="bbox 16 2614 1288 3117">
     <span class='ocr_line' id='line_1_20' title="bbox 136 2614 1208 2707; baseline 0.002 -22"><span class='ocrx_word' id='word_1_151' title='bbox 136 2617 216 2685; x_wconf 86' lang='lat' dir='ltr'><strong>Inde</strong></span> <span class='ocrx_word' id='word_1_152' title='bbox 229 2615 423 2684; x_wconf 81' lang='lat' dir='ltr'><strong>concludere</strong></span> <span class='ocrx_word' id='word_1_153' title='bbox 437 2617 511 2684; x_wconf 88' lang='lat' dir='ltr'><strong>licet</strong></span> <span class='ocrx_word' id='word_1_154' title='bbox 522 2615 577 2706; x_wconf 89' lang='lat' dir='ltr'><strong>jus</strong></span> <span class='ocrx_word' id='word_1_155' title='bbox 588 2614 735 2684; x_wconf 85' lang='lat' dir='ltr'><strong>naturaie</strong></span> <span class='ocrx_word' id='word_1_156' title='bbox 748 2637 791 2683; x_wconf 89' lang='lat' dir='ltr'><strong>ex</strong></span> <span class='ocrx_word' id='word_1_157' title='bbox 802 2615 924 2706; x_wconf 88' lang='lat' dir='ltr'><strong>duplici</strong></span> <span class='ocrx_word' id='word_1_158' title='bbox 940 2617 1034 2686; x_wconf 85' lang='lat' dir='ltr'><strong>titulo</strong></span> <span class='ocrx_word' id='word_1_159' title='bbox 1050 2617 1208 2707; x_wconf 86' lang='lat' dir='ltr'><strong>obligare,</strong></span> 
     </span>
     <span class='ocr_line' id='line_1_21' title="bbox 95 2723 1210 2816; baseline 0.002 -24"><span class='ocrx_word' id='word_1_160' title='bbox 95 2747 135 2792; x_wconf 84' lang='lat' dir='ltr'><strong>ex</strong></span> <span class='ocrx_word' id='word_1_161' title='bbox 151 2725 219 2814; x_wconf 89' lang='lat' dir='ltr'><strong>ipsa</strong></span> <span class='ocrx_word' id='word_1_162' title='bbox 236 2746 352 2816; x_wconf 86' lang='lat' dir='ltr'><strong>nempe</strong></span> <span class='ocrx_word' id='word_1_163' title='bbox 368 2746 479 2792; x_wconf 89' lang='lat' dir='ltr'><strong>rerum</strong></span> <span class='ocrx_word' id='word_1_164' title='bbox 491 2723 642 2809; x_wconf 87' lang='lat' dir='ltr'><strong>essentia,</strong></span> <span class='ocrx_word' id='word_1_165' title='bbox 659 2731 692 2791; x_wconf 90' lang='lat' dir='ltr'><strong>et</strong></span> <span class='ocrx_word' id='word_1_166' title='bbox 707 2743 748 2790; x_wconf 90' lang='lat' dir='ltr'><strong>ex</strong></span> <span class='ocrx_word' id='word_1_167' title='bbox 763 2724 1014 2814; x_wconf 79' lang='lat' dir='ltr'><strong>superueniente</strong></span> <span class='ocrx_word' id='word_1_168' title='bbox 1029 2727 1210 2795; x_wconf 89' lang='lat' dir='ltr'><strong>necessario</strong></span> 
     </span>
     <span class='ocr_line' id='line_1_22' title="bbox 16 2829 1288 2926; baseline 0.002 -26"><span class='ocrx_word' id='word_1_169' title='bbox 16 2845 17 2848; x_wconf 76' lang='grc'>’</span> <span class='ocrx_word' id='word_1_170' title='bbox 96 2832 258 2902; x_wconf 85' lang='lat' dir='ltr'><strong>voluntate</strong></span> <span class='ocrx_word' id='word_1_171' title='bbox 272 2832 397 2902; x_wconf 85' lang='lat' dir='ltr'><strong>divina.</strong></span> <span class='ocrx_word' id='word_1_172' title='bbox 415 2831 496 2913; x_wconf 81' lang='lat' dir='ltr'><strong>Qum</strong></span> <span class='ocrx_word' id='word_1_173' title='bbox 508 2831 574 2900; x_wconf 92' lang='lat' dir='ltr'><strong>duo</strong></span> <span class='ocrx_word' id='word_1_174' title='bbox 589 2829 824 2922; x_wconf 87' lang='lat' dir='ltr'><strong>obligationum</strong></span> <span class='ocrx_word' id='word_1_175' title='bbox 839 2833 1037 2902; x_wconf 88' lang='lat' dir='ltr'><strong>naturalium</strong></span> <span class='ocrx_word' id='word_1_176' title='bbox 1050 2834 1212 2926; x_wconf 86' lang='lat' dir='ltr'><strong>principia</strong></span> <span class='ocrx_word' id='word_1_177' title='bbox 1282 2877 1288 2893; x_wconf 55' lang='grc' dir='ltr'><em>ι</em></span> 
     </span>
     <span class='ocr_line' id='line_1_23' title="bbox 96 2939 1211 3032; baseline 0.001 -24"><span class='ocrx_word' id='word_1_178' title='bbox 96 2965 113 3008; x_wconf 91' lang='lat' dir='ltr'><strong>a</strong></span> <span class='ocrx_word' id='word_1_179' title='bbox 128 2948 357 3018; x_wconf 77' lang='lat' dir='ltr'><strong>mentenostra</strong></span> <span class='ocrx_word' id='word_1_180' title='bbox 372 2940 548 3030; x_wconf 87' lang='lat' dir='ltr'><strong>separatim</strong></span> <span class='ocrx_word' id='word_1_181' title='bbox 562 2939 804 3030; x_wconf 89' lang='lat' dir='ltr'><strong>concipiuntur,</strong></span> <span class='ocrx_word' id='word_1_182' title='bbox 822 2939 856 3006; x_wconf 91' lang='lat' dir='ltr'><strong>in</strong></span> <span class='ocrx_word' id='word_1_183' title='bbox 871 2961 906 3008; x_wconf 89' lang='lat' dir='ltr'><strong>re</strong></span> <span class='ocrx_word' id='word_1_184' title='bbox 920 2948 1027 3009; x_wconf 87' lang='lat' dir='ltr'><strong>tamen</strong></span> <span class='ocrx_word' id='word_1_185' title='bbox 1044 2942 1211 3032; x_wconf 84' lang='lat' dir='ltr'><strong>insepera-</strong></span> 
     </span>
     <span class='ocr_line' id='line_1_24' title="bbox 97 3047 273 3117; baseline -0.011 -1"><span class='ocrx_word' id='word_1_186' title='bbox 97 3047 170 3116; x_wconf 86' lang='lat' dir='ltr'><strong>bilia</strong></span> <span class='ocrx_word' id='word_1_187' title='bbox 185 3056 273 3117; x_wconf 91' lang='lat' dir='ltr'><strong>sunt.</strong></span> 
     </span>
    </p>
   </div>
   <div class='ocr_carea' id='block_1_5' title="bbox 605 3314 697 3406">
    <p class='ocr_par' dir='ltr' id='par_1_5' title="bbox 605 3314 697 3406">
     <span class='ocr_line' id='line_1_25' title="bbox 605 3314 697 3406; baseline 0.022 -25"><span class='ocrx_word' id='word_1_188' title='bbox 605 3315 626 3406; x_wconf 67' lang='lat' dir='ltr'><strong>s</strong></span> <span class='ocrx_word' id='word_1_189' title='bbox 656 3314 697 3384; x_wconf 89' lang='lat' dir='ltr'><strong>rr.</strong></span> 
     </span>
    </p>
   </div>
   <div class='ocr_carea' id='block_1_6' title="bbox 145 3548 1164 3691">
    <p class='ocr_par' dir='ltr' id='par_1_6' title="bbox 145 3548 1164 3691">
     <span class='ocr_line' id='line_1_26' title="bbox 145 3548 1164 3619; baseline 0.001 -15"><span class='ocrx_word' id='word_1_190' title='bbox 145 3555 179 3604; x_wconf 86' lang='lat' dir='ltr'><strong>De</strong></span> <span class='ocrx_word' id='word_1_191' title='bbox 191 3553 256 3619; x_wconf 86' lang='lat' dir='ltr'><strong>juris</strong></span> <span class='ocrx_word' id='word_1_192' title='bbox 270 3553 393 3604; x_wconf 80' lang='lat' dir='ltr'><strong>naturalis</strong></span> <span class='ocrx_word' id='word_1_193' title='bbox 407 3548 623 3618; x_wconf 84' lang='lat' dir='ltr'><strong>promntgstione‚</strong></span> <span class='ocrx_word' id='word_1_194' title='bbox 640 3563 685 3600; x_wconf 85' lang='lat' dir='ltr'><strong>san</strong></span> <span class='ocrx_word' id='word_1_195' title='bbox 704 3550 735 3599; x_wconf 91' lang='lat' dir='ltr'><strong>de</strong></span> <span class='ocrx_word' id='word_1_196' title='bbox 755 3550 841 3600; x_wconf 88' lang='lat' dir='ltr'><strong>medio</strong></span> <span class='ocrx_word' id='word_1_197' title='bbox 854 3565 901 3616; x_wconf 87' lang='lat' dir='ltr'><strong>per</strong></span> <span class='ocrx_word' id='word_1_198' title='bbox 912 3552 981 3618; x_wconf 89' lang='lat' dir='ltr'><strong>quod</strong></span> <span class='ocrx_word' id='word_1_199' title='bbox 991 3553 1033 3618; x_wconf 86' lang='lat' dir='ltr'><strong>jus</strong></span> <span class='ocrx_word' id='word_1_200' title='bbox 1050 3555 1164 3605; x_wconf 85' lang='lat' dir='ltr'><strong>naturate</strong></span> 
     </span>
     <span class='ocr_line' id='line_1_27' title="bbox 498 3638 808 3691; baseline -0.01 0"><span class='ocrx_word' id='word_1_201' title='bbox 498 3639 647 3691; x_wconf 86' lang='lat' dir='ltr'><strong>hominibus</strong></span> <span class='ocrx_word' id='word_1_202' title='bbox 662 3638 808 3690; x_wconf 83' lang='lat' dir='ltr'><strong>innotescit.</strong></span> 
     </span>
    </p>
   </div>
   <div class='ocr_carea' id='block_1_7' title="bbox 16 3889 1218 4202">
    <p class='ocr_par' dir='ltr' id='par_1_7' title="bbox 16 3889 1218 4202">
     <span class='ocr_line' id='line_1_28' title="bbox 16 3889 1215 3986; baseline -0.003 -19"><span class='ocrx_word' id='word_1_203' title='bbox 16 3919 17 3980; x_wconf 61' lang='lat'><em>3</em></span> <span class='ocrx_word' id='word_1_204' title='bbox 142 3898 237 3966; x_wconf 82' lang='lat' dir='ltr'><strong>Circa</strong></span> <span class='ocrx_word' id='word_1_205' title='bbox 252 3893 399 3966; x_wconf 89' lang='lat' dir='ltr'><strong>medium</strong></span> <span class='ocrx_word' id='word_1_206' title='bbox 413 3916 479 3986; x_wconf 90' lang='lat' dir='ltr'><strong>quo</strong></span> <span class='ocrx_word' id='word_1_207' title='bbox 495 3891 686 3961; x_wconf 90' lang='lat' dir='ltr'><strong>bominibus</strong></span> <span class='ocrx_word' id='word_1_208' title='bbox 701 3889 873 3959; x_wconf 88' lang='lat' dir='ltr'><strong>innotescit</strong></span> <span class='ocrx_word' id='word_1_209' title='bbox 892 3891 946 3958; x_wconf 85' lang='lat' dir='ltr'><strong>lex</strong></span> <span class='ocrx_word' id='word_1_210' title='bbox 962 3893 1134 3979; x_wconf 86' lang='lat' dir='ltr'><strong>naturalis,</strong></span> <span class='ocrx_word' id='word_1_211' title='bbox 1153 3895 1215 3963; x_wconf 92' lang='lat' dir='ltr'><strong>du·</strong></span> 
     </span>
     <span class='ocr_line' id='line_1_29' title="bbox 16 3987 1215 4098; baseline -0.006 -21"><span class='ocrx_word' id='word_1_212' title='bbox 16 3987 17 3994; x_wconf 48' lang='lat'><strong>.</strong></span> <span class='ocrx_word' id='word_1_213' title='bbox 103 4008 175 4098; x_wconf 88' lang='lat' dir='ltr'><strong>plax</strong></span> <span class='ocrx_word' id='word_1_214' title='bbox 196 4005 337 4076; x_wconf 89' lang='lat' dir='ltr'><strong>occurrit</strong></span> <span class='ocrx_word' id='word_1_215' title='bbox 359 4004 528 4073; x_wconf 90' lang='lat' dir='ltr'><strong>doctrina:</strong></span> <span class='ocrx_word' id='word_1_216' title='bbox 548 4001 706 4072; x_wconf 87' lang='lat' dir='ltr'><strong>sententia</strong></span> <span class='ocrx_word' id='word_1_217' title='bbox 730 4021 847 4091; x_wconf 86' lang='lat' dir='ltr'><strong>nempe</strong></span> <span class='ocrx_word' id='word_1_218' title='bbox 873 4001 1057 4068; x_wconf 90' lang='lat' dir='ltr'><strong>communis</strong></span> <span class='ocrx_word' id='word_1_219' title='bbox 1082 4001 1215 4070; x_wconf 85' lang='lat' dir='ltr'><strong>Petrum</strong></span> 
     </span>
     <span class='ocr_line' id='line_1_30' title="bbox 104 4108 1218 4202; baseline -0.005 -18"><span class='ocrx_word' id='word_1_220' title='bbox 104 4115 250 4184; x_wconf 84' lang='lat' dir='ltr'><strong>Ecclesiae</strong></span> <span class='ocrx_word' id='word_1_221' title='bbox 265 4113 516 4202; x_wconf 88' lang='lat' dir='ltr'><strong>scholarumque</strong></span> <span class='ocrx_word' id='word_1_222' title='bbox 528 4109 775 4196; x_wconf 87' lang='lat' dir='ltr'><strong>catholicarum,</strong></span> <span class='ocrx_word' id='word_1_223' title='bbox 794 4115 826 4176; x_wconf 90' lang='lat' dir='ltr'><strong>et</strong></span> <span class='ocrx_word' id='word_1_224' title='bbox 839 4129 950 4178; x_wconf 85' lang='lat' dir='ltr'><strong>recens</strong></span> <span class='ocrx_word' id='word_1_225' title='bbox 965 4108 1129 4200; x_wconf 88' lang='lat' dir='ltr'><strong>quoddam</strong></span> <span class='ocrx_word' id='word_1_226' title='bbox 1147 4124 1218 4178; x_wconf 85' lang='lat' dir='ltr'><strong>tro-</strong></span> 
     </span>
    </p>
   </div>
   <div class='ocr_carea' id='block_1_8' title="bbox 16 4221 585 4350">
    <p class='ocr_par' dir='ltr' id='par_1_8' title="bbox 16 4221 585 4350">
     <span class='ocr_line' id='line_1_31' title="bbox 16 4221 585 4312; baseline -0.025 -18"><span class='ocrx_word' id='word_1_227' title='bbox 16 4305 17 4310; x_wconf 12' lang='lat'><em>*</em></span> <span class='ocrx_word' id='word_1_228' title='bbox 107 4221 322 4292; x_wconf 72' lang='lat' dir='ltr'><strong>disiunctismi</strong></span> <span class='ocrx_word' id='word_1_229' title='bbox 333 4231 485 4312; x_wconf 81' lang='lat' dir='ltr'><strong>systema.</strong></span> <span class='ocrx_word' id='word_1_230' title='bbox 560 4251 585 4280; x_wconf 61' lang='lat' dir='ltr'><strong>‚s</strong></span> 
     </span>
     <span class='ocr_line' id='line_1_32' title="bbox 16 4321 17 4350; baseline 0 0"><span class='ocrx_word' id='word_1_231' title='bbox 16 4321 17 4350; x_wconf 55' lang='lat' dir='ltr'><strong>i</strong></span> 
     </span>
    </p>
   </div>
   <div class='ocr_carea' id='block_1_9' title="bbox 0 0 1527 4950">
    <p class='ocr_par' dir='ltr' id='par_1_9' title="bbox 0 0 1527 4950">
     <span class='ocr_line' id='line_1_33' title="bbox 0 0 1527 4950; baseline 0 0"><span class='ocrx_word' id='word_1_232' title='bbox 0 0 1527 4950; x_wconf 95' lang='lat' dir='ltr'><strong> </strong></span> 
     </span>
    </p>
   </div>
  </div>
 </body>
</html>
