3022 4950
309 509 349 571 22
663 529 837 574 reserares
859 530 897 573 oe
920 530 1075 576 uniuersus

306 667 496 737 auctoritato
517 667 726 759 imponentis.
754 668 837 737 Nam
852 669 1100 760 praescindendo
1115 673 1157 741 ab
1170 673 1261 742 omni
1273 679 1348 744 actu
1363 699 1427 744 vo-

307 777 440 844 luntatis
454 777 589 864 divinae,
609 776 822 866 obligationes
844 801 918 869 quae
940 787 1017 846 sunt
1041 778 1082 848 dc
1098 781 1173 871 jure
1188 781 1328 851 naturali
1346 803 1429 852 con-

306 885 475 975 cipiuntur
496 907 554 974 per
570 884 670 952 solam
686 907 797 953 rerum
820 886 993 954 essentiam
1009 888 1192 957 constitutae
1208 899 1240 956 et
1259 889 1426 958 bominem

304 996 447 1086 ligantes
481 993 591 1062 Posito
606 994 726 1070 scilicet
744 995 803 1062 bei
822 1003 854 1063 et
868 995 1011 1065 hominis
1031 1006 1063 1066 et
1076 999 1244 1067 variarum
1259 1001 1426 1069 actionum

306 1107 479 1174 moralium
501 1106 640 1174 essentia
656 1105 750 1174 sicuti
773 1115 833 1194 est,
859 1107 928 1198 jam
950 1107 992 1175 ad
1013 1109 1115 1176 multa
1133 1109 1280 1179 facienda
1300 1111 1353 1178 vel
1375 1112 1428 1179 vi-

304 1215 403 1284 tanda
427 1216 525 1284 bomo
546 1223 686 1305 tenetur,
714 1217 812 1285 etiam
835 1217 1052 1287 abstrahendo
1070 1220 1111 1288 ab
1133 1228 1206 1288 actu
1229 1221 1352 1289 divinas
1367 1246 1428 1291 vo-

305 1323 439 1393 luntatis
455 1322 522 1422 baec
538 1324 757 1416 praecipientis
770 1333 827 1392 aut
840 1326 992 1394 vetantis.
1016 1327 1056 1396 Et
1075 1349 1190 1396 revera
1213 1329 1429 1418 obligationes

305 1432 381 1520 illes,
399 1433 566 1526 prioritate
590 1432 725 1500 rationis
748 1441 856 1500 actum
881 1433 1007 1528 divinae
1027 1434 1216 1525 voluntatis,
1237 1436 1366 1506 easdem
1389 1446 1430 1506 ut

304 1543 410 1632 legem
437 1539 658 1632 imponentis,
687 1540 877 1630 praecedunt
896 1567 903 1608 :
921 1541 1035 1609 divina
1062 1541 1150 1610 enim
1175 1543 1326 1612 voluntas
1353 1543 1429 1612 ideo

305 1650 498 1736 necessario,
518 1673 551 1716 v.
568 1671 617 1739 g.,
637 1647 844 1717 mendacium
864 1649 1028 1740 probibet,
1046 1651 1124 1742 quia
1139 1650 1344 1720 mendacium
1355 1652 1427 1742 jam

305 1773 380 1828 ante
406 1779 537 1826 omnem
561 1755 814 1847 prohibitionem
838 1779 878 1824 ex
902 1759 1041 1826 essentia
1056 1780 1116 1826 sua
1139 1759 1262 1828 malum
1278 1767 1326 1827 est
1340 1767 1373 1827 et
1384 1761 1429 1827 ab

305 1866 438 1936 homine
463 1864 647 1933 vitandum.
678 1865 774 1933 Unde
800 1865 875 1933 licet
900 1866 939 1933 de
962 1867 1047 1935 lacto
1072 1889 1185 1936 omnes
1213 1868 1429 1958 obligationes

302 1975 387 2066 juris
401 1972 572 2058 naturalis,
590 1979 664 2040 actu
687 1972 811 2040 diviuae
832 1972 1010 2041 voluntatis
1034 1975 1216 2044 necessario
1239 1975 1426 2064 firmentur,

306 2091 337 2149 et
350 2082 438 2150 Deus
451 2080 632 2148 necessario
643 2079 721 2146 velit
736 2078 902 2147 hominem
918 2079 1033 2148 iisdem
1048 2081 1300 2172 obligationibus
1315 2083 1428 2173 ligari,
1497 2067 1498 2136 l

305 2192 365 2258 iste
382 2199 490 2257 tamen
512 2196 603 2255 actus
621 2187 812 2273 voluntatis,
837 2196 989 2256 naturam
1014 2211 1126 2259 rerum
1141 2191 1199 2259 bes
1214 2191 1498 2282 obligationes
1497 2201 1498 2298 p

306 2298 555 2368 constituentem
581 2319 648 2364 non
673 2295 841 2387 praecedit,
869 2296 925 2364 sed
947 2300 1173 2390 consequitur3
1200 2301 1307 2387 itaut,
1324 2325 1356 2370 v.
1375 2325 1426 2391 g„

306 2405 513 2476 mendacium
540 2427 605 2472 non
628 2404 701 2474 ideo
725 2405 767 2473 sit
791 2405 914 2474 malum
934 2415 964 2473 et
988 2407 1202 2498 prohibitum,
1226 2409 1303 2499 quia
1323 2432 1342 2477 a
1360 2409 1430 2478 Deo

306 2517 455 2602 vetitum,
479 2514 535 2582 sed
557 2514 665 2604 potius
689 2512 770 2581 adeo
794 2515 944 2600 vetitum,
966 2516 1045 2607 quia
1069 2539 1111 2584 ex
1134 2538 1169 2584 se
1189 2516 1311 2586 malum
1334 2526 1365 2586 et
1385 2517 1429 2586 ab

306 2624 438 2692 homine
459 2620 644 2690 vitandum.
668 2619 733 2688 Sed
755 2621 810 2688 lex
835 2623 1007 2710 naturalis,
1022 2631 1183 2714 quotenus
1202 2625 1430 2694 consideratur

306 2733 352 2798 sic
367 2724 617 2821 praescindendo
642 2725 683 2794 ab
702 2734 775 2795 actu
799 2726 922 2797 divinae
944 2730 1132 2818 voluntatis,
1152 2753 1219 2801 non
1238 2743 1345 2824 posset
1359 2733 1429 2802 dici

307 2838 388 2907 leu'
374 2861 410 2906 m
421 2834 702 2916 strictior-iseum
713 2834 792 2926 quia
806 2836 860 2903 lex
875 2837 986 2905 stricte
1001 2847 1131 2930 sumpta
1146 2840 1284 2910 includit
1298 2864 1430 2933 semper

307 2943 487 3038 superioris
500 2941 645 3065 alicujus·
649 2944 867 3034 praecipientis
881 2954 938 3013 aut
952 2945 1156 3067 prohibentis
1170 2958 1290 3017 actum

349 3055 410 3124 His
433 3073 510 3123 vero
532 3051 709 3143 praemissis
735 3060 766 3120 et
786 3053 950 3141 stabilitis,
975 3061 1062 3178 patet
1082 3055 1138 3122 via
1151 3054 1193 3124 ad
1208 3059 1351 3125 rectam'
1339 3060 1428 3149 puris

308 3163 466 3235 naturalis
480 3161 718 3230 definitionem
1496 3167 1497 3170 ’

355 3277 385 3339 5.
406 3271 464 3340 lus
480 3269 645 3357 naturale,
672 3291 771 3338 sensu
794 3271 902 3339 latiori
926 3278 1108 3364 sumptum,
1130 3283 1213 3342 recte
1229 3273 1405 3343 definiri'
1375 3299 1427 3346 vr-

309 3382 416 3466 detur,
440 3377 621 3469 complecto
646 3377 898 3467 obligationum,
932 3401 973 3447 cc
1001 3403 1113 3448 rerum
1137 3383 1273 3450 essentia
1297 3384 1431 3454 ltotnini

308 3487 578 3560 incumbentium.
595 3485 673 3554 Haec
688 3509 766 3555 vero
782 3486 929 3556 delinitio
944 3511 1009 3557 non
1026 3489 1197 3558 confundit
1206 3496 1262 3582 jtts
1279 3495 1429 3564 naturale

306 3621 382 3669 cum
398 3597 500 3688 ipsius
517 3594 742 3682 fundamento,
768 3617 883 3690 nempe
907 3621 983 3668 cum
1005 3619 1117 3666 rerum
1132 3601 1282 3687 essentia,
1304 3625 1347 3671 ex
1361 3626 1430 3694 qua

306 3708 427 3792 oritur;
451 3727 509 3772 nec
527 3725 603 3771 cum
626 3703 728 3795 ipsius
752 3705 1026 3795 promulgationis
1047 3705 1282 3798 instrumento,
1309 3733 1429 3803 nempe

305 3840 381 3886 cum
412 3813 552 3883 naturali
580 3809 734 3882 bumana
766 3813 901 3882 rationis
938 3815 1079 3902 lumine;
1107 3815 1165 3884 sed
1191 3818 1246 3908 jus
1277 3821 1430 3890 naturale

306 3924 434 4016 reponit
451 3923 486 3988 iu
501 3921 648 4010 ipsismet
667 3920 931 4010 oblipationibus,
952 3945 970 3990 e
992 3945 1104 3991 rerum
1130 3927 1269 3994 essentia
1291 3929 1429 3997 orienti-

305 4033 380 4116 bus,
396 4039 428 4099 et
444 4049 501 4120 per
517 4028 628 4094 lumen
651 4028 799 4096 naturale
814 4029 963 4118 cognitis.
989 4031 1052 4099 Per
1073 4032 1157 4100 banc
1178 4041 1288 4101 autem
1304 4033 1429 4106 delini-
1495 4063 1496 4112 3

306 4141 427 4208 ti'ouem
446 4133 501 4226 jus
516 4133 664 4202 naturale
688 4135 870 4204 secernitur
892 4136 934 4203 ab
947 4139 1038 4205 omni
1052 4139 1126 4229 jure
1143 4137 1289 4226 divers03
1315 4165 1430 4211 secer·
1495 4158 1496 4242 p

308 4248 397 4314 nitur
420 4243 507 4310 enim
530 4242 571 4310 ab
587 4242 676 4310 omni
695 4243 770 4332 jure
785 4243 925 4333 positivo
947 4252 1018 4312 tum
1035 4245 1160 4332 divino,
1180 4257 1248 4316 tum
1266 4249 1425 4322 humano.
1495 4246 1496 4265 ¹
