3064 4952
306 505 366 572 tot
654 526 830 574 rnacrnrus
854 523 891 574 oa
913 525 1067 575 enisurus

303 651 388 718 Tum
417 650 536 719 saeculo
551 672 639 719 nono
667 648 802 719 Photius
829 650 862 717 in
875 649 1105 719 Nomocauonc
1126 671 1185 718 suo
1199 643 1422 741 quorumdem

302 763 487 825 sanctorum
514 757 650 826 Patrum
672 755 756 825 dicta
778 757 957 826 canonibus
979 755 1163 826 admiscuit.
1193 753 1287 838 Quod
1306 765 1338 824 et
1363 755 1423 822 alii

301 864 452 958 deinceps
472 887 656 956 greacorum
675 887 837 934 canonum
859 864 1043 934 collectores
1064 865 1252 957 prestitam.
1269 864 1308 931 ln
1324 861 1423 934 Occi-

301 972 396 1042 dente
423 982 531 1044 autem
560 975 687 1066 primus
714 974 842 1064 Regino
870 974 1003 1044 ineunte
1033 974 1152 1043 saeculo
1176 972 1302 1042 decimo
1329 972 1423 1041 bunc

300 1103 425 1150 morem
451 1090 580 1152 secutus
606 1089 656 1151 est
677 1104 802 1175 :quem
823 1081 940 1150 imitati
956 1091 1032 1152 sunt
1051 1079 1276 1168 Burcbardus,
1298 1080 1371 1166 lvo,
1389 1089 1424 1148 et

300 1188 451 1282 inprimis
464 1188 650 1260 Gratianus.
1125 1178 1128 1183 ’

679 1562 681 1568 ,
741 1475 905 1546 cnrur
927 1477 970 1548 v.

297 1701 501 1748 annuntiantia
539 1700 652 1748 umcun
688 1699 815 1747 enorme
855 1702 894 1745 ar
935 1700 1056 1746 srmcra
1094 1699 1252 1754 wousuoo
1294 1701 1423 1746 sxraaa

342 1818 426 1865 aunis
448 1818 588 1865 canorum
618 1817 761 1880 ronrnu,
786 1817 904 1864 nonani
932 1816 1062 1862 scrcrcsr
1090 1815 1421 1880 ronrrrrcrs,cun1srr

341 1937 373 1980 rn
395 1935 501 1982 ruanis
523 1936 659 2000 v1canu,
684 1933 909 1982 lacunarium
934 1933 1130 1980 rorasrarmr
1157 1911 1213 2000 (ll.

340 2197 376 2265 ld
399 2196 557 2265 constabit
577 2195 783 2287 plenissime,
809 2191 838 2262 si
860 2195 1036 2285 probetur,
1052 2193 1200 2263 omnium
1217 2193 1274 2283 qui
1290 2190 1421 2261 admitti
1529 2238 1532 2283 ,3

294 2313 428 2396 possunt
447 2313 479 2372 et
496 2303 600 2372 solent
623 2303 710 2393 juris
733 2301 816 2370 sacri
839 2301 997 2387 fontium,
1022 2301 1103 2370 alios
1123 2302 1158 2369 in
1182 2301 1293 2368 stricto
1320 2311 1420 2369 sensu

295 2436 361 2481 non
388 2435 455 2481 esse
478 2411 573 2499 tales,
591 2420 726 2479 caeteros
751 2409 792 2479 ad
815 2409 948 2479 unicum
963 2432 1060 2502 quem
1082 2408 1220 2477 dicimus
1237 2431 1305 2476 esse
1319 2408 1418 2476 redu·
1529 2405 1530 2410 ’

294 2523 423 2590 candos.
442 2522 544 2611 Atqui
558 2543 611 2589 res
625 2541 761 2611 prorsus
778 2521 823 2587 ita
838 2543 872 2588 se
894 2520 1002 2588 habet.

339 2631 457 2700 Fontes
479 2631 598 2698 scilicet
619 2630 765 2698 canonici
787 2631 872 2723 juris
897 2633 1057 2701 recenseri
1077 2633 1181 2702 solent
1196 2641 1267 2703 octo
1282 2661 1289 2702 :
1306 2635 1420 2727 Scrip-

294 2750 368 2809 tura
392 2761 502 2825 sacra,
532 2761 591 2807 scu
617 2737 767 2808 Verbum
793 2738 853 2807 Dei
882 2741 1057 2831 scriptum,
1087 2739 1234 2812 Verbum
1264 2742 1325 2811 Dei
1354 2766 1421 2813 non

297 2849 473 2938 scriptum,
498 2870 554 2915 seu
569 2845 717 2933 traditio,
736 2845 792 2937 jus
807 2847 848 2914 ab
875 2848 1038 2938 Apostolis
1059 2850 1139 2940 ipsis
1155 2851 1327 2938 sancitum,
1344 2875 1422 2920 sen-
1529 2923 1530 2934 ,

296 2956 404 3023 tentiae
442 2955 601 3042 Petrum,
633 2952 762 3022 decreta
787 2975 993 3023 summorum
1029 2955 1247 3044 Pontificum,
1281 2947 1422 3028 concilia
1529 2951 1530 2954 ¹

296 3063 512 3149 aecumenica,
539 3063 698 3132 Romauae
725 3061 952 3130 Cardinalium
978 3063 1263 3154 congregationes,
1286 3072 1319 3132 et
1340 3088 1422 3135 con-

296 3170 445 3240 suetudo.
478 3170 581 3239 Porro
616 3179 757 3261 quatuor
783 3168 909 3261 priores
939 3169 979 3238 ad
1006 3169 1061 3260 jus
1090 3171 1282 3240 canonicum
1311 3174 1421 3243 stricte
1528 3161 1529 3168 ἵ

295 3285 464 3368 sumptum
491 3300 557 3345 non
572 3279 748 3369 pertinere,
771 3278 808 3350 in
823 3277 1047 3368 superioribus
1065 3279 1236 3369 capitibus,
1253 3287 1419 3352 ostensum

296 3394 355 3454 est.
385 3383 595 3454 Probandum
619 3407 697 3475 ergo
717 3393 844 3453 tautum
866 3394 1012 3453 remanet
1035 3393 1175 3478 quatuor
1188 3397 1335 3476 caeteros,
1356 3413 1419 3458 non
1527 3459 1528 3474 ,

297 3493 444 3562 diversos
472 3492 670 3583 originarie,
705 3493 762 3562 scd
796 3515 901 3560 unum
931 3503 963 3562 ct
990 3492 1142 3563 eumdem
1169 3517 1238 3565 esse
1264 3497 1418 3584 laticem,
1527 3481 1528 3494 ¹

295 3600 434 3672 diversis
457 3601 530 3670 licet
556 3609 742 3670 manantem
770 3609 800 3668 et
829 3601 1003 3670 Ecclesiam
1031 3603 1152 3694 ubique
1178 3604 1421 3676 foecundantcm

298 3731 391 3778 ravis.
1526 3781 1527 3800 ,

342 3820 369 3888 1.
396 3817 447 3885 Ad
478 3817 749 3908 distinguendum
781 3825 892 3886 utrum
921 3819 1121 3909 synodorum
1144 3821 1420 3893 oecumenicarum

298 3934 439 4017 potestas
456 3925 542 4016 juris
564 3923 709 3994 canonici
727 3925 850 3994 ionum
876 3927 1086 3995 constituata
1108 3936 1264 4020 potestate
1280 3929 1420 3999 Romani

269 4087 273 4103 ’
331 4117 362 4177 (t)
378 4113 449 4164 lianc
466 4112 559 4163 thesim
578 4110 726 4164 scribebam
741 4113 769 4164 in
786 4112 916 4164 Vaticanis
929 4112 1029 4165 cedibus
1047 4114 1090 4164 dic
1109 4119 1123 4164 s
1141 4116 1252 4180 januarii
1271 4121 1350 4182 tana,
1370 4133 1422 4183 quo

298 4195 351 4254 die,
373 4195 436 4245 mihi
458 4193 525 4244 inter
545 4192 727 4244 memorandos
747 4195 923 4260 praecipuae
946 4194 1039 4246 Christi
1060 4195 1086 4246 in
1108 4196 1183 4246 terris
1204 4197 1301 4247 vicario
1321 4199 1368 4248 Pio
1390 4201 1421 4250 tx

298 4295 399 4330 sautum
416 4278 451 4328 lul
462 4276 624 4340 benignitate
637 4279 769 4340 exceptus.
