3050 4946
23 3077 69 3220 Ι

543 506 626 552 runrs
649 505 801 553 canonici.
1170 488 1233 554 489
1325 527 1329 536 ·

117 644 185 712 ceri
207 643 299 730 solet,
330 644 421 713 nulla
443 651 563 713 sanctae
587 643 681 713 Sedis
704 644 920 736 publicatione
945 644 1007 714 init
1022 643 1233 714 communita.

117 751 208 820 Licet
230 757 339 820 autem
362 765 521 844 quotenus
543 752 687 821 collectio
706 753 931 821 anctoritatem
957 775 1023 822 non
1047 752 1174 835 habeat,
1203 751 1235 820 id

118 881 185 928 non
217 858 353 950 impedit
388 861 468 952 quin
505 881 709 951 unaquoque
735 860 923 928 constitutio
949 860 982 927 in
1017 882 1055 930 eo
1089 869 1239 929 contenta

117 967 224 1057 legam
253 969 362 1057 faciat,
390 970 418 1037 si
444 969 575 1039 aliunde
599 977 722 1039 constet
748 991 820 1038 eam
844 970 944 1039 tuisse
968 969 1001 1038 in
1027 969 1133 1060 legem
1160 971 1236 1039 uni-

117 1075 275 1145 versalem
302 1077 553 1168 promulgatam,
578 1099 637 1146 nec
657 1087 839 1146 revocatam
859 1085 915 1146 aut
928 1076 1141 1146 desuetudine
1157 1078 1237 1147 sub-

116 1191 228 1261 latam

552 1475 696 1546 CAPUT
718 1474 824 1544 XVll.

433 1716 471 1760 bit
500 1715 635 1762 CORPORE
662 1714 746 1762 stitus
772 1715 926 1762 canonici.

643 1993 712 2084 ar.

498 2179 598 2240 Quibus
615 2183 717 2230 conant
731 2178 859 2245 partibus.

163 2389 297 2460 Constat
317 2389 399 2458 liber
421 2389 487 2477 ille,
509 2389 567 2480 qni
588 2412 607 2457 a
632 2387 732 2456 multo
751 2388 819 2481 jam
842 2396 984 2480 tempore
1003 2387 1128 2480 Corpus
1147 2389 1239 2479 juris

118 2497 269 2566 canonici
283 2519 340 2588 per
355 2497 612 2566 antonomasiam
627 2496 737 2565 vocari
753 2495 835 2564 solet
853 2523 860 2564 :

169 2609 200 2671 1ο
214 2604 349 2672 Decreta
372 2603 532 2690 Gratiani,
552 2603 593 2672 ad
616 2603 710 2695 cujus
725 2603 846 2671 calcem
871 2601 968 2694 adjici
982 2603 1087 2672 solent
1101 2625 1241 2673 canones

119 2711 357 2804 poenitentiales
377 2721 409 2780 et
424 2733 563 2780 canones
585 2710 831 2803 Apostolorum.
850 2715 884 2779 2⁰
903 2710 1054 2802 Quinque
1070 2711 1162 2779 libris
1179 2712 1242 2781 De·

119 2818 287 2891 crotalium
305 2821 497 2889 auctoritate
518 2819 668 2909 Gregorii
679 2820 725 2888 IX
738 2818 844 2889 editis.
867 2823 899 2888 3⁰
914 2819 1014 2889 Sexto
1025 2819 1110 2888 libro
1119 2820 1241 2888 Decre-

119 2929 246 2998 talium.
273 2933 305 2997 l·
328 2929 550 3000 Clementinis.
579 2933 611 2996 5⁰
637 2929 939 3020 Extravagantibns
969 2929 1105 3000 loannis
1132 2929 1239 2998 XXII.

121 3043 153 3106 θ’
182 3039 477 3130 Extravagentibus
501 3039 741 3108 communibus.
773 3040 830 3108 His
857 3039 981 3108 scilicet
1007 3039 1156 3133 partibus
1183 3063 1241 3109 sex

118 3147 314 3239 expleturet
327 3148 490 3217 clauditur
504 3149 631 3239 Corpus
645 3148 730 3240 juris
744 3148 903 3218 canonici.

164 3254 312 3326 Obtinnit
337 3264 444 3325 tamen
463 3279 543 3325 usus
562 3265 598 3325 ut
622 3257 656 3325 in
678 3257 842 3349 plerisque
863 3255 1061 3326 editionibus
1076 3255 1151 3325 duae
1169 3256 1241 3326 aliae

121 3373 228 3454 partes
253 3362 294 3432 ad
315 3364 433 3432 calcem
457 3373 713 3456 reponerentur3
732 3386 848 3457 nempe
867 3364 995 3433 t⁰liber
1008 3364 1164 3455 septimus
1178 3364 1243 3432 lle-

121 3471 302 3554 cretalium,
319 3493 416 3562 quem
438 3471 553 3540 Petrus
574 3471 750 3540 Mattbaeus
768 3470 999 3561 Lugdunensis
1018 3471 1241 3562 jurisconsul-

120 3586 173 3646 tus
210 3580 461 3649 concinnaverat
484 3602 526 3648 ex
561 3578 846 3648 constitutionibus
882 3587 954 3670 post
984 3579 1242 3670 Extravagantes

120 3707 310 3755 communes
332 3684 438 3755 editis.
466 3691 500 3755 2ο
520 3687 743 3756 institutiones
754 3686 839 3778 juris
860 3686 1009 3755 canonici
1023 3709 1043 3754 a
1058 3686 1243 3756 Lancelotto

121 3795 324 3886 conscripta.

164 3901 316 3971 Codicem
339 3910 447 3972 nutem
469 3903 562 3971 illum
580 3903 669 3971 luris
690 3903 837 3970 cononici
862 3904 989 3994 Corpus
1013 3900 1148 3989 dictum,
1171 3923 1240 3991 prae

120 4011 272 4080 manibus
301 4011 428 4093 habeat,
466 4019 698 4104 perpetuoque,
736 4011 855 4082 nostris
891 4009 988 4080 etiam
1027 4010 1241 4103 temporibus,

120 4117 291 4212 pervolvat
323 4140 451 4188 necesse
478 4126 545 4207 est,
569 4119 716 4212 quisquis
744 4119 777 4186 in
804 4118 1066 4211 jurisprudentia
1088 4118 1242 4188 canonica

122 4251 188 4296 non
210 4225 280 4294 vult
299 4227 427 4318 penitus
443 4227 592 4296 caecntire
608 4235 703 4320 atque
721 4226 838 4318 hospes
855 4249 1034 4297 remanere.
1050 4227 1140 4296 Licet
1154 4226 1241 4296 enim
