3050 4946
275 482 338 550 tao
628 499 804 548 rescimus
825 499 865 548 ns
887 497 1040 547 ermanus

276 669 292 706 «
317 641 453 710 Siricius
482 664 556 710 cum
588 641 779 730 regularum
817 641 942 709 librum
978 639 1098 708 direxit
1132 637 1173 706 ad
1204 636 1391 706 Himerium

277 779 293 816 «
318 750 607 834 Tarraconensem,
625 749 730 817 eidem
758 749 927 818 mandavit
940 756 977 816 ut
993 770 1059 816 non
1077 745 1184 814 solum
1200 746 1240 813 ad
1260 745 1394 836 Episco-

277 885 293 922 «
316 881 376 948 pos
389 879 458 924 suae
473 856 665 948 provinciae,
677 845 858 936 sedetiam,
874 856 995 946 inquit,
1006 855 1053 923 ad
1065 855 1229 922 universas
1247 853 1395 921 Cartlta-

269 993 291 1052 1ι(
315 966 460 1056 pinenses
484 976 515 1032 et
539 965 690 1046 Boeticos,
711 965 885 1032 Lusitanos
910 975 1008 1054 atque
1031 963 1198 1042 Gallium,
1220 961 1394 1028 ueletiam

277 1100 293 1138 «
317 1074 375 1164 qui
391 1071 502 1141 cuiuis
518 1072 578 1140 tibi
592 1071 789 1140 collimitant
810 1072 886 1139 ltiuc
905 1070 980 1139 inde
993 1071 1183 1162 prouinciis,
1201 1071 1270 1138 tec
1286 1091 1358 1160 qua
1372 1091 1395 1134 a

276 1181 408 1250 «nobis
434 1192 511 1248 sunt
536 1181 662 1248 salubri
688 1179 896 1247 ordinatione
921 1179 1091 1270 disposita,
1118 1178 1177 1246 sub
1206 1177 1393 1245 litterarum

276 1314 293 1352 «
318 1301 454 1356 tuarum
467 1287 691 1378 prosecutione
706 1286 895 1354 mittantur.
917 1285 1076 1352 Similiter
1091 1286 1241 1353 Zozimus
1258 1285 1292 1351 in
1309 1284 1394 1374 epis-

276 1423 292 1462 «
316 1395 381 1464 tola
399 1394 441 1463 ad
462 1395 667 1485 Hesychium
692 1393 919 1462 Salonitauum
940 1420 947 1459 :
966 1415 1007 1459 nc
1026 1392 1109 1483 quid
1119 1392 1256 1472 meritis,
1274 1391 1391 1481 inquit,

276 1531 292 1569 «
317 1503 497 1572 dilectionis
521 1515 586 1570 tuat
609 1501 851 1591 deroparemus,
871 1499 917 1568 ad
931 1513 962 1567 te
976 1499 1187 1591 potissimum
1201 1499 1324 1590 scripta
1342 1495 1395 1564 di-

275 1639 292 1677 «
315 1613 471 1690 rescimus,
490 1632 562 1701 quac
585 1610 620 1675 in
641 1609 790 1678 onmium
808 1610 958 1698 [rutrum
977 1620 1006 1676 et
1030 1609 1294 1699 coepiscoporum
1314 1628 1394 1673 nos-

276 1747 293 1786 «
317 1719 445 1788 trorum
467 1717 568 1808 facies
587 1717 634 1784 ire
651 1716 821 1802 notitiam,
840 1739 905 1784 non
933 1729 1065 1783 tantum
1088 1738 1202 1784 corum
1223 1715 1281 1806 qui
1304 1715 1338 1780 in
1358 1735 1394 1778 eo

276 1855 293 1894 «
311 1827 486 1921 prouincia
505 1838 590 1904 suut,
609 1824 665 1892 sed
683 1825 786 1893 etiam
813 1826 871 1914 qui
886 1825 1000 1892 vicinis
1025 1824 1206 1892 dilectionis
1229 1837 1296 1891 tua
1313 1845 1395 1913 pra-

276 1962 293 2000 «
316 1935 428 2004 vinciis
442 1925 685 2023 adjuripuntur.
703 1932 803 2002 Plura
825 1943 901 2000 sunt
920 1933 1038 2000 Leonis
1059 1933 1258 2018 testimonia,
1273 1931 1395 2023 quibus

277 2071 294 2109 «
317 2043 438 2112 similia
460 2041 656 2132 praescribit.
682 2041 769 2109 luter
787 2049 918 2128 caetera,
935 2039 1072 2130 epistola
1096 2044 1157 2106 159
1181 2038 1222 2106 ad
1245 2039 1393 2108 Nicetam

277 2179 294 2216 «
317 2150 575 2242 Aquileiensem,
590 2172 660 2239 cap.
680 2154 697 2214 7
717 2175 724 2215 ι
744 2151 838 2216 Hauc
853 2148 1024 2240 epistolam
1038 2161 1197 2229 nostram,
1217 2149 1274 2233 ait,
1293 2171 1394 2238 quiam

275 2286 292 2343 (ς
317 2259 363 2328 ad
381 2257 652 2326 consultationem
673 2259 748 2324 Tute
767 2257 1001 2324 Frateruitatis
1022 2255 1200 2336 emisimus,
1219 2255 1266 2322 ad
1283 2279 1394 2324 omnes

277 2395 293 2434 «
314 2373 435 2459 fratres
451 2379 481 2434 ct
496 2365 781 2456 comprovinciales
802 2377 873 2433 tuos
895 2366 1072 2455 Episcopus
1089 2364 1190 2454 facim
1206 2365 1390 2454 peruenire,

277 2489 355 2542 «ut
382 2476 417 2542 in
442 2475 590 2541 omnium
619 2472 825 2540 observantia
854 2472 934 2539 data
968 2472 1074 2562 prosit
1101 2473 1292 2539 auctoritas.
1327 2473 1394 2538 Hae

278 2609 295 2648 «
318 2583 442 2650 ratione
456 2582 496 2648 de
510 2581 674 2671 plerisque
693 2579 908 2648 decretalibus
923 2579 1118 2670 Apostolieae
1139 2579 1235 2646 Sedis
1250 2580 1394 2670 epistolis

276 2716 294 2756 a
317 2691 441 2758 factum
456 2687 555 2756 fuisse
569 2686 746 2772 credimus,
765 2687 853 2776 quod
869 2686 910 2754 de
924 2687 1032 2755 Siricii
1049 2686 1166 2754 litteris
1183 2685 1283 2755 tradit
1294 2688 1393 2756 luno-

277 2825 293 2864 «
316 2797 441 2866 centius
460 2797 493 2862 in
516 2795 650 2884 epistola
668 2795 710 2862 ad
731 2795 935 2886 Exuperium
955 2795 1154 2862 Tolosanum
1179 2795 1391 2886 Episcopum,

276 2933 293 2971 a
318 2915 352 2972 n⁰
369 2910 387 2970 l
407 2932 413 2970 :
435 2906 557 2970 Forma
571 2903 630 2970 illa
645 2903 864 2971 ecclesiastice
879 2904 955 2970 vitu
967 2903 1096 2993 pariter
1111 2915 1141 2969 et
1157 2902 1338 2992 disciplina
1352 2905 1392 2970 al

278 3039 295 3078 «
318 3013 480 3102 Episcopo
501 3010 620 3078 Sicilia
641 3032 703 3100 per
716 3011 908 3100 prouincias
929 3011 1163 3077 commeavit...
1187 3011 1302 3078 Nonne
1324 3013 1392 3078 haec

278 3149 294 3186 a
320 3120 541 3211 promulgatio
555 3141 612 3210 per
627 3120 811 3210 provincias
825 3119 966 3188 sufficit?
978 3117 1070 3186 Nihil
1086 3141 1165 3208 ergo
1180 3119 1391 3208 cogitandum

277 3239 364 3296 «est
392 3227 433 3295 de
463 3225 649 3294 collectione
679 3249 754 3316 quae
792 3233 910 3318 prater
940 3227 1090 3295 Nieaenos
1119 3249 1156 3294 ac
1185 3227 1392 3296 Sardicenses

277 3365 293 3404 a
317 3357 456 3404 canones
479 3334 580 3402 simul
602 3333 781 3424 copulatos,
806 3357 921 3402 omnes
945 3336 1044 3403 etiarn
1068 3335 1250 3426 pontificias
1274 3336 1391 3404 consti·

276 3443 458 3512 «tationes
487 3441 678 3528 contineret,
706 3443 959 3532 auctoritateque
987 3443 1147 3510 Romanae
1173 3433 1267 3512 Sedis
1294 3443 1389 3529 edita,

167 3559 169 3564 '
276 3579 293 3618 «
316 3549 448 3618 easdem
472 3549 717 3616 constitutiones
742 3549 980 3639 promulgaret.
1001 3551 1068 3618 Has
1091 3551 1226 3643 quidem
1249 3552 1392 3620 Romani

225 3681 228 3686 ·
277 3685 294 3724 «
317 3657 490 3727 Pontifices
510 3679 585 3726 cum
610 3657 785 3749 aliquando
809 3657 1004 3746 allegarunt,
1026 3680 1128 3726 noue
1150 3660 1259 3727 codice
1284 3659 1393 3752 aliquo

277 3794 294 3832 ι(
318 3764 461 3856 publico,
476 3764 571 3852 cujus
585 3764 677 3831 nulla
691 3765 832 3832 occurrit
845 3765 976 3854 uspiam
992 3766 1127 3852 mentio,
1144 3766 1201 3834 sed
1225 3788 1267 3835 ex
1282 3770 1393 3858 Apos-

276 3900 293 3939 «
317 3874 419 3942 tolicis
434 3871 564 3939 scriniis
578 3871 735 3958 eduxere,
748 3873 800 3941 vel
813 3873 855 3940 ad
870 3874 1064 3942 eorumdem
1079 3875 1277 3944 scriniorum
1293 3879 1392 3945 fldem

276 4009 292 4048 «
318 3990 549 4072 provocarunt,
566 3981 614 4049 uti
634 3981 672 4047 P.
691 3983 902 4050 Constantius
921 3983 983 4050 late
1007 3983 1121 4073 probat
1139 3984 1184 4074 (in
1204 3985 1393 4076 praefatione

277 4116 294 4157 a
317 4091 397 4159 adt.
417 4093 430 4157 l
451 4091 674 4182 Epistularum
698 4091 924 4161 Romanorum
946 4093 1159 4180 Pontificum,
1177 4117 1210 4162 n.
1232 4095 1300 4184 ll).
1323 4097 1393 4164 Stet

276 4225 293 4266 a
316 4199 418 4290 igitur
432 4198 561 4268 nullum
578 4197 723 4267 codicem
738 4200 949 4269 decretalium
963 4202 1042 4270 olim
1054 4227 1073 4271 a
1086 4203 1234 4272 Romana
1249 4205 1391 4274 Ecclesia
