3072 4948
541 523 623 570 trinis
645 523 798 570 canumet.
1167 503 1227 564 333

115 665 236 752 tientes,
266 663 356 734 addit
383 665 471 734 illam
503 664 695 734 sententiam
724 663 886 731 desumi«
909 685 949 730 ox
979 669 1132 754 perpetua
1162 667 1229 728 tra·

118 797 133 834 e
154 770 274 841 ditione
297 779 329 840 et
356 772 562 842 observantia
594 769 807 840 conciliorum
835 768 1051 860 generalium,
1088 788 1229 859 quorum

118 878 266 946 «Patres
294 901 422 972 semper
447 887 503 948 aut
532 879 697 971 petierunt
726 885 783 946 aut
809 885 1000 968 receperunt
1024 875 1228 944 decretorum

115 1006 247 1053 suorum
261 986 555 1056 confirmationem.
588 1013 604 1050 a

155 1074 203 1142 Ex
218 1074 479 1166 praecedentibus
497 1075 645 1168 sequitur
661 1074 797 1142 concilia
811 1071 928 1165 partim
947 1070 1137 1164 approbata,
1153 1091 1229 1162 par·

115 1182 168 1248 tim
198 1205 276 1270 nou,
304 1183 422 1253 babere
444 1193 570 1254 tantum
593 1184 661 1252 v'iru
688 1181 770 1272 legis
790 1179 898 1274 quoad
920 1187 1044 1272 partem
1064 1180 1228 1271 approba·

114 1299 187 1360 tam

642 1477 701 1546 Vl.

112 1665 204 1730 Synodi
227 1665 398 1731 particulares
419 1679 467 1730 per
489 1679 516 1716 se
532 1677 584 1716 non
600 1663 698 1714 babent
721 1663 774 1714 vim
789 1661 855 1726 legis
872 1661 1035 1726 universalis,
1052 1675 1101 1713 uec
1117 1661 1226 1728 proinde

384 1758 444 1806 sunt
458 1753 516 1804 lona
530 1752 595 1818 juris
612 1751 731 1803 cmcnici
746 1752 834 1804 stricte
851 1752 956 1817 sumpti.

153 1961 237 2029 Nam
265 1960 329 2030 illae
354 1958 471 2051 synodi
497 1981 562 2028 non
589 1957 709 2026 babent
736 1957 995 2049 jurisdictionem
1025 1959 1089 2028 uisi
1116 1960 1149 2026 in
1174 1983 1229 2028 re-

112 2067 239 2154 gionem
268 2067 425 2158 aliquam,
457 2074 514 2134 aut
543 2065 578 2133 in
603 2064 805 2155 provinciam
830 2064 1089 2152 ecclesiasticam,
1120 2068 1228 2136 autin

113 2197 207 2242 unam
238 2173 415 2243 dioecesim.
443 2174 530 2264 Ergo
553 2194 612 2265 per
638 2195 672 2240 se
699 2194 813 2240 earum
836 2171 963 2240 decreta
991 2196 1056 2242 non
1082 2173 1228 2264 obligant

113 2283 280 2352 universos
315 2280 451 2368 fideles;
486 2303 564 2370 ergo
596 2302 661 2349 nou
696 2279 819 2348 iaciunt
845 2279 901 2371 jus
930 2281 1122 2350 canonicum
1151 2304 1226 2373 pro·

112 2389 180 2478 pric
205 2389 343 2476 dictum,
365 2390 397 2457 id
422 2398 483 2476 est,
507 2388 701 2456 universale.
728 2388 880 2456 Diximus
900 2410 965 2480 per
982 2411 1026 2472 se,
1043 2389 1120 2480 quia
1133 2390 1228 2480 plura

112 2495 236 2566 decreta
263 2495 464 2590 synodorum
490 2494 739 2587 particularium
768 2495 953 2563 factasunt
981 2497 1068 2585 leges
1095 2496 1228 2566 univer-

111 2604 190 2674 sales
209 2607 381 2674 accedente
401 2605 590 2673 auctoritate
613 2603 735 2672 summi
750 2603 933 2690 Poutilicis,
949 2603 1005 2672 illa
1025 2603 1229 2674 extendentis

111 2711 150 2780 ad
172 2714 362 2782 universam
382 2712 570 2782 Ecclesiam.
597 2713 737 2781 Possunt
756 2711 853 2780 etiam
877 2712 1013 2780 evadere
1029 2713 1228 2783 universales

111 2817 178 2888 istae
204 2821 293 2910 leges
315 2842 374 2912 per
396 2818 681 2899 consuetudinem
709 2841 825 2910 nempe
844 2819 870 2886 si
895 2819 1129 2889 consuetudine
1152 2821 1228 2890 uni-

112 2928 227 2995 versali
260 2921 459 3018 accipiantur
488 2934 519 2996 et
546 2927 608 2996 ista
634 2925 834 2996 consuetudo
860 2927 1058 2996 sufficienter
1086 2929 1228 2998 induerit

111 3035 268 3104 rationem
301 3035 393 3126 legis.
427 3035 615 3104 Notandum
643 3044 691 3104 est
719 3044 828 3104 autem
862 3036 990 3104 decreta
1017 3037 1228 3106 conciliorum

112 3143 355 3232 particularium
384 3165 459 3236 quae
486 3165 614 3235 semper
637 3151 756 3211 sanctae
780 3141 858 3211 Sedi
878 3153 953 3212 ante
976 3145 1228 3236 publicationem
1350 3223 1354 3232 ,

112 3252 259 3321 submitti
276 3251 406 3341 debent,
427 3252 605 3344 aliquando
620 3252 728 3321 redire
751 3275 817 3321 uon
834 3262 959 3322 tantum
974 3277 1050 3324 eum
1064 3253 1230 3323 ordinaria

112 3359 358 3449 approbatione,
384 3358 440 3428 sed
461 3360 596 3451 insuper
622 3358 721 3452 (quod
741 3359 953 3452 privilegium
969 3361 1029 3451 est)
1054 3385 1129 3430 cum
1152 3385 1229 3430 cou-

109 3467 296 3555 firmotiune
319 3470 505 3561 apostolica.
529 3470 593 3538 Sed
614 3470 677 3538 ista
696 3469 901 3538 confirmatio
922 3493 988 3539 non
1007 3479 1157 3539 censetur
1170 3493 1229 3539 ex-

113 3575 242 3645 tendere
262 3575 492 3666 obligationem
513 3577 643 3645 concilii
668 3577 880 3668 provincialis
898 3587 991 3645 extra
1011 3579 1226 3668 provinciam,

113 3701 168 3750 nec
196 3682 369 3752 nationalis
395 3692 488 3751 extra
514 3705 667 3772 regnum,
692 3706 750 3752 nec
777 3683 968 3752 dioecesanae
992 3684 1111 3775 synodi
1136 3696 1229 3753 extra

113 3787 288 3878 diaecesim,
317 3790 380 3857 nisi
400 3789 433 3857 id
453 3813 606 3881 expresse
625 3791 771 3859 enuntiet
786 3813 936 3862 summus
954 3791 1118 3860 Pontifex.
1136 3793 1230 3862 Unde

114 3895 174 3963 uisi
196 3898 289 3966 aliter
314 3920 467 3988 expresse
488 3906 608 3968 statuat
630 3899 799 3966 Romanus
826 3898 990 3985 Pontifex,
1014 3901 1132 3990 synodi
1152 3923 1230 3993 par·

113 4003 260 4072 ticulares
296 4004 454 4096 quaelibet'
488 4027 553 4074 non
588 4006 795 4074 constituunt
831 4005 896 4074 uisi
929 4005 985 4096 jus
1019 4007 1226 4096 particulare.

114 4109 174 4181 Sed
203 4135 277 4182 eum
309 4113 397 4203 leges
421 4113 642 4182 ecclesiastica
675 4113 886 4205 particulares
922 4113 1023 4181 variis
1051 4116 1229 4205 provinciis

115 4229 168 4288 aut
192 4221 385 4290 dioecesibus
412 4221 531 4290 faciant
556 4223 610 4312 jus
634 4220 742 4313 quoad
767 4221 905 4313 aliquos,
935 4223 1102 4290 benedici
1131 4226 1227 4294 etiam
