3042 4946
238 453 298 518 542
590 467 766 515 rnacrnrus
789 469 826 512 oa
850 467 1004 514 carnotens

235 620 284 678 ret
298 610 448 679 Ecclesia.
467 646 511 660 -
525 608 608 678 Nam
631 608 671 676 dc
694 608 777 676 lacto
798 607 943 676 Ecclesia
965 605 1057 674 initio
1076 603 1239 674 aChristo
1259 603 1354 672 insti-

235 727 304 787 tuta
319 719 353 786 in
368 717 477 786 sinum
494 739 592 786 suum
615 739 683 786 non
703 717 836 808 recepit,
855 738 913 784 nec
937 715 1084 784 membra
1105 735 1164 783 sua
1185 712 1273 801 lecit,
1291 713 1356 780 nisi

234 851 289 899 eos
304 830 361 921 qni
376 829 439 896 sibi
459 827 587 897 docenti
602 827 733 896 credere
757 826 895 918 professi
917 833 1004 895 snnt.
1027 823 1092 892 Sed
1113 824 1142 892 si
1164 830 1355 914 potestatem

201 1003 205 1008 .
234 935 371 1006 docendi
384 959 404 1004 a
418 937 548 1006 Christo
569 957 685 1006 revera
709 957 775 1004 non
796 935 981 1027 accepisset,
997 933 1081 1002 hanc
1096 930 1258 1022 exigendo
1277 953 1356 1022 pro·

235 1045 421 1130 sessionem,
446 1043 616 1135 tyrannice
643 1051 675 1111 et
702 1043 821 1133 injuste
847 1049 969 1132 ageret.
998 1041 1087 1130 Ergo
1113 1039 1268 1121 Ecclesia,
1298 1060 1358 1129 per

234 1151 406 1244 Apostolos
419 1150 552 1220 inducta
565 1159 597 1220 et
611 1173 630 1218 a
647 1152 686 1218 l8
702 1149 832 1218 saeculis
851 1149 1045 1241 perdurans,
1063 1147 1236 1237 illegitima
1250 1153 1337 1214 esset
1345 1173 1355 1232 ;

236 1284 315 1352 ergo
339 1283 405 1330 non
428 1269 510 1330 esset
532 1282 610 1329 vera
631 1259 753 1328 Christi
778 1258 939 1346 Ecclesia;
963 1280 1043 1348 ergo
1068 1257 1159 1326 nulla
1181 1254 1359 1325 exstitisset

236 1393 396 1463 unquam,
414 1392 473 1440 nec
490 1369 643 1438 existeret
665 1389 764 1454 nnnc,
782 1366 929 1458 legitima
942 1367 1065 1436 Christi
1087 1366 1240 1436 Ecclesia.
1258 1363 1360 1434 Nulla

236 1479 323 1546 enim
338 1487 386 1546 est
406 1477 539 1546 societas
559 1499 632 1568 quae
654 1475 806 1545 historice
831 1475 1107 1546 demonstratura
1126 1474 1257 1544 Christo
1278 1473 1359 1540 lun-

237 1588 311 1655 data
332 1595 364 1654 ct
387 1609 443 1676 per
458 1585 630 1677 Apostolos
653 1593 843 1677 propagata,
859 1607 958 1676 quam
983 1583 1040 1654 illa
1060 1607 1135 1676 qua
1154 1583 1276 1651 dicitur
1294 1583 1359 1651 Ec·

237 1693 334 1764 alesia
359 1692 516 1762 catholica
541 1720 548 1760 :
572 1693 644 1761 haec
670 1714 748 1762 vero
774 1715 902 1784 semper
927 1693 1041 1761 haberi
1071 1692 1177 1762 voluit
1200 1699 1359 1784 anquam

238 1809 391 1894 potestate
406 1799 543 1870 docendi
558 1813 589 1868 et
603 1801 700 1870 lidem
726 1801 879 1891 exigendi
895 1802 1044 1892 praedita.

281 1911 466 1979 Pnorosrrro
482 1912 529 1978 2³.
547 1945 591 1960 -
604 1909 832 1999 Mapistera'um
852 1933 907 1978 seu
929 1922 1074 2001 potestas
1093 1910 1229 1978 docendi
1243 1911 1278 1980 in
1293 1913 1361 1979 Ec-

238 2019 333 2088 clesia
348 2016 496 2098 residens,
512 2029 556 2085 est
564 2029 711 2110 potestas
723 2017 894 2108 obliqencli
907 2018 954 2086 od
964 2019 1077 2110 fidem.
1094 2057 1139 2071 -
1154 2019 1245 2088 Patet
1257 2019 1361 2087 ratio·

240 2127 336 2195 nibus
358 2125 394 2193 in
419 2124 501 2194 thesi
528 2124 723 2216 praeccdcnti
746 2125 907 2194 adductis.
934 2127 975 2195 Et
999 2129 1029 2194 l⁰
1050 2127 1229 2218 Scripturas
1253 2127 1362 2196 allatis

240 2235 406 2303 textibus:
429 2233 610 2302 predicate
634 2233 856 2324 Evcoqelium
876 2234 968 2302 omni
988 2247 1186 2304 creature...
1209 2236 1277 2318 Qui
1296 2257 1361 2302 eron

239 2341 421 2422 crediderit,
440 2340 721 2410 condemnabitur.
738 2341 827 2431 Ergo
847 2341 997 2410 Ecclesiae
1018 2342 1208 2434 praedieanti
1223 2365 1283 2410 seu
1298 2341 1362 2410 do-

240 2455 325 2523 centi
352 2453 581 2543 Evangelium‚
609 2452 642 2521 id
669 2462 728 2540 est,
754 2451 946 2542 religionem
970 2476 990 2520 a
1013 2453 1143 2523 Christo
1168 2453 1359 2536 revelatam,

240 2565 286 2631 ita
314 2584 426 2631 omnes
454 2569 606 2631 tenentur
634 2562 778 2648 credere,
804 2569 841 2628 ut
869 2562 931 2629 nisi
961 2559 1105 2648 credant,
1135 2562 1170 2629 in
1199 2568 1361 2630 aurnum

241 2669 418 2740 damnandi
434 2669 509 2738 sint.
528 2708 572 2722 -
591 2671 656 2752 Qui
670 2669 851 2738 Ecclesiam
873 2693 941 2738 noa
961 2669 1115 2751 audierit,
1133 2669 1177 2737 sit
1199 2669 1261 2736 tibi
1277 2670 1362 2736 sicca

241 2781 386 2850 ethnicas
412 2791 443 2847 et
460 2779 657 2872 publicanus
677 2805 687 2845 :
706 2801 785 2868 ergo
807 2781 866 2871 qui
892 2779 1067 2848 Ecclesiam
1094 2778 1262 2848 dooentem
1283 2802 1360 2870 qnae

242 2889 305 2958 tide
328 2887 468 2957 tenenda
488 2896 576 2976 sunt,
601 2909 666 2956 non
690 2886 792 2974 audit,
810 2895 965 2980 tanquam
991 2886 1136 2956 infidelis
1158 2896 1190 2956 et
1213 2896 1363 2979 peccator

242 2996 411 3066 habendus
430 3004 487 3064 cst.
506 3035 551 3048 -
571 2998 670 3064 Pasce
689 3017 793 3085 cynos
811 3047 862 3078 ...,
876 3018 973 3087 pasce
999 3018 1071 3063 caes
1143 3023 1154 3062 .·
1170 3001 1361 3087 potestatem

243 3117 352 3202 pastor
378 3107 474 3186 habet
501 3129 619 3198 pascua
654 3106 894 3175 determinandi
926 3106 1045 3174 ovibus
1073 3107 1233 3197 prolicua,
1260 3127 1315 3173 eas
1341 3129 1362 3172 a

243 3217 370 3310 pascuis
385 3237 460 3308 qum
479 3215 548 3306 ipse
563 3213 728 3282 existimat
742 3221 901 3283 venenata
923 3213 1055 3282 arcendi
1061 3239 1070 3300 ;
1085 3235 1144 3282 nec
1157 3213 1298 3282 liberum
1314 3219 1362 3280 est

244 3324 360 3393 ovibus
379 3323 451 3391 aliis
473 3323 521 3391 uti
544 3321 672 3414 pascois
692 3343 792 3412 quam
815 3343 890 3413 qum
914 3320 1057 3390 decrevit
1080 3326 1201 3412 paster.
1226 3320 1314 3410 Ergo
1332 3321 1362 3388 si

243 3431 437 3524 pastoralem
462 3436 650 3521 potestatem
667 3428 819 3498 Christus
840 3429 875 3496 in
897 3429 1040 3497 Ecclesia
1060 3449 1120 3496 sua
1141 3427 1293 3515 instituit,
1307 3428 1362 3519 jus

244 3539 375 3609 habebit
396 3537 453 3605 illa
476 3543 615 3628 potestas
640 3546 676 3604 ut
699 3558 777 3605 oves
804 3537 866 3604 sibi
893 3535 1035 3624 credita,
1057 3557 1174 3627 nempe
1199 3535 1361 3624 homines,

243 3671 297 3718 eas
310 3646 468 3737 accipiant
489 3644 655 3714 doctrinas
680 3667 761 3735 quas
785 3645 856 3734 ipsa
878 3645 925 3711 eis
947 3644 1063 3732 tradet,
1080 3666 1148 3712 non
1169 3643 1267 3730 alias3
1283 3665 1363 3734 ergo

242 3760 297 3850 jus
313 3754 443 3824 habebit
457 3777 512 3824 eos
527 3754 569 3822 ad
584 3753 782 3823 credendum
805 3754 982 3844 obligandi.

290 3870 323 3933 2⁰
339 3865 427 3932 Idem
449 3863 610 3932 evincitur
623 3884 664 3929 ex
686 3861 838 3929 Ecclesia
854 3863 950 3954 praxi
971 3871 1002 3929 et
1020 3861 1193 3932 traditione
1212 3863 1360 3931 Petrum.

247 3975 421 4066 Nunquam
439 3971 526 4040 enim
547 3970 688 4039 Ecclesia
705 3971 744 4038 ad
766 3971 963 4062 baptismum
985 3980 1016 4040 et
1039 3981 1193 4064 tanquam
1216 3973 1364 4041 membra

247 4085 364 4176 recepit
386 4083 449 4151 nisi
470 4105 537 4169 eos,
555 4082 611 4173 qui
635 4081 734 4150 fidem
754 4082 984 4173 profiterentur
1005 4105 1104 4174 quam
1128 4083 1199 4173 ipsa
1220 4083 1312 4151 docet
1333 4093 1363 4152 et

248 4195 355 4265 tradit.
378 4193 561 4262 Renuentes
583 4215 696 4262 omnes
719 4215 739 4260 a
760 4195 989 4263 communione
1008 4215 1068 4262 sna
1089 4215 1217 4284 semper
1238 4193 1360 4284 rejecit.
