3064 4952
560 479 642 526 snare
664 479 813 529 cssorrcr.
1181 459 1238 525 17¹

135 641 150 678 c
173 615 214 684 ad
244 617 468 688 Innocentium
489 620 504 688 l
530 621 773 701 auctoritateret,
806 643 863 688 sen
885 620 1061 712 primatum
1080 619 1114 686 in
1135 618 1241 711 ipsum

134 751 150 788 s
173 723 397 796 Pontificema
418 727 454 797 S.
469 729 566 798 Petro
590 728 830 814 transmissum,
857 749 897 795 cc
916 739 1107 795 sanctonum
1126 727 1244 818 Scirp-

133 856 149 895 s
175 845 331 904 curarum
345 837 543 906 auctoritate
563 837 791 930 depromptam
806 835 1021 904 affirmarunt.
1043 835 1084 903 Et
1109 833 1143 903 S.
1162 835 1245 902 Gre-

132 965 149 1003 c
172 940 287 1030 gorius
303 943 338 1034 (l.
358 948 390 1033 l,
407 945 524 1038 Epist,
539 967 590 1038 ep.
611 944 663 1035 32)
684 971 691 1012 :
713 971 729 1009 c
756 943 890 1042 Cunctis
901 943 1121 1034 Eoonpelium
1141 943 1243 1012 scien-

132 1072 148 1110 «
175 1048 375 1142 tibmliquct
390 1053 479 1144 quod
491 1076 565 1121 voce
583 1053 726 1132 Domini,
751 1063 860 1118 sancto
885 1063 915 1117 et
940 1051 1089 1118 omnium
1109 1053 1245 1143 Aposto-

132 1180 149 1218 ιι
174 1157 284 1226 lencm
294 1161 442 1253 principi
457 1166 554 1231 Petro
570 1163 669 1231 totius
686 1161 835 1232 Ecclesiae
858 1183 938 1227 cura
953 1159 1125 1226 commissa
1141 1171 1196 1227 est.
1224 1185 1241 1224 n
1320 1242 1321 1251 ἵ

175 1265 272 1336 Hunc
290 1269 466 1360 primatum
484 1269 719 1361 jurisdictionis
742 1271 776 1337 in
797 1289 887 1337 sacra
912 1267 1081 1359 Scriptura
1103 1267 1245 1359 exprimi

129 1372 178 1440 sic
194 1373 335 1444 declarat
347 1375 462 1447 Glerus
483 1378 675 1468 gallicanus,
691 1399 776 1445 anno
797 1379 881 1444 1682
902 1403 909 1443 :
928 1373 1090 1442 Divinitus
1108 1375 1245 1442 institu-

129 1493 221 1564 tum,
250 1495 280 1550 et
299 1483 341 1552 ab
362 1487 542 1578 annqelio
569 1486 739 1566 discimus,
765 1497 795 1553 ct
822 1495 891 1551 tota
921 1481 1013 1550 docet
1036 1481 1245 1550 ecclesiastica

129 1592 281 1662 traditio.
313 1597 354 1665 Et
382 1597 517 1667 Bossuet
539 1627 546 1666 :
572 1598 727 1688 Theolopi
753 1619 874 1677 omnes,
907 1621 946 1664 ac
976 1593 1171 1663 Parisienses
1198 1595 1250 1660 vel

129 1703 280 1772 maxime
303 1702 455 1774 adversm
481 1707 647 1776 hereticos
663 1705 850 1796 primatum
872 1704 1092 1797 Apostolicum
1102 1708 1247 1799 probant

129 1834 172 1878 er
188 1811 240 1880 Iris
252 1813 331 1880 locis
347 1839 358 1880 .·
378 1815 423 1881 Tu
437 1837 468 1882 cs
484 1818 609 1899 Petrus,
632 1823 666 1884 et
684 1816 854 1907 Confirmet
867 1817 987 1906 fratres
1004 1828 1088 1903 titos,
1104 1825 1136 1884 et
1149 1820 1248 1885 Pasce

129 1941 206 1986 oves
231 1943 330 1989 meas.
362 1922 539 2014 (Deseruio,
569 1932 590 1990 t.
610 1925 636 2011 1,
655 1947 687 2016 p.
707 1928 745 2011 3,
761 1922 838 1992 edit.
861 1923 972 2015 17⁴5.)
989 1922 1151 1992 Lutherus
1164 1925 1246 2016 ipse,

128 2035 307 2119 antequam
333 2029 374 2098 ab
389 2030 532 2100 Ecclesia
546 2031 640 2123 plane
659 2031 851 2100 descisceret
865 2031 911 2123 (in
927 2053 1024 2123 opere
1039 2039 1151 2100 eontra
1170 2031 1248 2122 Syl-

127 2145 279 2204 vestrnm
289 2136 328 2204 de
337 2137 494 2228 Priorate)
513 2138 631 2228 allegat
644 2138 773 2207 eosdem
787 2137 964 2230 Scriptura
978 2147 1098 2226 textus,
1116 2147 1147 2208 et
1157 2139 1248 2206 affir-

130 2253 200 2314 mat
216 2269 326 2315 omues
334 2249 437 2338 soteri
449 2247 616 2317 Pontificis
629 2249 850 2318 auctoritatem
864 2249 978 2316 axillis
990 2249 1142 2317 derivari.
1160 2249 1247 2338 Ergo

129 2354 260 2444 primo,
292 2355 380 2423 citati
406 2364 513 2425 textus
540 2356 738 2446 evangelici,
772 2364 841 2425 tum
868 2379 910 2424 ex
938 2357 1080 2446 genuino
1099 2363 1131 2425 ot
1151 2356 1247 2424 obvio

130 2483 252 2548 sensu,
279 2469 349 2531 tum
370 2486 410 2530 ex
434 2464 600 2533 communi
613 2465 748 2533 Petrum
764 2473 794 2532 et
805 2464 1030 2556 theologorum
1055 2466 1247 2557 interpreta-

130 2573 239 2657 tione,
270 2571 459 2664 exprimunt
486 2572 662 2664 primatum
687 2572 922 2663 jurisdictionis
954 2574 1051 2644 Petro
1079 2555 1245 2660 collatum,

130 2688 164 2746 et
192 2680 229 2747 in
255 2701 294 2748 eo
321 2679 464 2770 primatu
492 2681 672 2750 necessario
708 2681 866 2750 inclusam
892 2681 1108 2772 legislativam
1138 2689 1247 2773 potes-
1381 2761 1383 2768 s

129 2795 243 2856 tatem.

177 2900 211 2963 2⁰
233 2896 368 2965 Certum
384 2904 432 2964 est
445 2896 634 2988 predictam
651 2906 838 2990 potestatem
853 2899 895 2967 od
909 2898 1030 2967 Christi
1048 2921 1247 2968 successores

131 3029 292 3078 manasse.
322 3009 413 3078 Idem
441 3011 527 3078 enim
558 3019 606 3080 est
635 3010 668 3078 in
695 3007 867 3079 asserenda
889 3010 949 3079 hac
968 3011 1132 3104 potestatis
1151 3010 1247 3078 Petro

129 3116 262 3186 traditae
287 3117 323 3184 in
342 3139 541 3186 successores
563 3117 807 3186 transmissione
821 3117 958 3187 Petrum
972 3126 1004 3185 et
1022 3118 1245 3208 theologorum

131 3247 319 3296 consensus.
349 3225 508 3308 Quodam
528 3225 709 3317 insigniora
724 3225 860 3294 sufficiat
875 3224 1034 3295 adducere
1049 3225 1244 3295 testimonia.

131 3335 305 3429 Philippus
327 3335 484 3405 Romanae
510 3337 662 3406 Ecclesia
681 3338 848 3430 presbyter
868 3337 1024 3431 Ephesini
1039 3336 1167 3405 concilii
1181 3337 1247 3404 Pa-

135 3446 239 3514 tribus
259 3443 423 3512 affirmare
434 3467 500 3512 non
520 3443 681 3513 dubitavit
703 3445 819 3517 :Nulli
834 3445 982 3527 dubium,
1008 3447 1110 3513 immo
1123 3445 1246 3514 suculis

134 3554 285 3624 omnibus
298 3565 426 3636 uotum,
444 3552 533 3645 quod
545 3566 675 3622 sancms
689 3557 804 3622 Petrus
817 3553 863 3621 ad
875 3554 935 3621 hoc
957 3575 1057 3645 usque
1073 3567 1199 3645 tempus
1217 3565 1247 3620 et

133 3687 260 3756 semper
273 3663 307 3730 in
322 3663 388 3730 suis
402 3660 630 3730 successoribto
653 3662 734 3731 civit
760 3661 869 3753 (Conc.
887 3660 987 3752 Epa,
1002 3669 1063 3729 act.
1083 3661 1127 3752 3).
1145 3661 1247 3729 Sanc-

134 3780 185 3840 tus
210 3773 327 3840 Petrus
349 3769 572 3860 chrysologus
596 3769 709 3862 (Epist.
739 3769 779 3838 ad
796 3769 951 3862 Eulyeh.‚
976 3781 1011 3837 n⁰
1028 3769 1060 3862 2)
1082 3772 1247 3838 :Sanctus

134 3883 252 3949 Petrus
277 3879 335 3970 qui
353 3879 386 3946 in
404 3878 546 3970 propria
567 3877 640 3946 sede
655 3893 686 3946 et
705 3877 830 3946 civiter
846 3877 1012 3970 presidet.
1030 3879 1167 3948 Sanctus
1181 3879 1246 3948 Leo

135 3989 254 4075 (Serm.
274 3993 307 4076 2,
325 3988 359 4056 in
380 3989 547 4080 Assumpt.
566 3986 672 4056 suiad
686 3987 820 4074 Pontii,
837 4011 864 4056 c.
886 3987 917 4078 3)
940 4015 946 4055 :
967 3990 1070 4081 Gujrcs
1088 3988 1197 4079 (Petri)
1214 3990 1246 4056 in

136 4121 194 4166 sua
208 4096 280 4165 sede
295 4095 373 4164 civit
379 4108 525 4188 potestas
538 4107 568 4164 ct
583 4095 708 4164 excellit
723 4096 913 4165 artetes-ilos.
936 4096 976 4165 Et
992 4097 1094 4188 eapite
1109 4100 1127 4164 l
1146 4125 1152 4164 :
1174 4099 1246 4164 Cu-

126 4263 129 4267 a
133 4207 190 4296 jus
206 4203 350 4293 dipnitcs
361 4203 462 4272 etiam
478 4201 511 4270 iu
525 4202 656 4292 indique
670 4203 795 4272 osrede
810 4227 872 4272 non
884 4203 1001 4296 deficit.
1017 4205 1100 4274 Hinc
1112 4207 1247 4274 Bossuet
