3072 4948
483 457 565 503 runis
587 457 737 504 cnnomcr.
1104 441 1162 508 lll

101 595 335 686 Arqunacutum
353 599 411 666 Ill.
427 633 471 648 -·
487 595 552 666 Seu
572 597 775 666 confirmatio
793 623 833 667 cx
852 601 957 691 praxi.
978 601 1024 670 Dc
1039 601 1122 672 lacto
1136 612 1167 672 et

62 705 91 770 in
112 705 204 795 praxi
223 705 440 796 Congregatio
456 705 594 774 Concilii
612 727 687 774 suas
705 704 885 777 decisiones
903 719 997 801 urget
1012 719 1165 804 unquam

61 811 166 881 eodem
191 811 308 881 robore
329 835 366 880 ae
388 810 515 882 decreta
536 811 657 880 summi
680 812 843 882 Pontificis
861 815 1030 906 pollentes,
1049 827 1081 886 et
1096 827 1168 888 tan·

61 943 152 1010 quarn
178 919 409 1009 obligationem
436 918 636 989 inducentes.
665 919 719 989 Sic
743 921 830 990 enim
854 922 949 992 habet
972 925 1168 1018 rescriptum

61 1027 219 1118 quoddam
235 1027 508 1118 Congregatiouis
522 1027 610 1120 quod
624 1027 702 1096 citat
713 1026 1004 1119 Schmalzgrueber
1018 1033 1165 1125 (procem.

62 1150 94 1205 n⁰
115 1139 188 1226 372)
214 1163 222 1203 ε
247 1134 376 1206 Eadem
400 1136 488 1205 ratio
506 1133 657 1204 tacenda
677 1149 721 1205 est
742 1135 778 1204 iu
792 1137 843 1205 dis
860 1159 933 1230 quar
946 1138 1168 1210 scribuntur

62 1245 277 1316 cardinalibus
301 1267 403 1316 socru
431 1244 699 1338 Conprepatiouis
725 1246 853 1316 concilii
882 1247 1075 1331 Tridentini,
1105 1273 1168 1319 uo-

63 1355 143 1425 mine
170 1358 273 1450 ipsius
303 1358 571 1448 Conprepatioui,
602 1381 641 1426 ac
669 1360 699 1427 si
726 1382 748 1427 a
779 1363 873 1450 Papo
901 1361 1025 1454 surpta
1053 1371 1166 1434 esseut.

67 1493 80 1528 u
100 1464 186 1535 Solet
203 1467 421 1558 congregatio
443 1467 498 1558 (ait
512 1467 730 1558 Plettenberg,
750 1467 871 1537 Notitia
883 1469 1046 1560 Congreg.
1064 1494 1093 1540 c.
1115 1474 1166 1553 18,

67 1605 81 1640 a
102 1576 123 1666 ξ
144 1579 176 1665 2,
202 1585 240 1644 η’
264 1577 315 1666 ll)
339 1597 406 1644 non
425 1575 532 1644 solum
554 1575 730 1668 prmcipere
754 1585 791 1644 ut
811 1575 1043 1647 declarationes
1057 1579 1170 1648 obser-

67 1711 81 1747 «
102 1694 229 1772 ventur,
257 1686 313 1754 scd
333 1685 431 1754 etiam
455 1685 491 1752 in
512 1693 718 1754 contumaces
735 1683 840 1776 poenis
855 1692 887 1753 ct
902 1685 1049 1754 censuris
1064 1685 1170 1754 cccle-

69 1792 234 1863 csiasticis
259 1791 528 1864 animadvertere.
557 1791 787 1884 Expedinntur
809 1791 906 1860 etiam
933 1814 991 1883 pro
1018 1793 1170 1862 observa·

68 1927 82 1962 n
103 1901 187 1970 tione
214 1900 346 1970 illarum
370 1899 624 1970 declarationum
650 1924 670 1968 a
691 1899 862 1969 secretario
885 1899 1034 1970 brevium
1054 1882 1170 1971 litterae

69 2009 299 2100 «apostolicas,
328 2017 359 2076 et
383 2007 424 2076 ab
448 2007 595 2077 auditore
619 2009 766 2077 Camerae
791 2006 974 2095 monitoria,
1001 2032 1076 2101 quae
1102 2011 1171 2080 sine

69 2116 307 2186 «cunctatione
333 2115 430 2202 Rota,
457 2114 620 2206 Episcopi,
648 2122 680 2182 et
707 2112 800 2182 Sedis
826 2113 1019 2205 Apostolicae
1046 2115 1171 2202 Nuntii,

71 2249 84 2286 n
105 2225 194 2316 quin,
218 2234 252 2295 et
271 2224 306 2294 S.
322 2224 364 2294 R.
382 2224 420 2295 E.
437 2223 619 2293 cardinales
639 2231 671 2291 et
690 2222 730 2291 de
748 2222 847 2290 latere
862 2223 974 2312 Legati
988 2224 1173 2316 suscipiunt

71 2361 84 2396 n
105 2343 134 2401 et
148 2342 387 2426 exsequuntur.
405 2359 422 2399 n

108 2443 348 2512 «Constitunnt
367 2465 446 2532 ergo
465 2439 696 2510 declarationes
716 2439 786 2507 istae
801 2438 856 2529 jus
870 2439 1052 2508 universale
1065 2440 1172 2532 quoad

70 2575 83 2612 a
104 2572 226 2636 omnes,
248 2549 323 2618 licet
343 2549 435 2617 factae
459 2548 524 2616 sint
546 2547 652 2616 solum
675 2544 716 2613 ad
732 2545 918 2614 instantiam
934 2545 1048 2634 solius,
1065 2571 1122 2617 scu
1137 2549 1172 2617 in

71 2687 84 2720 r
105 2681 176 2728 casu
193 2658 403 2752 particulari;
426 2657 563 2748 ideoque
580 2679 645 2726 non
660 2654 765 2725 solum
782 2653 988 2743 doctrinales,
1004 2656 1173 2726 sedetiam

72 2793 85 2828 n
106 2765 279 2835 delinitivae
306 2774 394 2851 sunt,
421 2787 487 2833 non
515 2787 607 2834 secus
630 2785 668 2832 ac
692 2764 718 2830 si
743 2761 876 2853 abipso
898 2761 1172 2834 Pontifieeeditm

73 2873 288 2944 ulunsent.»

107 2981 302 3051 Sententiam
335 2981 419 3050 hanc
451 2979 667 3049 affirmantem
702 2977 882 3049 detendunt
915 2979 1009 3048 multi
1038 2981 1174 3050 maximi

70 3091 200 3159 nominis
222 3091 381 3179 doctores,
406 3091 492 3158 inter
513 3112 595 3181 quos
616 3088 802 3180 Fagnanus,
828 3089 925 3181 Engl,
949 3088 1172 3178 Reiffenstuel,

70 3199 235 3270 cardinalis
249 3199 290 3272 de
305 3199 406 3287 Luca,
422 3208 454 3268 et
467 3199 622 3268 Barbosa.

340 3447 385 3501 ΙΙΙ.
405 3445 560 3502 Sarranus
579 3459 708 3500 nnonnns
726 3459 901 3500 consummo.

110 3633 260 3705 Rationes
280 3655 379 3726 supra
400 3633 504 3702 allatas
522 3633 690 3701 sententiae
706 3633 854 3722 negantis
867 3631 913 3700 sic
927 3631 1088 3702 confutari
1102 3657 1176 3727 pos·

74 3751 168 3810 sunt:
198 3743 374 3812 uvarum
396 3740 529 3834 quidem
552 3748 600 3809 est
613 3740 907 3831 Congregationem
923 3739 1059 3810 Concilii
1080 3765 1176 3812 usur-

74 3869 142 3936 pare
166 3850 253 3919 hune
278 3849 432 3943 loquendi
448 3847 595 3936 modum,
617 3870 788 3930 cuucmus,
809 3847 932 3916 censuit
947 3851 1178 3940 couqrcpctio,·

76 3956 124 4022 sed
149 3969 273 4029 constat
297 3959 394 4028 etiam
421 3959 495 4027 illas
521 3979 616 4026 voces
641 3957 676 4024 in
695 3955 956 4049 jurisprudentia
979 3981 1180 4052 synonymus

78 4084 135 4133 csse
157 4067 306 4156 istarum,
328 4067 568 4147 constituimus,
591 4065 801 4146 decemimus,
821 4065 1044 4158 precipimus,
1060 4068 1181 4159 prodi·

80 4169 177 4243 demus
196 4203 205 4245 :
229 4177 298 4271 ipse
315 4177 482 4248 Romanus
501 4184 632 4245 senatus
653 4173 686 4244 in
703 4171 905 4246 decernendo
920 4174 1069 4244 utebatur
1085 4180 1183 4252 verbo
