3064 4952
529 491 611 540 turus
634 493 787 541 ctuourcr.
1157 474 1217 542 tot

96 628 193 698 Sedis
206 637 345 721 potestas
358 631 399 700 ad
413 631 556 700 nihilum
572 632 785 724 redigeretur.
803 634 906 702 Porro
916 633 989 704 tulis
1002 641 1085 702 esset
1094 634 1216 726 papalis

94 738 152 805 ille
179 737 343 825 voluntas,
369 739 402 808 vi
426 739 519 829 cujus
532 739 675 810 liberum
691 741 783 810 tieret
800 742 949 812 Praelatis
962 743 1116 812 omnibus
1129 742 1217 833 leges

97 845 300 914 universales
313 869 333 914 a
347 845 430 916 Sede
443 847 629 940 Apostolics
645 850 784 919 sancitas
797 873 857 942 pro
871 851 967 920 libitu
987 859 1152 944 acceptare
1168 851 1221 922 vel

97 953 246 1046 reJicere.
281 955 480 1048 Plerumque
507 957 598 1025 enim
622 958 782 1046 eveniret,
803 979 863 1050 pro
876 959 989 1027 inuata
1003 957 1060 1026 illa
1073 981 1218 1052 propen-

97 1063 208 1152 sione,
230 1087 296 1155 qua
314 1065 510 1134 inveteratos
530 1065 652 1135 ebusus
664 1089 741 1136 suos
756 1073 788 1134 et
802 1089 921 1158 pravos
934 1087 1043 1135 mores
1062 1068 1221 1160 extirpari

98 1193 188 1262 segre
213 1172 363 1242 homines
388 1174 574 1267 patiuntur,
599 1183 637 1243 ut
660 1175 806 1244 maxime
828 1174 1017 1244 necessuriae
1039 1174 1217 1267 pontificiae

97 1279 188 1370 leges
209 1280 328 1350 nullibi
349 1281 664 1374 reciperentur,.vel
685 1283 730 1351 ibi
747 1283 908 1375 praecipue
927 1283 1094 1352 incassum
1110 1281 1216 1352 edice·

97 1395 229 1475 rentur,
252 1389 309 1456 ubi
329 1397 394 1458 tota
408 1391 443 1458 vi
458 1389 570 1480 urgeri
592 1389 790 1460 debuissent.
807 1390 879 1472 Quo
897 1390 1017 1483 posito,
1035 1391 1217 1461 intumum

98 1496 190 1566 abire
199 1497 338 1589 plectam
351 1499 493 1567 Romani
507 1499 673 1568 Pontificis
697 1499 882 1568 univocam
903 1499 1083 1568 Ecclesium
1096 1500 1218 1590 puber-

98 1603 207 1674 noudi
216 1618 413 1698 potestatem
427 1629 526 1676 nemo
539 1629 606 1677 non
620 1606 720 1677 videt.

142 1720 290 1804 Quinam
310 1744 388 1812 crgo
410 1743 587 1791 cousensus
602 1721 638 1790 in
658 1721 809 1790 Romano
824 1719 978 1789 Pontifice
990 1721 1149 1813 presumi
1165 1744 1219 1790 ra-

98 1829 299 1898 tionabiliter
322 1839 353 1898 et
372 1828 516 1920 legitime
538 1833 664 1921 potestt
679 1828 752 1897 Nou
770 1829 857 1897 elius
877 1828 1022 1921 profecto
1046 1851 1146 1922 quum
1166 1829 1220 1899 ille

95 1938 168 2028 jam
180 1939 364 2030 expositus:
379 1959 455 2006 cum
468 1960 587 2030 nempe
602 1937 789 2027 contingere
800 1936 901 2028 possit
916 1943 953 2006 ut
967 1937 1055 2028 leges
1064 1939 1218 2030 quaedum

98 2047 318 2134 universales,
350 2048 589 2118 accidentaliter
613 2049 647 2116 iu
671 2047 780 2138 eliqua
805 2047 940 2137 regione
954 2047 1075 2139 ubsque
1094 2047 1219 2117 nocivis
1340 2089 1344 2100 ι

99 2155 340 2224 turbationibus
361 2157 472 2247 urgeri
500 2165 677 2248 nequeant,
706 2177 748 2222 ex
778 2153 925 2244 legitima
954 2156 1219 2246 interpretatione

99 2263 242 2354 supponi
264 2271 368 2355 potest
389 2286 542 2333 summus
558 2263 711 2333 Pontifex
726 2263 893 2349 assentire,
912 2263 997 2331 utin
1014 2262 1071 2331 tali
1088 2265 1219 2354 regione

99 2371 155 2440 lcx
177 2395 237 2440 sue
253 2373 366 2441 statim
388 2394 452 2440 non
479 2373 611 2462 obliget.
639 2373 682 2439 At
709 2393 840 2440 summe
853 2371 974 2462 pariter
1004 2371 1160 2440 nocivum
1187 2383 1220 2441 ct

99 2479 321 2570 periculosum
351 2481 452 2569 foret,
484 2479 691 2549 definitivum
716 2485 748 2547 et
769 2477 990 2569 independens
1000 2477 1164 2570 judicium
1179 2481 1234 2554 de,
1345 2515 1348 2518 ·

100 2587 319 2679 inopportuna
337 2587 420 2678 legis
438 2587 629 2656 executione
652 2585 801 2654 Praelatis
828 2585 891 2653 loci
911 2586 1067 2677 permitti.
1093 2586 1220 2657 Sufficit

58 2697 62 2708 ’
99 2697 191 2766 enim
211 2696 251 2764 ad
267 2695 479 2789 praecavende
493 2694 702 2764 incommode
722 2695 760 2786 (si
779 2716 857 2764 veru
871 2697 938 2763 sint
953 2703 985 2764 et
1000 2718 1066 2764 non
1082 2695 1219 2789 fictitia),

100 2814 138 2874 ut
163 2805 378 2898 suspendatur
402 2807 485 2897 legis
510 2805 664 2896 obligatio
679 2805 781 2873 donec
801 2804 934 2873 Praeleti
948 2806 1102 2895 regionis,
1120 2829 1219 2900 expe-

100 2912 170 2980 dite
184 2913 226 2982 ad
242 2921 385 2982 sanctam
402 2913 521 2984 Sedem
541 2913 791 3006 supplicatione,
809 2935 1003 3005 responsum
1019 2917 1218 3008 receperint,

100 3019 153 3088 vel
184 3021 354 3111 regionem
370 3045 389 3090 a
415 3021 485 3112 lege
512 3021 716 3113 dispensans,
734 3021 786 3088 vel
800 3021 952 3090 eamdem
968 3021 1075 3112 legem
1096 3027 1219 3116 praeci-

100 3129 194 3219 piens
218 3129 358 3216 servari,
377 3129 537 3198 declarate
557 3129 759 3220 objectarum
775 3128 942 3197 rationum
957 3131 1115 3201 nullitate.
1134 3134 1218 3202 Cum

99 3259 181 3325 ergo
200 3236 323 3328 papalis
343 3259 519 3306 consensus
540 3237 585 3305 ita
611 3237 808 3324 intellectus,
824 3234 865 3304 ed
881 3237 1081 3308 removenda
1095 3239 1220 3310 incom-

102 3343 214 3433 mode,
233 3369 307 3436 queo
328 3346 370 3415 ad
401 3345 657 3414 destructionem
677 3353 795 3430 essent,
813 3367 879 3412 nou
895 3345 936 3412 ed
956 3344 1219 3437 edificationem,

100 3453 199 3545 plane
225 3453 363 3522 sufficiet
372 3507 381 3542 ,
411 3455 559 3545 legitime
584 3454 744 3546 praesumi
759 3454 871 3544 nequit
887 3475 1063 3523 consensus
1076 3456 1160 3526 elius
1174 3458 1223 3525 la-

100 3563 177 3648 tior,
191 3561 325 3654 quinon
340 3569 468 3631 tantum
485 3561 628 3648 inutilis,¹
642 3561 698 3631 sed
714 3571 747 3630 et
760 3561 995 3630 irrationabilis
1009 3571 1110 3648 esset,
1127 3573 1223 3657 atque

100 3670 269 3739 catholicae
290 3673 338 3740 rei
356 3695 488 3742 summe
504 3672 653 3759 uocivns3
680 3695 779 3764 quem
797 3671 825 3738 si
844 3693 958 3740 revera
980 3670 1113 3741 haberet
1129 3698 1221 3744 sum-

101 3801 179 3848 mus
198 3779 369 3860 Pontifex,
393 3779 499 3850 officio
515 3803 574 3850 suo
593 3781 737 3871 graviter
750 3778 890 3866 deesset,
910 3799 1049 3872 reusque
1063 3779 1097 3847 io
1113 3781 1225 3851 Eccle-

101 3889 187 3956 siam
210 3895 308 3980 utque
332 3887 366 3955 in
388 3887 496 3956 Deum
523 3887 633 3975 fieret;
656 3911 755 3980 quem
778 3885 915 3980 proinde
940 3909 1134 3980 supponere,
1161 3892 1224 3959 nisi

101 4017 256 4088 expresse
287 3994 326 4063 de
349 3995 420 4086 ipso
436 4003 576 4082 constet,
603 3995 693 4064 nefas
708 4017 843 4087 prorsus
857 4001 1015 4089 astatque
1029 3997 1221 4068 absurdum.

147 4103 259 4172 Posito
279 4110 389 4172 autem
412 4104 514 4172 altero
540 4103 598 4172 illo
611 4125 771 4173 consensu
784 4103 894 4196 papali
907 4104 965 4194 qui
979 4103 1125 4194 legitime
1139 4129 1227 4198 prm·

105 4211 194 4282 sumi
221 4219 345 4302 potest,
367 4211 594 4304 obligatoriam
621 4211 703 4304 legis
728 4212 833 4280 rima
854 4211 1061 4284 subditorum
1077 4224 1227 4307 accepta-
