3042 4946
261 469 321 533 574
613 485 787 532 retornus
811 485 848 530 ne
872 485 1024 531 rmucrrns

258 628 348 697 cialie
373 625 553 715 delegantis
576 626 795 711 concessione,
823 625 873 694 vel
894 625 957 692 nisi
982 624 1023 692 sit
1045 623 1213 713 delegatus
1233 622 1274 691 ad
1301 623 1379 690 uui-

258 734 474 805 versalitatem
499 757 683 821 causarum,
717 733 928 823 sulrdelegare
960 733 1083 824 nequit.
1112 733 1161 800 Ita
1192 731 1378 800 communis

256 843 495 912 canonistarum
515 842 674 930 doctrina,
691 850 825 932 excepto
838 841 1005 928 Bartholo,
1021 842 1079 932 qui
1099 841 1265 909 contendit
1277 841 1377 908 etiam

257 953 441 1042 delegatum
461 951 503 1020 ad
522 975 653 1021 causam
668 952 898 1042 particularem
913 973 1008 1044 posse
1024 951 1114 1020 illem
1130 949 1342 1041 subdelegato
1364 980 1372 1017 ι

256 1062 313 1130 sed
328 1069 441 1129 auctor
454 1059 508 1129 ille
521 1061 556 1128 in
570 1060 861 1152 hoccommuniter
875 1060 1078 1151 reprobatur.

301 1169 415 1253 Quoad
443 1171 626 1260 delegatum
655 1193 674 1238 a
701 1193 832 1238 summo
858 1169 1027 1257 Pontifice,
1054 1171 1161 1261 ipsum
1192 1190 1258 1237 non
1282 1191 1377 1260 posse

258 1279 468 1372 subdelegare
493 1287 606 1349 notent
628 1280 714 1372 juris
740 1279 886 1347 canonici
911 1279 1020 1371 periti,
1043 1279 1078 1346 in
1101 1301 1179 1347 casu
1199 1301 1265 1370 quo
1286 1278 1378 1369 Papa

258 1387 454 1456 sufficienter
474 1387 645 1456 indicasset
667 1410 701 1455 se
717 1386 799 1455 velle
814 1407 945 1455 causam
959 1385 1107 1478 expediri
1128 1407 1187 1478 per
1200 1387 1378 1477 ipsummet

258 1497 454 1586 delegatum.
485 1494 575 1564 Idem
608 1494 774 1584 delegatus
803 1495 946 1564 invalide
975 1494 1213 1584 subdelegaret,
1246 1495 1274 1561 si
1301 1493 1378 1562 ideo

256 1612 383 1672 tantum
408 1605 453 1699 ita
473 1614 594 1692 egeret,
610 1611 647 1670 ut
662 1601 821 1672 malitiose
835 1625 869 1670 se
890 1611 1082 1672 exoneraret
1094 1625 1114 1670 a
1126 1625 1233 1672 caueae
1249 1600 1376 1670 ducue-

259 1733 358 1780 stoue.

788 1891 844 1960 tu.

537 2061 694 2122 Quibusnam
713 2061 793 2126 possit
804 2061 950 2126 jurisdictio
969 2061 1090 2126 delegari.

304 2243 557 2334 rodegarius
577 2266 596 2311 a
620 2243 719 2333 Papa,
743 2243 794 2310 vel
819 2242 1081 2332 subdelegaudus
1108 2243 1247 2333 alegato
1262 2243 1374 2336 Papae,

259 2357 353 2425 debet
379 2375 448 2420 esse
472 2351 668 2420 constitutus
692 2351 727 2418 in
754 2349 862 2440 aliqua
891 2351 1050 2441 dignitate
1075 2350 1376 2438 ecclesiasticave

257 2464 401 2534 obtinere
422 2471 629 2552 personatum
656 2467 713 2527 aut
739 2459 964 2528 canonicatum
992 2460 1134 2528 ecclesiae
1165 2459 1373 2548 cathedralis,

258 2583 313 2642 aut
340 2593 409 2639 esse
428 2569 574 2638 officialis
598 2591 655 2636 seu
677 2568 817 2636 vicarius
841 2569 1001 2658 generalis
1024 2569 1187 2661 Episcopi,
1210 2569 1263 2638 vel
1285 2571 1377 2660 prior

256 2677 488 2750 conventualis,
508 2677 556 2743 ita
571 2674 752 2745 communis
772 2675 1011 2744 canonistarum
1036 2676 1195 2745 doctrina.
1218 2677 1376 2768 (Reiffen-

258 2787 353 2874 stuel‚
376 2786 446 2854 loco
465 2784 533 2866 cit,
556 2806 590 2850 n.
613 2781 681 2871 70.)
705 2781 773 2850 Hoc
795 2790 903 2850 tamen
924 2782 1118 2873 intelligitur
1143 2783 1184 2853 de
1204 2784 1376 2854 ordinario

255 2897 452 2966 auctoritatis
468 2894 591 2987 papalis
604 2893 769 2963 exercitio.
788 2891 825 2962 Si
836 2895 923 2962 enim
939 2917 1088 2964 summus
1105 2895 1258 2966 Pontifex
1271 2896 1376 2966 alium

256 3005 395 3074 mitteret
422 3003 579 3092 legatum,
612 3001 703 3069 verbi
730 3002 848 3090 gratia,
878 3003 1056 3094 simplicem
1090 3003 1286 3073 monachum
1315 3016 1378 3074 aut

255 3112 421 3198 clericum,
449 3119 480 3178 et
497 3109 695 3200 exprimeret
710 3109 771 3177 hoc
791 3109 863 3177 lieri
878 3108 918 3177 de
933 3119 1021 3180 certa
1041 3133 1101 3180 sua
1116 3112 1261 3200 scientia,
1281 3113 1375 3181 vale-

255 3227 328 3287 rent
342 3239 511 3311 processus
525 3223 556 3283 et
571 3223 662 3305 gesta
681 3214 872 3306 hujusmodi
887 3217 997 3308 legati.

299 3333 331 3396 2.
353 3327 532 3419 Episcopus
558 3332 661 3417 potest
681 3324 833 3416 delegare
856 3327 1036 3420 simplicem
1059 3330 1215 3400 clericum
1236 3338 1375 3401 caetero-

253 3437 333 3530 quin
356 3435 531 3504 discretum
551 3443 583 3501 et
604 3455 758 3523 gnarum,
786 3457 844 3504 nec
866 3445 994 3506 tenetur
1015 3437 1134 3529 eligere
1158 3441 1373 3512 constitutum

253 3545 286 3614 in
303 3543 472 3634 dignitate,
490 3551 665 3632 personatu
679 3551 736 3612 aut
750 3544 939 3612 canonicatu
958 3545 1145 3616 cathedrali.

299 3657 329 3720 3.
354 3649 433 3721 Item
457 3649 636 3741 Episcopus
663 3659 765 3741 potest
791 3651 913 3742 eligere
942 3653 1085 3744 aliquem
1108 3655 1264 3725 nonsibi
1290 3657 1372 3726 sub·
1502 3683 1503 3736 3

254 3763 371 3849 ditum,
394 3759 428 3827 id
448 3767 507 3846 est,
532 3756 664 3825 alterius
678 3756 844 3845 dioecesis;
869 3759 923 3827 hic
938 3766 1059 3848 umen,
1076 3770 1187 3854 utpote
1202 3786 1268 3832 non
1287 3765 1370 3834 sub-

253 3870 352 3957 ditus,
377 3873 481 3958 potest
505 3864 739 3952 delegationem
762 3889 922 3936 recusare.
953 3870 997 3938 At
1018 3869 1045 3937 si
1069 3871 1249 3962 Episcopus
1271 3872 1370 3963 eligat

252 3978 392 4069 aliquem
415 3997 512 4043 suum
534 3973 715 4061 subditum,
745 3984 859 4066 potest,
884 3979 927 4046 ait
952 3979 1166 4049 Reiffenstuel
1190 3981 1270 4070 (loco
1294 3982 1367 4068 cit,

254 4110 287 4155 n.
316 4089 382 4177 69),
407 4083 545 4152 invitum
564 4090 596 4150 et
617 4085 808 4153 renitentem
826 4085 868 4154 ad
882 4087 1108 4178 acceptandam
1131 4087 1368 4180 delegationem

254 4192 457 4288 compellare,
482 4215 522 4260 ne
540 4191 686 4282 alioquin
709 4193 834 4263 inutilis
857 4195 1010 4264 videatur
1028 4195 1197 4287 delegandi
1214 4207 1364 4292 potestas.
