3072 4948
340 519 400 586 338
693 539 867 586 'l‘ftacrnrus
891 536 928 586 ua
952 537 1104 586 remorans

338 683 432 751 bium
454 701 644 771 exposuere.
674 683 705 746 3·
724 679 793 747 Lex
814 679 917 748 fertur
937 679 977 747 dc
997 677 1124 746 casibus
1142 676 1307 746 ordinarie
1322 675 1444 744 contiu-

338 790 502 878 gentibus‚
519 811 584 857 non
599 798 710 856 autem
725 786 765 856 de
779 787 907 856 casibus
921 787 1005 854 raris
1020 796 1051 854 et
1067 784 1338 876 particularibns;
1362 783 1445 874 atqui

338 898 567 969 declarationes
587 897 857 988 congregationis
878 906 955 964 sunt
973 918 991 964 e
1012 905 1124 964 contra
1143 894 1184 963 de
1204 894 1336 962 casibus
1350 893 1446 984 parti-

339 1007 521 1092 cularibus3
546 1005 587 1073 ad
610 1004 825 1073 decidendum
849 1026 967 1094 nempe
983 1012 1095 1071 utrum
1111 1001 1183 1070 talis
1198 1023 1292 1069 casus
1307 1000 1447 1091 particu-

337 1113 415 1181 laris
430 1111 726 1204 comprehendatur
741 1133 841 1179 necne
857 1109 985 1178 decreto
997 1107 1201 1178 Tridentino.
1220 1111 1253 1176 4⁰
1269 1109 1340 1177 Lex
1354 1106 1449 1175 inter-

337 1220 458 1312 pretari
472 1219 619 1310 legaliter
640 1219 751 1310 nequit
767 1218 830 1285 nisi
845 1218 886 1285 ab
901 1239 939 1285 ea
953 1217 1143 1285 auctoritate
1157 1239 1232 1306 quae
1246 1215 1357 1306 legem
1371 1215 1449 1283 ferre

339 1327 458 1419 potuit,
483 1326 570 1394 uude
594 1327 726 1394 axioma
748 1333 927 1416 receptum,
951 1323 1037 1392 unde
1052 1323 1113 1414 jus
1127 1321 1267 1413 prodiit,
1290 1323 1450 1414 interpre-

340 1438 422 1506 tatio
438 1457 565 1528 quoque
579 1457 652 1526 qua
666 1435 735 1503 uim
749 1435 840 1525 juris
854 1433 953 1502 dubet
961 1431 1122 1524 procedat
1132 1457 1146 1514 ,·
1168 1453 1265 1522 porro
1285 1453 1354 1500 non
1371 1441 1450 1500 carto

339 1555 464 1613 corutut
489 1551 633 1612 sanctam
660 1541 778 1612 Sedem
809 1541 1063 1631 Congregationi
1092 1539 1232 1609 Concilii
1262 1549 1450 1630 potestatem

339 1651 426 1740 leges
443 1649 571 1718 ferendi
587 1657 687 1718 totam
703 1649 879 1717 Ecclesiam
895 1647 1074 1737 obligantes
1089 1649 1296 1716 concessisse.
1323 1653 1358 1714 5⁰
1371 1649 1451 1717 Con-

340 1759 522 1828 stitutioues
542 1757 716 1849 pontificiae
741 1758 811 1826 sine
834 1757 994 1848 temporis
1014 1767 1045 1825 et
1066 1757 1130 1826 loci
1154 1756 1382 1846 designatione
1405 1779 1451 1824 ro·

340 1869 418 1936 bore
433 1874 562 1946 carent;
585 1890 683 1958 porro
698 1866 929 1936 declarationes
942 1867 1212 1957 Congregationis
1228 1867 1369 1936 Concilii
1385 1874 1453 1934 sunt

340 1977 461 2066 absque
482 1975 556 2044 data
578 1988 609 2042 et
625 1975 687 2043 loci
701 1975 929 2066 assignatione.
955 1979 987 2042 6·
1000 1975 1239 2044 Declarationes
1254 1977 1357 2067 hujus
1371 1977 1454 2045 Con-

341 2083 539 2173 gregationis
557 2081 629 2173 jam
652 2083 815 2151 immenso
837 2105 977 2151 numero
1000 2083 1168 2175 prodiere;
1193 2093 1226 2152 et
1244 2083 1357 2174 plures
1376 2084 1454 2151 inter

342 2215 376 2260 se
393 2214 459 2260 non
476 2191 685 2277 concordant,
707 2199 843 2260 testante
859 2190 986 2259 decreto
1002 2191 1173 2283 ipsiusmet
1188 2191 1454 2280 Congregationis

342 2301 382 2368 de
404 2299 557 2368 mandato
577 2299 727 2389 Gregorii
747 2299 811 2368 XV
825 2298 923 2386 edito,
941 2300 1094 2391 quodque
1117 2301 1193 2368 citat
1209 2299 1388 2389 Fagnanus
1415 2299 1454 2388 (in

342 2433 371 2477 o.
397 2413 435 2476 13
458 2409 498 2477 de
522 2408 824 2491 Constitutionibus,
849 2417 883 2476 n⁰
901 2409 977 2498 59);
1002 2409 1092 2500 atqui
1113 2431 1177 2475 non
1196 2407 1328 2499 expedit
1343 2405 1455 2498 subjici

343 2516 519 2586 Ecclesiam
544 2517 707 2584 immenso
728 2517 805 2586 buic
824 2517 935 2605 legum
951 2518 1008 2584 vix
1027 2525 1179 2584 notarum
1201 2517 1306 2601 oneri,
1326 2525 1362 2585 et
1376 2539 1455 2608 pree·

345 2624 456 2692 sertim
485 2622 621 2692 decretis
647 2626 731 2692 inter
758 2647 791 2692 se
820 2625 1053 2716 pugnantibus.
1083 2623 1162 2692 Haec
1188 2633 1264 2692 sunt
1293 2625 1456 2695 ratiocinia

343 2733 465 2821 quibus
483 2731 597 2799 nititur
615 2733 772 2800 sententia
787 2754 921 2822 negans,
937 2753 1037 2824 quam
1055 2742 1265 2824 propugnant
1280 2733 1368 2801 inter
1384 2733 1456 2800 alios

345 2839 501 2925 Sauchen,
518 2837 632 2926 Diana,
649 2841 813 2909 Bonacina
828 2849 859 2906 et
874 2839 1035 2931 Layman.

716 3088 745 3140 ll.
767 3085 916 3142 Sauraurm
936 3103 1095 3144 arrrnraus.

392 3279 629 3367 Arqumcntum
649 3277 676 3342 l.
696 3311 738 3326 -
754 3275 993 3343 Declarationes
1011 3276 1052 3343 ab
1071 3278 1210 3368 ipsomet
1225 3299 1361 3348 summo
1378 3281 1457 3348 Pou-

348 3384 431 3453 tilice
453 3391 612 3450 emanata
635 3383 703 3450 vim
728 3382 808 3471 legis
830 3382 1024 3451 universalis
1046 3382 1185 3469 hubent;
1210 3407 1288 3474 ergo
1308 3396 1340 3454 et
1356 3387 1457 3455 decla-

348 3493 487 3562 rationes
512 3489 781 3579 Congregationis
807 3489 954 3558 Concilii.
982 3529 1027 3542 -—
1054 3491 1219 3560 Probatur
1242 3494 1458 3562 antecedens:

353 3627 370 3665 e
392 3600 504 3690 Neque
524 3596 632 3666 solum
652 3595 779 3664 decreta
792 3595 965 3687 apostolica
982 3618 1042 3688 pro
1062 3607 1128 3666 tota
1149 3599 1291 3669 Ecclesia
1305 3602 1359 3670 vel
1375 3625 1456 3670 com-

354 3736 369 3772 o
394 3707 553 3774 munitate
577 3705 689 3796 aliqua
712 3705 768 3796 jus
790 3702 945 3788 efficiunt,
970 3703 1024 3772 sed
1049 3705 1148 3772 etiam
1170 3705 1318 3798 epistolae
1342 3717 1374 3774 et
1397 3729 1459 3774 res-

353 3844 368 3879 «
393 3837 494 3906 ponsa
518 3835 728 3881 summorum
754 3809 951 3880 Pontificum
979 3811 1189 3901 particularia
1211 3811 1250 3882 acl
1277 3813 1458 3882 instantiam

354 3949 371 3988 a
394 3932 426 3989 et
444 3921 732 4009 interrogationem
752 3917 851 3988 unius
870 3939 1019 4009 persona
1037 3916 1122 4004 data,
1142 3919 1326 3990 dummodo
1342 3922 1377 3990 in
1389 3943 1459 3990 cor-

355 4057 371 4094 e
396 4051 472 4121 pore
493 4027 578 4119 juris
601 4025 821 4112 inveniantur,
845 4034 901 4096 aut
924 4026 1132 4117 proferantur
1150 4027 1185 4095 in
1204 4026 1313 4096 forma
1329 4030 1459 4098 authen·

356 4164 372 4200 «
395 4139 468 4204 tica.
487 4136 571 4206 Nam
594 4131 677 4202 liber
698 4133 916 4202 Decretalium
939 4133 1055 4224 plenus
1078 4143 1126 4204 est
1146 4134 1459 4226 hujusmodidsingu·

356 4277 370 4310 a
394 4245 518 4314 laribus
538 4240 712 4334 responsis,
737 4263 811 4331 quae
831 4262 891 4330 pro
905 4241 1112 4330 generalibus
1125 4241 1417 4313 Constitutionibus
1429 4243 1458 4310 in
