3050 4946
535 457 619 503 sonis
641 455 792 502 canorum.
1160 437 1221 502 423

103 621 185 689 quos
206 598 449 667 commendavit
468 599 626 666 Trullana
643 598 801 688 synodus,
826 611 858 668 et
874 603 913 666 85
929 621 1068 668 canones
1082 602 1222 690 Aposto-

102 705 223 774 lorum.
246 707 339 776 Hanc
358 705 456 776 Pselli
474 705 696 774 collectionem
716 703 817 774 edidit
836 706 1027 775 Franciscus
1042 707 1223 799 Bosquetus

107 815 265 902 (Parisiis,
285 819 394 906 1632).

146 923 202 991 111.
222 925 379 1015 synopsis
394 947 559 994 canonum
573 924 681 992 Aleaii
696 924 842 992 Arretini.
860 961 904 976 -
920 926 1018 993 Anno
1036 929 1118 992 1130
1135 926 1221 994 edita

101 1039 151 1098 est
171 1032 269 1122 jussu
290 1032 494 1123 imperatoris
513 1033 685 1117 Comneni,
709 1041 821 1122 estque
840 1031 1040 1100 breviarium
1057 1033 1221 1123 quoddam

99 1139 222 1207 veteris
244 1139 363 1208 codicis
386 1140 537 1210 Ecclesiae
563 1162 691 1229 graecae.
715 1139 914 1230 Compendio
934 1139 1067 1208 exhibet
1084 1163 1223 1210 canones

100 1246 266 1332 Nicaenos,
283 1249 488 1339 Ancyreum,
509 1247 798 1333 Neocaesarienses‚
812 1246 1030 1335 Gangrenses,
1046 1247 1219 1316 Antioche*

100 1376 175 1440 nos,
198 1353 408 1440 Laodicenos,
428 1348 813 1446 Constantinopolitanoi,
838 1353 1016 1444 Ephesiuos
1036 1361 1068 1422 et
1088 1353 1224 1423 Chalce-

101 1460 273 1530 donenses.
285 1461 465 1530 Adduntur
479 1471 588 1554 postea
597 1483 736 1530 canones
746 1459 991 1552 Apostolorum,
1002 1458 1221 1549 Sardiaenses,

101 1569 251 1638 Africani
273 1574 329 1656 22,
352 1570 514 1658 Trullani,
536 1579 666 1661 tresque
689 1568 834 1660 epistolae
856 1567 1021 1636 canoniam
1041 1566 1076 1636 S.
1098 1568 1221 1638 Basilii.

101 1678 217 1745 Exstat
246 1676 318 1746 haic
349 1677 486 1745 Aristini
512 1676 656 1745 collectio
686 1678 720 1743 in
748 1675 949 1744 Bibliotheca
971 1677 1062 1765 juris
1078 1677 1225 1744 canonici

100 1787 218 1855 veteris
229 1787 270 1854 ab
286 1787 426 1856 Haurico
440 1786 576 1855 lustello
591 1786 689 1874 edita,
707 1793 731 1854 t.
747 1785 789 1870 11,
808 1807 841 1875 p.
861 1788 936 1852 673.

146 1895 207 1962 IV.
228 1895 378 1964 Collectio
394 1895 681 1963 ecclesiasticarum
695 1893 975 1961 constitutionum.
991 1931 1035 1946 —
1047 1894 1222 1963 Auctorem

101 2003 201 2071 habet
223 2003 461 2088 Balsamonem,
486 2004 543 2094 qui
565 2004 655 2071 illam
672 2003 862 2092 conscripsit
882 2003 966 2070 circa
981 2023 1106 2070 aunum
1124 2007 1221 2070 1191.

101 2111 256 2180 Continet
275 2121 384 2180 antem
407 2135 472 2181 non
496 2134 635 2180 marones
649 2111 874 2196 conciliorum,
888 2110 945 2178 sed
961 2117 1088 2179 tantum
1103 2111 1224 2179 consti-

100 2221 242 2288 tationes
271 2242 482 2289 romanorum
514 2219 748 2309 imperatorum
782 2217 822 2284 de
849 2215 947 2284 rebus
974 2216 1218 2286 ecclesiasticis:

100 2329 263 2418 excerpsit
286 2351 401 2419 nempe
417 2329 590 2396 Balsamon
606 2335 638 2393 et
657 2325 690 2393 in
713 2346 815 2392 unum
832 2323 960 2411 collegit
973 2344 1011 2390 ea
1024 2345 1100 2414 quae
1115 2324 1150 2390 in
1164 2347 1223 2392 co-

100 2435 186 2522 dice,
216 2437 356 2525 Digestis
382 2445 414 2504 et
440 2435 585 2504 Novellis
614 2431 800 2501 lastiniani·
816 2431 856 2499 de
883 2431 980 2499 rebus
1004 2431 1224 2501 ecclesiasticis

101 2551 251 2612 tractant.
285 2545 398 2612 Exstat
423 2543 457 2610 in
483 2541 698 2632 supracitata
719 2537 920 2608 Bibliotheca
943 2537 1035 2627 juris
1061 2539 1221 2624 canonici,

101 2661 126 2720 t.
145 2653 188 2736 ll,
205 2677 236 2744 p.
261 2656 356 2721 ¹223.

146 2761 188 2830 V.
210 2761 369 2852 Syaopsis
395 2759 584 2828 divinorum
607 2779 785 2826 canonum.
813 2793 857 2806 -
881 2754 962 2822 Eam
988 2756 1116 2846 scripsit
1137 2778 1223 2824 auno

99 2871 228 2938 circiter
245 2874 328 2937 1255
343 2871 517 2954 Arsenius,
534 2868 592 2960 qui
605 2869 749 2958 primum
766 2863 956 2948 monachae,
968 2865 1224 2956 posteapatriar-

101 2979 164 3045 cha
186 2975 563 3066 Constantinopolitcnus
585 2973 689 3042 iactus
704 2983 762 3041 est.
787 2972 888 3041 Juxta
909 2970 1057 3039 ordinem
1073 2974 1224 3042 materia-

101 3110 177 3154 rum
190 3087 401 3154 exhibettnm
411 3083 626 3152 conciliorum*
635 3103 786 3168 canones,
797 3089 867 3148 tum
881 3080 1225 3171 epistolasgraecornm

101 3197 238 3263 Petrum
257 3216 276 3260 a
297 3192 452 3260 Truilana
471 3190 597 3280 synodo
621 3188 874 3274 commendatas,
890 3197 962 3256 turn
977 3189 1225 3258 constitutiones

99 3300 286 3394 imperiales
313 3299 352 3366 de
381 3298 478 3366 rebus
499 3295 735 3365 ecclesiasticis.
763 3295 878 3362 Exstat
897 3295 1019 3385 pariter
1043 3295 1078 3361 in
1099 3296 1224 3364 Biblio—

101 3412 195 3479 theca
203 3408 295 3498 jacis
309 3405 457 3474 canonici
472 3405 513 3472 H.
528 3402 655 3473 lustelli
672 3403 707 3494 (t.
725 3402 768 3490 11,
786 3425 819 3492 p.
845 3401 933 3489 tte).
1022 3407 1034 3424 ‘

145 3517 204 3586 Vl.
222 3515 377 3606 Epitomc
402 3535 578 3580 canonum.
602 3551 646 3562 -
666 3517 809 3579 Auctore
833 3509 984 3579 Simeone
1009 3511 1167 3600 magistro
1195 3521 1227 3580 ot

98 3625 277 3716 logotheta.
296 3623 392 3690 Hanc
414 3619 600 3689 Simeonem
625 3627 716 3710 putat
734 3617 902 3687 Fabricius
921 3617 1089 3707 (Biblioth.
1104 3643 1223 3710 praeca,

98 3738 122 3804 l.
140 3737 186 3822 V,
203 3757 231 3802 c.
249 3758 282 3820 v,
307 3741 330 3801 t.
347 3731 405 3818 VI,
423 3739 455 3799 et
474 3729 498 3798 l.
518 3729 561 3815 V,
577 3753 606 3796 c.
625 3751 714 3814 amri,
733 3736 756 3795 t.
778 3725 820 3816 X)
844 3724 996 3794 eumdem
1018 3749 1086 3796 esse
1108 3753 1146 3797 ac
1167 3729 1224 3800 Si-

100 3864 251 3914 meonem
276 3839 530 3929 Metaphrasten,
554 3837 612 3928 qni
638 3835 833 3905 Sanctorum
848 3834 942 3901 Vitas
962 3856 1069 3923 graece
1083 3837 1223 3928 scripsit.

100 3950 343 4022 Flornitantem
354 3946 589 4038 Metaphrastes
604 3946 638 4013 in
650 3944 757 4035 prima
770 3950 862 4034 parte
878 3942 990 4010 saculi
1006 3964 1081 4030 xrv3
1100 3943 1225 4015 editum

100 4060 240 4128 habetur
255 4058 316 4122 ista
334 4057 504 4124 Cortonam
521 4053 662 4144 epitome
683 4053 718 4118 in
735 4049 937 4118 Bibliotheca
947 4051 1038 4140 juris
1052 4073 1123 4118 caii.
1141 4067 1226 4122 oete-

101 4168 159 4250 ris‚
179 4174 202 4234 t.
217 4165 261 4254 lt,
276 4186 309 4254 p.
336 4165 408 4232 170.
