3022 4950
577 433 659 484 suris
681 439 833 486 civomcr.
1219 423 1259 486 15

163 571 353 666 «publicam
384 575 579 660 redundant,
608 601 645 646 ec
674 599 732 670 per
756 577 1021 670 consequentiam
1052 579 1087 646 in
1114 579 1261 670 singulos

164 680 359 768 «diffluunt,
380 691 416 750 nt
435 682 516 753 odeo
540 684 575 752 in
598 685 673 776 jure
694 687 756 756 isto
777 686 901 756 bonum
927 685 1097 778 publicum
1121 685 1164 756 sit
1186 687 1261 756 linis

165 793 402 864 «immediatus
428 805 496 864 tam
531 797 720 866 intentionis
756 819 857 889 quam
892 797 1103 867 executionis.
1141 797 1262 866 Contra

164 927 178 962 c
193 903 352 992 jornalia,
368 904 441 972 lieet
455 904 574 974 ultimo
590 905 762 974 intendent
775 905 901 976 bonum
922 926 1112 992 commune,
1129 905 1164 974 in
1184 927 1264 974 exe-

164 1013 320 1082 scutione
335 1021 444 1082 tamen
471 1015 564 1106 prius
584 1013 626 1084 ed
653 1015 827 1084 utilitatem
854 1014 1075 1106 singulorum,
1103 1014 1179 1082 dein
1206 1035 1264 1106 per

163 1123 456 1213 «consequentiam
484 1123 526 1192 ed
555 1121 743 1215 reipublice
770 1123 869 1191 totins
898 1121 1084 1210 commode,
1104 1131 1265 1214 quatenns

161 1255 174 1292 ι
195 1227 263 1297 haec
288 1253 346 1321 per
361 1229 484 1300 bonum
505 1238 626 1300 statum
651 1229 860 1321 singulomm
886 1239 1134 1322 promoventur,
1156 1229 1266 1299 dima-

160 1344 312 1406 «nanto

195 1449 228 1514 2⁰
240 1446 302 1514 Jus
316 1446 482 1538 privatum
503 1445 726 1517 subdividitur
741 1447 776 1515 in
787 1445 842 1538 jus
860 1469 1030 1516 commemo
1041 1455 1074 1515 et
1083 1447 1139 1539 jus
1149 1446 1265 1538 porti-

155 1553 270 1622 culare.
288 1553 349 1622 Jue
364 1575 540 1622 commune
554 1563 603 1624 est
623 1553 706 1623 illud
722 1555 809 1648 qnod
831 1557 918 1644 viget
937 1556 972 1623 in
999 1562 1064 1624 tote
1084 1554 1192 1646 eliqua
1212 1577 1266 1624 re·
1317 1633 1320 1642 ¹

155 1660 366 1752 publice3jus
378 1669 487 1732 antem
513 1661 708 1754 particulare
723 1661 804 1730 illud
821 1667 869 1730 est
893 1661 981 1754 quod
1001 1663 1036 1731 in
1056 1684 1123 1730 nne
1138 1671 1263 1732 tantum

154 1768 319 1860 pmvincia
346 1779 402 1838 eut
426 1770 554 1838 civitate
580 1769 768 1861 reipublicae
792 1770 892 1859 viget.
923 1768 976 1840 Ad
992 1771 1047 1863 jus
1070 1770 1266 1862 particulare

154 1878 325 1967 pertinent,
339 1877 394 1969 jos
412 1878 612 1969 nucoicipale
630 1901 687 1948 seu
703 1880 874 1970 proprium
890 1878 987 1948 alicui
1003 1879 1092 1968 urbi,
1105 1879 1162 1970 jus
1176 1879 1266 1947 mili·

155 1997 222 2054 tare
236 1985 324 2077 quod
340 1994 389 2054 est
399 1987 542 2077 regendo
553 1988 682 2080 corpori
697 1987 823 2056 militie
846 1988 1030 2080 proprium,
1050 2000 1177 2058 statuto
1191 1989 1267 2079 qni-

155 2093 297 2161 bustum
320 2094 547 2163 universitates
565 2103 597 2164 et
617 2094 764 2185 collegis,
782 2103 854 2164 tum
881 2104 1087 2182 mercatores,
1114 2103 1185 2164 tum
1211 2095 1267 2163 alii

155 2201 274 2270 civium
291 2202 421 2270 ordines
434 2213 490 2271 ent
504 2203 669 2271 societates
684 2212 855 2293 reguntur,
872 2211 933 2272 etc.

198 2315 230 2377 3⁰
246 2313 369 2380 lterum
395 2310 449 2400 jus
469 2309 563 2378 civile
581 2308 741 2380 dividitur
765 2310 799 2378 in
826 2311 995 2401 seriptum,
1028 2333 1086 2380 seu
1115 2332 1268 2402 expresse

36 2412 37 2502 j
156 2420 315 2488 sanctione
331 2419 365 2486 in
380 2418 546 2510 republica
562 2417 749 2488 viventibus
764 2418 881 2505 letum,
898 2441 935 2486 ac
950 2418 1196 2510 promulgatum
1213 2447 1221 2498 ς
1236 2428 1268 2486 et

36 2519 37 2558 f
156 2549 214 2596 oon
232 2527 403 2617 scriptum,
424 2524 511 2617 qnod
527 2546 592 2594 non
608 2527 798 2596 auctoritate
813 2525 943 2619 publica
956 2547 1110 2619 expressa
1122 2547 1267 2619 precep-

158 2641 239 2723 tum,
253 2635 309 2704 scd
327 2633 475 2702 moribus
489 2633 596 2702 solum
613 2635 775 2704 utentium
790 2645 958 2728 receptum
969 2643 1057 2705 estet
1070 2635 1164 2704 tacite
1177 2657 1268 2704 com·

158 2743 339 2832 probatum.

199 2855 232 2918 4⁰
248 2851 500 2941 Distinguebent
524 2851 624 2920 etiem
640 2851 722 2921 olim
734 2851 837 2943 ajuro
852 2853 942 2922 civili
953 2853 1084 2947 proprie
1098 2852 1196 2938 dicto,
1208 2851 1269 2943 jos

154 2960 359 3050 pretorium,
375 2959 463 3051 quod
478 2982 596 3051 nempe
612 2968 768 3052 praetores
782 2961 1048 3048 introduxerunt,
1075 2959 1265 3054 adjuvandi,

157 3068 206 3137 vel
221 3067 405 3159 supplendi,
423 3067 474 3137 vel
488 3066 674 3158 corrigendi
696 3067 783 3160 juris
805 3068 909 3138 civilis
924 3068 1040 3160 gratia,
1057 3075 1190 3161 propter
1203 3067 1269 3136 uti-

157 3175 278 3246 litatem
294 3177 476 3270 publicem3
503 3178 591 3270 quod
611 3186 644 3248 et
664 3177 881 3247 honorarium
895 3177 1025 3266 dicitnr,
1053 3176 1093 3245 cd
1111 3176 1269 3246 bonorem

159 3292 337 3374 pretomm
353 3307 406 3356 sec
420 3285 640 3357 nominatum.

664 3569 766 3664 5111.

487 3759 555 3813 loris
577 3760 661 3812 civilis
682 3759 784 3811 romani
805 3758 933 3810 torneello.

205 3941 312 4027 Initio,
331 3949 368 4010 ut
381 3941 533 4029 traditor,
560 3941 701 4034 populus
715 3961 874 4009 romaum
888 3961 908 4008 c
925 3938 1068 4008 Romulo
1083 3936 1182 4008 Urbis
1197 3959 1275 4007 con-

163 4049 264 4118 ditore
278 4059 310 4117 et
324 4049 433 4141 primo
448 4071 536 4141 rege,
555 4049 624 4118 sinc
636 4048 707 4138 lege
722 4055 808 4120 certe
823 4055 854 4116 et
868 4046 1003 4117 definito
1022 4046 1109 4138 jure,
1138 4067 1198 4138 pro
1222 4068 1275 4114 ar-

163 4159 260 4230 bitrio
276 4157 461 4247 regebatur.
