3068 4948
268 443 330 510 tto
623 463 797 510 raacrnrns
820 463 863 509 ne·
881 463 1033 510 rnrncrrns

271 630 287 668 u
312 604 411 693 gotia.
439 602 646 670 Suecessores
671 625 750 670 vero
772 603 958 689 Pontifices,
980 603 1143 694 praecipue
1168 600 1321 671 Nicolaus
1344 599 1392 686 V,

272 739 289 775 u
312 711 445 802 aliique,
463 711 497 780 in
515 710 598 778 hanc
613 734 679 801 que
693 711 792 780 hodic
807 711 935 780 utimur
948 712 1090 780 lormam
1110 711 1239 800 regulas
1255 709 1395 798 redege-

272 844 289 880 a
314 825 402 886 runt.

316 950 333 987 u
357 923 421 992 Sed
444 924 532 1016 quod
554 924 705 994 diximus
726 925 869 996 adfuisse
895 928 993 996 etiam
1015 935 1090 994 ante
1112 925 1272 995 Ioannem
1295 922 1396 992 XXII

274 1058 290 1096 a
314 1031 515 1100 cancellariae
532 1033 676 1122 regulas,
687 1033 743 1102 sed
761 1033 910 1102 nondum
925 1033 1072 1126 scriptas,
1088 1057 1153 1102 non
1169 1034 1214 1100 ita
1229 1031 1397 1123 aecipien-

273 1168 289 1206 ι(
313 1143 464 1210 domest
491 1152 527 1211 ut
552 1143 701 1210 credatur
727 1144 886 1212 exstitisse
914 1167 1029 1212 omnes
1055 1143 1197 1234 regulas,
1227 1140 1397 1233 praecipue

273 1279 289 1314 «
314 1251 557 1338 reservatorias,
578 1250 691 1342 quales
711 1250 807 1320 hodie
825 1263 903 1320 sunt
921 1253 954 1318 in
977 1273 1052 1319 usu.
1077 1249 1246 1343 Siquidem
1269 1247 1397 1315 distin-

272 1386 288 1424 «
313 1360 453 1448 guendae
469 1366 546 1428 sunt
559 1369 623 1427 tres
638 1359 756 1427 classes
772 1359 962 1450 regularum
981 1358 1194 1427 cancellarie.

317 1495 333 1531 «
358 1468 473 1534 Prima
489 1477 537 1535 est
551 1466 698 1553 illarum,
715 1489 791 1559 que
812 1467 995 1536 litterarum
1020 1463 1270 1558 apostolicarum
1285 1485 1396 1555 expe-

275 1604 290 1639 «
315 1574 452 1644 ditiones
481 1584 680 1642 concernunt
707 1587 738 1642 et
769 1576 888 1666 quibus
927 1575 1137 1643 instruuntur
1167 1572 1319 1641 officiales
1350 1571 1396 1638 de

274 1709 290 1746 a
314 1682 430 1750 litteris
455 1682 604 1773 praefatis
631 1681 853 1774 expediendis.
885 1683 945 1750 Hae
971 1681 1109 1772 regule,
1136 1681 1290 1772 quamvis
1324 1697 1395 1747 non

274 1816 290 1854 u
315 1789 458 1880 scriptae,
474 1788 608 1857 ederent
631 1798 705 1857 ante
727 1790 886 1860 Ioannem
908 1789 1045 1858 XXII...
1061 1789 1127 1858 Nec
1150 1789 1213 1856 alia
1233 1787 1273 1855 de
1293 1809 1396 1855 eausa

273 1897 354 1963 «ab
381 1895 474 1964 initio
496 1896 618 1985 regulae
643 1897 844 1965 cancellariae
872 1898 1004 1988 scriptae
1029 1897 1173 1982 luerunt,
1201 1918 1301 1987 quem
1332 1915 1395 1985 pro

274 2031 290 2070 u
314 2003 450 2072 faciliori
468 2005 680 2073 instructione
702 2005 905 2090 officialium,
923 2006 1110 2074 litterarum
1128 2002 1395 2096 expeditionibus

273 2139 290 2178 o
313 2133 447 2204 operam
468 2133 563 2180 suam
584 2114 854 2204 prestantium...
872 2115 1094 2206 Antiquorum
1121 2109 1318 2182 Pontificum
1340 2133 1394 2178 re-

273 2246 289 2285 u
313 2219 411 2308 gulae,
428 2217 476 2286 nil
491 2217 579 2286 aliud
592 2220 659 2288 lere
674 2243 777 2312 quam
792 2221 1091 2312 exspectativarum
1108 2222 1151 2312 (l)
1170 2218 1394 2288 ordinationes

273 2354 289 2390 «
313 2327 531 2395 continebant.
551 2327 645 2409 Quod
665 2336 751 2418 petet
765 2351 807 2396 ex
827 2329 950 2417 regulis
971 2329 1107 2399 Ioannis
1122 2327 1233 2396 XXIII
1252 2335 1283 2393 et
1303 2325 1393 2392 llar-

273 2462 289 2500 α
315 2436 374 2502 tini
391 2435 433 2522 V,
449 2457 523 2526 quae
542 2443 619 2503 sunt
639 2436 852 2526 antiquiores,
869 2459 952 2528 quas
966 2437 1085 2505 vidisse
1107 2435 1189 2503 mihi
1210 2434 1390 2522 contigit...

318 2571 335 2608 u
358 2540 508 2609 Secunda
522 2541 633 2608 classis
645 2549 693 2609 est
705 2542 898 2630 regularum
912 2565 987 2635 quae
1002 2552 1162 2612 vocentur
1169 2541 1319 2633 judicia!

275 2650 422 2719 eliasu
446 2648 578 2718 Nicolao
600 2648 631 2718 V
654 2649 780 2718 additas
806 2651 907 2719 luisse
930 2651 1029 2719 refert
1052 2650 1227 2718 Gomesius
1247 2650 1296 2741 (in
1320 2672 1389 2738 reg.

275 2785 291 2824 u
315 2755 472 2843 Cancell,
489 2763 607 2846 quaest.
632 2756 682 2847 2);
706 2779 909 2849 quamquam
933 2758 967 2824 in
991 2757 1088 2826 dictis
1113 2756 1236 2845 regulis
1257 2756 1394 2824 loannis

274 2872 359 2934 aet*
376 2865 508 2933 Martini
526 2876 665 2944 ¹eustent
689 2867 855 2936 nonnullae
886 2867 926 2935 ed
956 2891 1027 2935 rem
1054 2866 1262 2957 judiciariam
1292 2866 1393 2954 perti-

274 3001 291 3040 a
315 2986 439 3043 nentes.

320 3108 337 3148 u
364 3081 472 3150 Tertia
487 3083 678 3172 regularum
692 3082 804 3150 classis
819 3083 1028 3173 amplectitur
1043 3083 1279 3152 reservationes
1292 3103 1394 3171 gene-

274 3217 291 3256 «
315 3189 409 3258 reles.
427 3191 514 3258 Auta
527 3189 689 3258 loannem
708 3189 803 3259 XXII
823 3191 919 3258 unica
937 3199 1065 3259 tantum
1090 3189 1202 3257 ederat
1217 3177 1393 3256 reservatio

276 3324 293 3363 «
315 3320 356 3366 ex
369 3298 474 3388 capite
487 3296 667 3365 vocationes
681 3297 774 3388 opud
783 3297 902 3367 Sedem
917 3298 974 3389 (2),
989 3283 1049 3389 pro
1065 3319 1130 3389 qua
1145 3319 1228 3388 opus
1243 3317 1310 3364 non
1325 3304 1394 3364 erat

275 3405 444 3499 «speciali
471 3404 603 3494 regule,
628 3427 705 3472 cum
735 3405 769 3472 in
794 3427 912 3496 corpus
934 3405 1020 3497 juris
1045 3404 1235 3473 communis
1264 3403 1394 3471 redacto

275 3540 293 3578 u
315 3521 398 3582 esset
412 3514 494 3603 (cap.
513 3515 545 3598 2,
564 3515 581 3578 3
596 3519 628 3579 et
642 3515 696 3598 34,
712 3511 751 3579 de
765 3510 969 3598 Praehendis,
985 3513 1148 3600 insecta).
1164 3509 1394 3598 Promulgavit

303 3712 335 3772 (t)
354 3710 398 3758 Itte
422 3707 557 3760 dicebatur
579 3709 777 3773 exspectaueram
806 3707 957 3772 obtinuisse,
980 3709 1022 3760 cui
1046 3709 1170 3760 collatum
1195 3708 1279 3759 lueret
1297 3707 1342 3770 jus
1363 3705 1393 3756 ed

271 3789 376 3856 ailquod
390 3787 546 3839 beneficium
560 3787 645 3840 stetim
658 3804 688 3840 ac
703 3794 815 3840 vacaret.

302 3873 336 3932 (a)
352 3870 460 3929 Quando
476 3869 659 3920 beneficiarius
679 3869 789 3921 moritur
807 3871 903 3931 Romae,
918 3871 999 3935 Ipsius
1016 3870 1174 3921 beneficium
1194 3869 1289 3920 dieitur
1306 3884 1396 3920 oue-ore

272 3957 299 4004 tn
319 3953 397 4002 Curia
414 3958 578 4004 romana‘seu
598 3953 669 4016 opud
680 3953 780 4004 Sedem.
793 3955 856 4003 Item
871 3953 970 4004 dicItur
982 3967 1072 4004 vome
1088 3955 1115 4002 tn
1129 3953 1219 4014 Gonu,
1233 3952 1340 4016 quando
1351 3953 1394 4003 alti

270 4038 343 4086 ectus
363 4048 410 4098 per
422 4047 488 4098 quos
508 4032 665 4084 beneficium
683 4039 801 4085 remanet
814 4049 910 4085 racana
924 4035 1005 4096 (verbi
1024 4035 1115 4099 grotta,
1130 4034 1270 4099 depositio,
1283 4037 1395 4085 transta-

271 4116 317 4176 tlo,
330 4116 402 4176 eto),
416 4115 582 4178 complentur
598 4115 751 4166 auctoritate
773 4115 925 4181 apostolica.
938 4115 1046 4174 Quando
1066 4117 1116 4167 ctio
1133 4129 1211 4182 quam
1229 4115 1301 4166 dIcto
1316 4115 1395 4167 modo

271 4197 364 4248 vacent
377 4194 515 4258 henoteta,
529 4194 650 4248 dicuntur
662 4209 754 4247 vacare
768 4201 842 4248 extra
859 4197 972 4248 cartam.
