3050 4946
328 430 390 500 tac
679 435 852 500 rricmrcs
875 453 914 498 nn
940 451 1095 500 ausurus

326 597 394 664 aas
420 596 572 686 Ericusa
595 595 724 688 primus
749 595 879 684 colleqt't
906 593 1033 662 decreto
1054 595 1247 685 pontificias
1270 618 1345 686 erqo
1376 611 1456 664 arete

327 703 437 793 tirsum
453 703 647 794 hujusmodi
661 702 789 772 decretu
805 703 873 770 cim
889 725 1052 772 canonum
1067 703 1204 771 minime
1218 704 1398 773 habebant.
1417 707 1454 773 ln

325 813 388 882 isto
416 820 525 882 autem
553 813 725 884 ratiocinio
749 812 870 883 falsum
896 813 1098 899 antecedens,
1126 813 1247 882 falsum
1275 823 1307 882 et
1332 837 1455 884 conse

327 943 442 1012 quens.

374 1057 390 1096 o
412 1031 525 1122 Neque
539 1053 617 1100 vero
632 1030 811 1102 dicendum
825 1041 873 1101 est
886 1055 964 1102 cum
984 1033 1151 1103 nonnullis
1169 1033 1274 1125 (aiunt
1288 1035 1452 1104 Ballerini

330 1165 347 1206 (ι
369 1139 511 1228 fratres),
535 1139 730 1230 Dionysium
754 1141 903 1231 primum
928 1141 1027 1210 fuisse
1049 1143 1106 1234 qui
1131 1143 1325 1234 Apostolicae
1352 1142 1454 1212 Sedis

328 1247 496 1318 «decreto
522 1249 698 1338 collegerit.
722 1249 799 1318 Fuit
824 1249 958 1340 quidem
980 1250 1035 1319 ille
1061 1251 1190 1340 primus
1214 1251 1272 1342 qui
1293 1273 1332 1319 ca
1356 1259 1452 1321 tomo

329 1383 346 1421 e
369 1363 517 1448 separato
540 1379 560 1424 a
582 1357 761 1425 canonibus
788 1357 1002 1426 conciliorum
1028 1357 1184 1450 sejunxit,
1203 1357 1452 1451 ordinatimquc

328 1493 345 1531 c
369 1467 529 1536 recensuit
536 1493 545 1552 ;
574 1489 650 1535 cum
680 1467 714 1534 in
742 1467 961 1536 anterioribus
996 1467 1238 1537 collectionibus
1276 1490 1448 1538 unacum

329 1599 346 1640 e
369 1574 573 1664 synodorum
594 1574 743 1661 decretis,
763 1576 816 1645 vel
839 1575 924 1644 inter
943 1597 977 1644 sc
1001 1577 1135 1646 confuse
1158 1576 1448 1668 permiscerentur.

329 1709 345 1748 c
370 1684 417 1750 uti
446 1703 578 1750 cernere
604 1691 652 1750 est
679 1682 715 1750 iu
743 1683 987 1752 collectionibus
1016 1705 1098 1774 quas
1126 1683 1326 1752 antecedenti
1356 1694 1449 1774 parte

328 1816 345 1856 a
368 1790 614 1880 descripsimus.
634 1818 649 1855 s
670 1790 721 1858 En
736 1793 944 1861 confutatum
958 1790 1165 1860 antecedens.

375 1897 477 1980 «Qui
503 1919 581 1967 vero
606 1898 667 1966 hac
695 1899 889 1989 Dionysiani
914 1899 1035 1970 codicis
1059 1898 1267 1968 distinctione
1294 1908 1444 1986 utuntur,

329 2033 346 2072 «
369 2003 503 2097 perinde
517 2029 555 2074 ac
569 2006 597 2075 si
617 2013 692 2075 ante
712 2007 910 2097 Dionysium
934 2008 996 2077 soli
1020 2031 1172 2094 canones,
1189 2031 1255 2078 non
1269 2031 1348 2078 vero
1367 2035 1445 2101 apo-

328 2141 345 2182 «
368 2114 480 2183 stolica
498 2115 671 2183 constituta
693 2115 920 2184 auctoritatem
944 2116 1139 2202 obtinerent,
1156 2117 1300 2186 nimium
1322 2118 1443 2188 fallun-

327 2251 344 2289 o
367 2235 432 2292 tur.
455 2224 526 2294 Etsi
547 2224 635 2292 enim
651 2246 770 2293 verum
791 2233 874 2293 esset
892 2225 992 2316 (quod
1013 2245 1078 2293 non
1094 2226 1316 2314 concedimus)
1336 2235 1443 2295 vetus-

326 2359 343 2397 «
367 2333 465 2401 tiores
486 2332 643 2423 Dionysio
664 2330 803 2416 codices,
827 2333 885 2423 qui
904 2333 946 2402 ad
967 2355 1027 2402 nos
1052 2356 1117 2402 non
1143 2355 1336 2424 pervenere,
1362 2336 1442 2404 solos

289 2511 291 2516 ,
327 2470 345 2508 «
367 2464 507 2511 canones
522 2463 710 2530 graecorum
728 2441 943 2511 conciliorum
963 2443 1063 2510 latine
1084 2442 1229 2511 redditos
1250 2445 1439 2533 praetulisse,

326 2578 344 2617 <r
367 2549 447 2641 quid
469 2547 568 2616 inde‘l
592 2549 679 2617 Cum
702 2549 737 2616 hi
762 2549 882 2641 privati
908 2558 1015 2617 essent
1040 2549 1179 2635 codices,
1199 2549 1311 2618 nullus
1336 2559 1441 2620 autem

328 2687 346 2726 c
369 2657 531 2750 publicus,
550 2664 586 2724 ut
604 2656 682 2724 alibi
701 2657 918 2742 ostendimus,
937 2681 1078 2750 cumque
1099 2659 1186 2727 iuter
1199 2681 1341 2728 canones
1360 2683 1443 2748 grea-

328 2789 483 2836 «carum
511 2763 714 2858 synodorum
744 2766 804 2835 soli
834 2747 959 2835 Nicaeni
987 2790 1063 2834 cum
1093 2766 1343 2836 sardicensibus
1367 2769 1443 2836 olim

328 2903 345 2941 a
369 2881 477 2943 essent
496 2872 582 2964 apud
602 2873 736 2941 Latinos
761 2873 951 2964 recepti,
975 2873 1061 2942 nibil
1082 2896 1124 2942 ex
1145 2874 1196 2943 his
1217 2874 1383 2942 codicibus
1404 2874 1444 2942 ad

329 3011 346 3049 (ι
368 2980 591 3052 auctoritatem
607 2979 843 3048 adstruendam
860 2980 912 3048 vel
929 2979 1142 3050 adimendam
1167 2980 1303 3050 decretis
1322 2982 1444 3051 Rome-

328 3121 345 3160 «
369 3113 490 3159 norum
514 3087 694 3179 praesulum
714 3087 786 3156 elici
810 3096 926 3179 potest.
954 3088 1154 3179 Apostolicis
1181 3097 1266 3156 certe
1290 3089 1443 3156 constitu-

329 3231 346 3268 «
369 3197 513 3268 tionibus
532 3195 609 3262 satis
629 3217 686 3286 per
707 3217 775 3263 sese
794 3196 947 3264 manebat
972 3196 1159 3282 auctoritas,
1179 3195 1248 3263 sive
1270 3218 1318 3264 eae
1341 3205 1445 3264 essent

328 3338 345 3378 o
370 3306 505 3400 privatis
523 3304 587 3372 illis
606 3303 772 3372 codicibus
792 3305 935 3390 insertae,
954 3304 1022 3374 sive
1044 3326 1111 3373 non
1132 3313 1249 3372 essent.
1270 3304 1443 3396 Perspicua

328 3445 346 3484 e
369 3425 445 3485 sunt
455 3411 642 3482 testimonia
656 3411 820 3479 Coelestini
835 3412 851 3477 I
865 3412 900 3479 in
916 3411 1052 3503 epistola
1065 3409 1107 3479 ad
1127 3411 1303 3503 Episcopos
1316 3413 1444 3503 Apulia

329 3554 346 3592 ι(
368 3533 400 3593 et
418 3519 589 3604 Calabriae,
609 3539 735 3586 necnon
754 3517 872 3588 Leonis
893 3517 1061 3608 epistolal
1083 3518 1124 3586 ad
1148 3517 1325 3609 Episcopcs
1346 3519 1443 3590 Caur-

327 3660 344 3699 «
368 3629 488 3724 paniae,
507 3627 540 3693 in
562 3625 682 3716 quibus
701 3647 768 3694 non
786 3647 951 3694 canonum
975 3633 1117 3711 tantum,
1134 3648 1252 3694 verum
1272 3627 1372 3695 etiam
1388 3627 1441 3693 dc·

326 3767 343 3806 c
366 3737 539 3808 cretelium
575 3733 749 3801 auctoritas
781 3731 1043 3801 commendatur.
1077 3734 1200 3802 Auctor
1227 3733 1316 3803 Vitae
1345 3734 1440 3803 sancti
1471 3801 1473 3804 .

328 3876 345 3914 u
368 3843 484 3914 Hilarii
502 3839 702 3910 Arelatensis
720 3840 802 3932 (cap.
827 3841 881 3932 te)
895 3849 1082 3910 accusatum
1108 3841 1206 3910 tradit
1224 3840 1438 3910 Coclidonium

327 3953 579 4044 «Episcopum,
610 3970 647 4015 ec
674 3947 702 4015 si
729 3946 866 4017 viduam
894 3948 975 4017 olim
1002 3948 1150 4019 duxisset
1177 3971 1331 4040 uxorem,
1360 3947 1443 4040 quod

326 4091 343 4130 c
366 4056 557 4152 Apostolicec
569 4055 663 4124 Sedis
678 4057 870 4138 auctoritas,
883 4070 914 4124 et
928 4079 1091 4126 canonum
1100 4057 1278 4148 probibent
1291 4071 1437 4126 statuta:

327 4200 344 4238 «
367 4171 424 4240 ubi
460 4165 654 4261 perspicitur
681 4178 714 4236 et
740 4190 880 4240 canones
910 4178 941 4238 et
972 4167 1163 4258 apostolicas
1197 4169 1439 4241 constitutiones
