3064 4952
562 508 646 562 tusis
668 513 820 560 canonici.
1189 493 1251 560 tat

133 652 360 746 adjaosqendo.
383 657 464 738 Qua
487 655 585 723 verba
605 655 780 723 Gratianus
801 653 888 744 (dist.
917 655 971 738 ts,
987 676 1016 720 e.
1036 654 1081 744 3),
1100 654 1254 724 adscribit

133 761 237 831 Leoni
251 763 312 850 lx,
329 765 407 856 quia
418 785 535 856 nempe
556 785 595 832 ea
608 761 746 854 protulit
759 761 961 831 Humbertus
979 770 1140 854 watenes
1155 763 1256 856 hujus

134 869 303 940 Pontificis
317 870 455 960 legatus.
472 909 518 922 -
534 868 635 937 Addit
648 867 823 938 Gratianus
842 866 927 958 (dist.
948 870 1003 952 32,
1021 892 1049 937 c.
1070 871 1099 960 6)
1115 897 1123 938 :
1142 871 1257 940 Scien-

135 977 216 1046 dam
238 1001 314 1046 vero
329 977 419 1069 qood
439 1001 604 1047 canonum
618 977 850 1069 Apostolorum
863 978 1063 1046 auctoritate
1074 979 1252 1060 orientalis,

136 1097 166 1154 st
182 1107 223 1154 es
229 1097 331 1176 porte
346 1090 498 1155 Romano
513 1086 621 1156 utitur
637 1085 795 1154 Ecclesia.

180 1192 245 1262 Sed
271 1217 376 1286 neque
399 1200 439 1263 50
461 1195 562 1288 primi
585 1217 725 1264 canones
751 1195 860 1263 statim
883 1195 1106 1264 auctoritatem
1117 1195 1255 1286 legalem

10 1305 11 1314 ²
135 1302 349 1371 obtinuerunt
370 1303 406 1370 in
421 1303 564 1372 Ecclesia
588 1303 699 1372 lobna.
716 1300 903 1371 Ferrandus
917 1309 948 1370 et
962 1301 1123 1372 Martinus
1137 1303 1257 1373 Braca-

137 1409 241 1477 ransis
261 1432 329 1478 non
349 1432 404 1478 eos
421 1409 630 1479 inseruerunt
645 1409 680 1477 in
696 1409 764 1478 suis
778 1431 941 1478 cananum
957 1408 1254 1501 compilationibus-3

137 1526 168 1584 et
176 1525 322 1609 tempore
332 1518 504 1586 Hincmari
516 1517 760 1610 archiepiscopi
768 1518 974 1603 libanensis,
987 1517 1020 1584 id
1029 1525 1169 1587 estanno
1179 1523 1255 1606 870,

137 1623 276 1694 necdum
291 1625 447 1694 extabant
459 1627 494 1694 in
508 1649 630 1695 canone
646 1627 796 1695 Ecclesiae
811 1625 994 1715 gallicane.
1016 1623 1138 1694 Scribit
1153 1627 1259 1695 Hinc-

138 1755 250 1801 marus
263 1731 304 1800 de
320 1732 391 1801 istis
405 1734 584 1804 canonibus
595 1733 630 1802 in
640 1732 796 1826 opusculo
811 1738 865 1819 bt,
882 1755 954 1824 cap.
969 1736 1010 1800 at
1025 1760 1033 1799 ι
1049 1735 1262 1826 Ganonesqoi

137 1851 296 1908 uocantur
309 1841 549 1933 Apostolorum,
566 1865 588 1909 a
602 1841 724 1910 devotis
738 1840 935 1933 quibusdam
946 1841 1082 1929 collecti,
1098 1841 1259 1934 inquibus

139 1947 293 2038 qaedam
307 1949 518 2040 receptibilia,
537 1949 690 2040 quaedam
700 1973 775 2018 vero
788 1973 856 2018 non
867 1949 1123 2030 stantseroanda,
1142 1952 1257 2020 nonab

138 2057 301 2150 Apostolos
330 2057 444 2150 serapti
473 2079 537 2126 esse
551 2057 737 2128 medentur.
768 2056 929 2126 Paulatim
961 2067 1068 2126 nmen
1092 2061 1132 2128 50
1160 2059 1259 2151 primi

136 2187 279 2234 canones
305 2165 537 2258 Apostolorum
561 2188 618 2258 per
648 2165 854 2235 Occidentem
876 2165 1100 2234 auctoritatem
1123 2167 1261 2257 legalem

138 2273 366 2362 obtinuerunt,
384 2275 429 2343 ita
443 2283 493 2359 ut,
506 2297 592 2343 anno
610 2278 673 2342 800
682 2326 691 2361 ,
704 2276 772 2366 Jam
787 2275 820 2341 in
836 2273 978 2342 Ecclesia
993 2274 1141 2343 Romana
1156 2298 1259 2344 usur-

139 2393 297 2474 parentur
319 2384 355 2450 in
375 2381 526 2475 judiciis,
553 2391 589 2452 ut
613 2391 791 2452 constater
807 2381 995 2468 LeonelX,
1016 2383 1110 2451 sicin
1126 2384 1260 2476 epistola

139 2513 200 2559 sua
211 2491 252 2560 ad
266 2491 443 2559 Britanniae
456 2491 630 2583 Episcopos
643 2499 794 2560 testante:
814 2491 964 2558 Uonones
976 2489 1092 2580 quidus
1104 2492 1140 2560 in
1154 2493 1260 2560 amni·

141 2598 200 2666 ban
212 2597 353 2690 judiciis
375 2599 593 2667 ecclesiasticis
613 2598 756 2680 utimar,
773 2610 850 2666 sunt
864 2619 1019 2679 conones,
1035 2599 1093 2690 qui
1106 2599 1261 2669 dicontur

141 2708 382 2799 Apostolorum.
506 2707 510 2714 ’

187 2816 372 2887 hoscarum
389 2821 434 2883 t'.
451 2855 495 2868 -
509 2819 548 2884 ln
560 2820 599 2884 50
606 2818 726 2909 primis
737 2817 779 2884 ab
791 2817 936 2885 Ecclesia
947 2821 1140 2888 Romanaet
1147 2831 1262 2910 posteo

141 2925 326 3015 peroratam
344 2925 377 2991 in
403 2923 572 2993 Occidente
593 2926 738 3016 receptis,
757 2925 888 3015 deniqne
902 2926 1115 3018 interpretari
1122 2941 1263 3018 possunt

143 3055 218 3124 qaas
244 3031 398 3101 uidentur
425 3033 623 3102 heterodoxo
644 3060 655 3099 :
677 3034 713 3101 in
740 3032 872 3124 reliquis
903 3057 978 3102 vcro
1006 3034 1159 3126 padam
1186 3049 1264 3104 sont

144 3143 188 3210 ab
216 3143 421 3212 heterodoxis
451 3145 589 3234 conficto
613 3157 644 3211 et
668 3143 857 3235 rejiciendo.
876 3145 973 3213 -ln
999 3168 1122 3214 canone
1149 3147 1263 3237 quinta

141 3249 335 3342 prohibetur
363 3274 402 3319 ne
428 3250 608 3342 Episcopus
631 3261 687 3319 aut
710 3250 878 3344 presbyter
903 3273 1042 3321 uxorem
1064 3275 1156 3321 snam
1179 3253 1262 3345 abji-

143 3359 217 3426 ciat.
255 3359 513 3450 interpretantur
545 3368 653 3428 eutem
691 3360 867 3429 canonistas
895 3360 1149 3453 prohibitionem
1180 3361 1264 3430 bano

145 3465 180 3532 in
192 3465 254 3534 boc
269 3487 389 3551 sensu,
407 3465 494 3558 quod
511 3467 689 3560 Episcopus
704 3477 736 3536 et
758 3468 927 3558 presbyter
941 3469 1071 3538 uxorati
1085 3477 1158 3537 ante
1174 3469 1264 3538 ordi-

146 3575 312 3644 nationem
337 3598 451 3662 saam,
477 3598 542 3645 nun
565 3576 703 3645 debeant
724 3599 863 3645 uxorem
886 3576 1120 3664 ita,deserere‚
1148 3587 1264 3646 utnon

147 3681 341 3772 provideant
369 3685 430 3774 ipsi
457 3684 496 3752 de
526 3685 705 3754 necessaria
735 3685 987 3769 sustentatione,
1018 3707 1084 3752 non
1107 3693 1216 3753 autem
1230 3687 1265 3754 in

148 3789 209 3859 boc
234 3813 356 3877 sensu,
382 3791 470 3882 quod
495 3791 632 3862 debeant
657 3816 740 3884 opus
765 3792 936 3883 conjugale
960 3814 1122 3860 exercere.
1151 3792 1189 3860 ln
1206 3792 1267 3862 hae

149 3899 237 3966 euim
253 3898 422 3988 posteriori
436 3921 533 3967 sensu
557 3923 661 3969 canon
676 3900 730 3968 ille
742 3923 847 3991 neque
863 3907 910 3967 est
926 3899 1142 3991 apostolicus,
1162 3921 1268 3992 neque

151 4027 296 4096 unquam
312 4005 377 4073 fuit
390 4005 431 4073 ab
442 4005 583 4074 Ecclesia
597 4007 699 4076 leuna
712 4015 882 4098 receptus;
905 3999 960 4076 sed
977 4009 1004 4074 si
1020 4028 1152 4074 sensum
1169 4006 1267 4076 istum

152 4109 303 4199 baberet,
327 4113 458 4182 deberet
479 4113 543 4182 dici
567 4137 587 4182 a
611 4115 734 4183 Gracia
756 4114 919 4202 insertus,
948 4126 980 4183 et
999 4113 1165 4205 Apastolis
1187 4115 1269 4183 falso

152 4221 343 4316 adscriptus.
361 4260 406 4275 -
420 4222 569 4292 Ganones
585 4228 626 4290 tt
639 4232 671 4292 et
687 4226 728 4290 46
745 4223 899 4292 videntur
921 4225 1058 4291 innuere
1073 4221 1270 4315 baptismum
