3022 4950
476 515 558 562 roura
581 515 732 562 casosror.
1122 499 1160 563 37

85 659 115 723 3.
133 659 198 725 Ius
218 655 369 726 diaeum
393 677 516 726 novum
536 653 618 724 illud
645 663 693 723 est
715 654 803 746 quod
823 655 974 726 Christus
988 657 1161 746 Dominus,

47 763 128 832 Deus
145 765 247 835 sinml
261 774 292 834 et
306 765 418 853 bomo,
432 767 468 834 in
483 764 577 835 Novo
596 765 803 834 Testamenta
818 764 976 855 condidit,
991 774 1023 834 et
1038 767 1091 837 vel
1107 790 1165 860 per

46 873 205 964 seipsum,
228 875 282 944 rel
301 897 359 966 per
380 873 542 966 apostolos
556 875 791 966 promulgavit.
816 874 949 966 Hocjus
965 875 1066 946 variis
1079 877 1165 946 insi-
1239 896 1244 907 ·

46 981 159 1068 guitur
174 984 375 1070 nominibus,
399 1007 515 1075 nempe
533 1006 541 1048 :
558 984 612 1053 leo
623 983 705 1076 fidei
717 984 823 1076 (epist.
842 983 877 1054 S.
899 984 994 1054 Pauli
1008 985 1050 1054 sd
1065 985 1162 1056 Rom.

47 1113 89 1178 ιιι,
113 1095 170 1182 2);
196 1093 249 1162 lec
263 1093 399 1186 spiritus
425 1093 501 1162 uita
523 1091 631 1184 (ibid,
660 1093 708 1182 8);
738 1093 791 1162 leo
815 1092 945 1184 matio,
965 1093 1062 1186 juxta
1081 1094 1164 1166 illud

17 1263 19 1274 ,
47 1202 319 1289 sanctisloennis²
335 1203 389 1272 ten
399 1226 464 1295 per
478 1205 610 1294 Moysen
625 1201 706 1272 data
727 1215 784 1285 cst,
800 1202 913 1325 pratia
929 1203 1091 1273 etueritos
1099 1227 1164 1297 per

17 1279 155 1378 tuum
172 1311 342 1381 Christum
351 1313 444 1404 sacto
457 1324 523 1396 est;
542 1311 620 1382 item
636 1312 690 1381 leo
710 1312 845 1402 amoris,
866 1319 899 1381 et
914 1313 967 1382 lec
989 1311 1161 1398 libertatis,

51 1428 76 1486 et
90 1419 144 1486 lex
157 1441 256 1489 nouo

88 1525 163 1594 Ad
150 1551 208 1617 Jus
221 1527 305 1596 illud
318 1528 481 1621 pertinent
496 1537 655 1621 praeopta
669 1529 709 1598 de
725 1527 803 1616 fide,
820 1549 876 1621 spe
892 1537 924 1596 et
937 1528 1105 1619 charitate,
1123 1532 1163 1602 de

53 1633 217 1706 dilectione
233 1638 455 1725 inimicorum,
476 1638 516 1708 de
539 1638 657 1708 ritihus
675 1637 943 1708 substantialibus
962 1640 1113 1710 sacrificii
1134 1651 1167 1712 ct

53 1755 337 1834 sacramentorum,
353 1755 385 1815 et
398 1769 614 1839 quaecumque
633 1769 674 1816 ex
695 1769 751 1816 ore
771 1746 895 1816 Christi
917 1757 1051 1840 excepta
1065 1773 1165 1842 apos-

54 1851 102 1919 toli
117 1851 334 1922 tradiderunt.
357 1855 506 1938 Quorum
525 1855 601 1943 alia,
626 1865 663 1923 ut
683 1862 782 1946 patet,
803 1853 939 1924 moralia
960 1864 1049 1941 sunt,
1071 1863 1103 1926 et
1122 1859 1163 1928 ad

51 1959 96 2048 jus
109 1961 208 2030 etiam
229 1961 376 2030 naturale
401 1961 609 2053 pertinentia,
637 1961 701 2030 alia
723 1960 973 2031 caeremonialia.
1001 1964 1047 2032 De
1068 1965 1164 2036 insti-

54 2069 175 2138 tuendis
188 2077 298 2138 autem
313 2078 345 2138 et
359 2068 547 2159 regulaudis
559 2068 704 2162 judiciis,
722 2069 795 2138 licet
810 2069 962 2138 Ecelesiae
976 2093 1046 2142 suae
1066 2072 1164 2164 legis-

53 2173 177 2244 lativarn
199 2185 387 2268 potestatem
408 2175 562 2246 Christus
586 2176 724 2265 dederit,
741 2177 809 2270 ipse
832 2187 940 2246 temen
953 2178 1042 2268 leges
1057 2181 1164 2250 nullas
1233 2239 1236 2246 .

54 2288 119 2356 tulit
142 2313 150 2352 :
176 2289 265 2358 unde
288 2311 362 2381 quse
382 2295 511 2358 exstant
536 2288 625 2380 leges
643 2287 832 2381 hujusmodi
855 2289 1010 2360 canonico
1036 2300 1161 2364 tantum

54 2397 122 2484 jori,
137 2419 206 2466 non
217 2396 331 2468 divino
346 2396 488 2466 adscribi
502 2397 619 2466 solent.

91 2507 183 2576 Circa
207 2507 263 2599 jus
292 2507 442 2577 divinum
469 2529 594 2578 novum
623 2506 820 2598 questiones
845 2507 1005 2600 quosdam
1032 2520 1166 2581 movent

56 2615 219 2685 monutae
239 2623 272 2684 et
292 2615 447 2705 theologi.

90 2724 215 2793 Primo.
232 2761 278 2776 -
297 2723 351 2791 An
371 2723 482 2792 omnia
504 2731 667 2814 praecepta
685 2745 761 2815 quse
785 2724 923 2815 apostoli
945 2726 1040 2795 nobis
1064 2727 1165 2796 tradi-

57 2832 176 2920 derunt,
198 2831 311 2901 diune
334 2831 419 2900 unt?
439 2869 483 2884 -
498 2830 626 2920 Negant
654 2831 765 2922 plures
790 2831 934 2922 theologi
960 2834 1056 2926 (inter
1082 2859 1165 2929 quos

56 2937 355 3030 Schmalzgrueber,
377 2939 505 3008 dissert.
527 2937 721 3031 procem.‚§
745 2941 777 3025 3,
800 2961 834 3007 n.
860 2939 949 3032 101).
974 2940 1057 3010 Nam
1079 2965 1166 3034 prae·

57 3059 99 3116 ter
131 3049 318 3118 missionem
353 3071 446 3118 suam
481 3047 630 3118 tradendi
660 3056 692 3116 et
730 3048 969 3118 transmittendi
1006 3063 1166 3146 praecepte

57 3179 91 3223 es
105 3181 159 3226 ore
173 3157 296 3229 Christi
321 3165 462 3249 accepta,
480 3154 592 3226 donati
607 3163 683 3224 sunt
699 3156 837 3247 apostoli
857 3165 1014 3248 potestate
1033 3159 1166 3250 legisla-

58 3265 125 3350 tirn,
146 3267 178 3334 vi
205 3265 296 3356 cujus
319 3273 496 3357 potuerunt
522 3265 609 3354 leges
630 3285 716 3332 mere
738 3265 965 3334 ecclesiasticas
988 3289 1031 3336 ex
1050 3268 1165 3362 seipsis

58 3381 203 3460 statuere;
232 3373 319 3442 unde
344 3382 506 3464 praecepta
522 3371 697 3464 apostolica
724 3371 764 3441 de
792 3372 996 3443 observanda
1025 3375 1079 3444 die
1105 3377 1166 3446 do-

60 3481 188 3567 urinica,
219 3479 260 3549 de
292 3479 418 3571 jejunio
454 3479 747 3573 quadragesimali,
778 3489 859 3568 etc,
890 3481 931 3550 ad
957 3482 1013 3574 jus
1045 3483 1164 3554 huma-

59 3608 130 3656 num
150 3588 399 3658 ecelesiasticam
423 3587 539 3656 reterri
557 3609 651 3678 posse
675 3587 841 3657 videntur.
867 3587 969 3681 ldque
987 3591 1084 3660 etiam
1100 3593 1166 3662 dici

61 3705 152 3783 petest
174 3697 215 3766 de
233 3705 396 3790 praeeepto
423 3719 491 3765 non
513 3695 688 3766 ordinandi
713 3696 911 3766 homicidam
932 3707 965 3766 ct
982 3699 1163 3790 bigamum,

61 3801 124 3873 licet
150 3807 184 3876 ia
212 3808 314 3877 sacris
343 3807 522 3900 seripturis
547 3807 594 3875 sic
622 3829 775 3899 expresso
794 3831 801 3872 :
822 3809 959 3898 Oportet
981 3809 1168 3902 episcwwn

64 3909 361 4006 irreprehensibilem
383 3939 459 4002 esse,
484 3915 580 3984 utrius
596 3915 709 3984 uxoris
727 3913 849 3996 unam,
868 3937 935 3984 noo
946 3939 1167 4007 percussorem

67 4019 87 4106 ll
99 4023 135 4092 ad
148 4025 290 4096 Timoth.
309 4049 354 4114 ru,
373 4050 405 4095 v.
423 4027 468 4115 2).

101 4135 254 4205 Seumdo.
272 4173 316 4188 -
333 4137 453 4206 Utrum
472 4135 622 4206 Christos
647 4133 818 4227 praeceptis
841 4135 1018 4206 moralibus
1041 4137 1169 4230 aliquid

71 4236 215 4310 addiderit
228 4242 314 4313 ultra
330 4242 364 4312 id
384 4245 473 4336 qnod
495 4243 657 4314 habebant
676 4265 714 4311 ex
731 4243 805 4334 jure
821 4243 961 4312 naturali
981 4245 1058 4312 etin
1073 4249 1174 4316 veteri
