3022 4950
302 483 339 548 56
654 499 828 547 raacnarus
851 501 889 548 un
913 500 1069 547 cameraris

180 629 182 633 ¹
299 672 314 710 a
338 645 488 714 Ecclesia
508 643 676 714 catholicae
699 646 832 713 nonnae
854 643 1030 731 traditum,
1052 643 1104 713 rel
1119 644 1351 730 constitutum,
1368 646 1422 714 vel

300 754 574 844 «approbatum,
610 775 676 844 quo
708 753 851 821 actiones
887 760 919 820 et
948 774 1056 822 mores
1091 751 1344 821 christianorum
1378 754 1423 821 ad
1505 797 1506 806 ÷

299 888 316 926 a
339 861 466 930 cultum
480 860 694 947 divinum...,
712 859 753 928 ad
776 882 891 952 pacem
910 868 941 928 et
961 860 1122 952 justitiam
1139 861 1173 928 iu
1186 861 1308 952 populo
1329 859 1421 930 fideli

298 997 315 1036 a
338 967 594 1038 conservandam
630 977 662 1036 et
700 967 908 1058 augendam,
943 968 1093 1038 ultimate
1127 991 1205 1038 vero
1239 968 1281 1037 ad
1318 969 1422 1039 finem

298 1105 315 1144 a
338 1076 620 1170 supernaturalem
636 1083 768 1146 aeternae
787 1076 997 1145 beatitudinis
1014 1075 1217 1166 diriguntur.
1242 1102 1259 1141 o
1505 1081 1506 1088 ’

339 1194 479 1283 Pirhiag
497 1218 504 1257 :
531 1221 549 1259 a
568 1194 627 1262 tus
647 1193 844 1263 canonicum
860 1193 906 1261 sic
921 1192 1051 1261 definiri
1068 1201 1246 1284 potest,·ex
1260 1193 1424 1283 Gregorio

299 1332 315 1370 a
338 1304 498 1371 Tolosauo
516 1301 644 1391 (Partit.
660 1301 728 1391 jur.
749 1323 838 1384 cau,
856 1300 913 1368 lib.
931 1302 957 1387 1,
976 1301 1024 1368 tit.
1043 1305 1074 1368 2.
1092 1324 1121 1370 c.
1139 1305 1170 1390 2)
1188 1309 1220 1368 et
1233 1302 1424 1372 Lancelotto
1505 1399 1506 1406 ἵ

300 1438 316 1477 a
343 1413 382 1501 (c.
405 1411 435 1500 1)
448 1436 456 1476 ε
472 1413 531 1477 tus
548 1408 729 1498 positivum
750 1407 840 1498 qaod
852 1431 873 1474 a
891 1409 1029 1476 summis
1041 1409 1254 1498 Pontificibus
1270 1411 1424 1478 Ecclesia.⁸
1505 1407 1506 1488 l

300 1545 317 1585 a
340 1517 508 1588 catholicae
528 1514 704 1601 traditam,
722 1515 937 1584 constitutum
956 1517 1010 1584 val
1025 1516 1260 1606 approbatam,
1278 1518 1425 1586 actiones
1505 1489 1506 1562 l

1505 1575 1506 1610 l

297 1625 828 1718 «fideliumsaaclrre'stianorum
839 1625 1360 1714 proeimeaddioiaumcaltum,
1377 1628 1427 1696 ad

298 1763 315 1801 a
335 1756 451 1826 pacem
471 1746 502 1800 et
517 1731 693 1823 justitiam
714 1731 935 1801 christianam
956 1733 1042 1824 (paea
1070 1735 1105 1801 in
1113 1735 1266 1824 puritate
1287 1735 1369 1826 fidei
1391 1751 1424 1804 et
1505 1733 1506 1828 l

298 1871 315 1907 a
339 1863 470 1910 moram
481 1841 661 1919 honestata,
673 1859 729 1906 sea
739 1838 978 1909 mandatorum
988 1841 1050 1908 Dei
1059 1855 1090 1908 et
1105 1841 1424 1911 Ecclesiaeobsarua-

298 1977 314 2014 a
339 1951 425 2017 tione
438 1946 592 2036 comittit)
610 1947 645 2013 ia
659 1946 782 2037 populo
796 1947 973 2016 ctriatiano
986 1948 1245 2018 corraeroandam
1256 1963 1288 2018 et
1297 1973 1424 2041 aupeu-

297 2083 315 2122 a
338 2056 430 2137 dam,
448 2054 601 2122 ultimate
622 2075 697 2122 vero
719 2052 766 2121 ad
783 2055 887 2144 finem
911 2067 1040 2122 arana
1065 2055 1277 2126 beatitudinis
1290 2057 1419 2148 diripit.

297 2193 314 2232 a
338 2164 464 2232 Dicitur
478 2166 509 2229 1⁰
524 2163 579 2253 jus
590 2162 783 2254 positivum,
799 2163 876 2253 quia
889 2163 1081 2230 auctoritate
1092 2185 1298 2233 summorum
1308 2166 1424 2235 Ponti·
1505 2159 1506 2236 l

299 2303 316 2340 a
340 2275 439 2340 ticum
458 2271 561 2340 latum
582 2277 642 2356 est,
666 2269 724 2361 qui
744 2292 819 2338 cum
837 2270 872 2336 in
895 2267 1037 2338 Ecclesia
1061 2269 1119 2338 Dei
1138 2269 1294 2362 principis
1303 2271 1423 2342 ,locum
1505 2265 1506 2328 l

300 2409 315 2444 a
340 2380 519 2466 obtineant,
530 2377 572 2447 ad
591 2399 646 2446 eos
654 2384 775 2469 spectat
789 2375 989 2450 universales
1000 2377 1090 2466 leges
1104 2377 1257 2446 Eeuesiae
1266 2379 1420 2448 condere.

299 2487 465 2557 «Dicitur
490 2490 523 2556 2⁰
552 2486 731 2571 traditum,
754 2486 832 2576 quia
852 2485 1005 2577 quaedam
1027 2486 1096 2577 juri
1123 2486 1278 2556 canonico
1300 2487 1424 2557 inserta
1505 2577 1506 2580 Ἴ

301 2625 317 2662 «
340 2604 417 2666 sunt
432 2617 507 2686 quae
526 2617 566 2662 ex
584 2593 644 2662 SS.
662 2591 840 2684 Scripturis
853 2601 931 2660 sunt
945 2603 1109 2684 excerpta,
1127 2601 1159 2662 et
1173 2593 1210 2662 in
1225 2595 1425 2665 universali·
1505 2583 1506 2652 l

300 2733 317 2771 a
339 2706 402 2773 bus
416 2701 561 2772 conciliis
584 2701 759 2794 repetita...
784 2700 909 2770 Dicitur
929 2704 960 2768 3⁰
980 2702 1206 2788 coustitutum,
1223 2723 1339 2794 nempe
1365 2728 1424 2798 per

299 2814 515 2884 «decretales
541 2812 708 2904 epistolas,
736 2813 913 2902 rescripta,
941 2813 1187 2885 constitutiones
1212 2835 1424 2884 summorum
1505 2837 1506 2912 l

299 2953 314 2990 a
338 2922 548 2993 Pontificum.
574 2921 700 2990 Dicitur
720 2925 754 2989 lt
774 2920 826 2988 vel
845 2923 1083 3013 approbatum
1102 2922 1165 2990 nisi
1186 2923 1274 2991 enim
1294 2923 1336 2990 iis
1346 2949 1424 3014 quae

299 3057 316 3096 a
339 3031 444 3122 posita
468 3038 545 3098 sunt
564 3030 599 3096 iu
611 3029 686 3120 jure
700 3029 855 3099 canonico
877 3029 1008 3100 accedat
1022 3031 1196 3100 auotoritas
1211 3039 1243 3100 ct
1257 3032 1425 3123 approba·

300 3167 316 3206 a
340 3139 385 3206 tio
406 3137 529 3207 summi
552 3136 736 3224 Pontificio,
760 3137 829 3206 vim
842 3137 925 3226 legis
938 3161 997 3208 sau
1011 3137 1098 3229 juris
1119 3139 1265 3208 canonici
1280 3160 1346 3208 non
1361 3140 1424 3209 ha·
1505 3129 1506 3224 l

299 3273 316 3312 a
340 3246 430 3316 b'eut.
455 3244 584 3314 Dicitur
608 3249 639 3310 5⁰
656 3244 797 3314 actiones
812 3242 960 3312 fidelium
980 3267 1037 3314 seu
1053 3244 1326 3332 christianorum,
1344 3248 1425 3339 quia

299 3381 315 3420 a
339 3351 532 3442 regulariter
552 3349 745 3420 infideles...
770 3351 867 3442 Papae
889 3359 946 3420 aut
962 3351 1030 3442 juri
1049 3352 1204 3424 canonico
1226 3373 1293 3421 uon
1312 3353 1423 3444 subji-

299 3460 516 3528 «ciuntur...
549 3458 678 3526 Dicitur
704 3460 737 3524 6ο
760 3458 912 3549 proxime
934 3457 976 3526 ad
999 3457 1151 3528 divinum
1175 3457 1316 3545 cultum,
1337 3468 1420 3532 ato,
1505 3452 1506 3538 l

298 3597 314 3633 (ι
339 3568 459 3659 quihus
476 3565 584 3634 verbis
599 3564 761 3634 indicatur
778 3567 852 3634 linis
866 3575 937 3634 tum
960 3565 1145 3657 proximus,
1164 3575 1234 3635 tum
1251 3566 1423 3636 ultimatus

300 3706 316 3741 a
339 3685 371 3745 et
395 3674 588 3767 principalis
599 3673 685 3765 juris
705 3674 866 3744 canonici.
892 3699 910 3738 o
933 3673 1004 3764 (lus
1018 3696 1090 3742 can.
1114 3674 1326 3766 procamium,
1349 3675 1420 3766 §3,

295 3800 329 3852 ιιο
350 3783 416 3874 15.)
1505 3775 1506 3798 ’
