3068 4948
260 479 323 544 252
614 499 789 546 morinus
809 499 849 544 us
872 499 1025 546 consonus

303 641 402 707 Anno
425 642 501 707 418.
524 677 569 694 -
592 639 683 708 ldnm
703 639 793 730 Popo
815 639 990 708 sciscitanti
1008 637 1199 708 suomuno
1216 637 1373 729 Episcopo

261 771 342 818 num
358 749 511 819 monachi
525 759 557 819 el
577 749 652 818 luici
669 758 800 841 possent
814 749 855 818 ed
871 748 1087 819 secerdotium
1110 747 1296 840 promoveri
1311 768 1374 814 uon

261 858 418 949 susceptis
441 858 654 927 inlerioribus
677 857 860 946 ordinibus,
876 858 1049 951 respondet
1067 885 1075 924 :
1093 861 1163 926 Hoc
1176 869 1290 924 oulen
1304 877 1375 947 spc-

261 965 388 1034 cialiter
402 977 434 1034 et
445 966 503 1034 sud
519 967 809 1058 predecessoribus
827 968 946 1036 nostris
961 980 1145 1059 sempera
1162 964 1254 1034 nodis
1273 965 1377 1034 inter-

261 1069 386 1140 dictum
399 1085 537 1161 coruscet,
549 1074 667 1144 litteris
679 1073 726 1142 ad
740 1075 868 1144 Gallias
881 1075 1121 1167 Hispaniasque
1134 1073 1372 1144 commosis...

262 1179 402 1248 Proinde
416 1204 486 1264 reos,
503 1205 543 1250 ree
558 1181 640 1273 quid
653 1183 778 1250 meritis
792 1181 973 1252 dilectiones
988 1195 1055 1252 tuce
1072 1180 1315 1274 dereperermn,
1333 1181 1379 1251 ad

262 1300 293 1355 te
303 1289 512 1380 potissimum
527 1291 649 1382 scripto
663 1290 854 1374 direximus,
871 1315 943 1384 qum
961 1291 997 1360 ire
1014 1291 1164 1360 omnium
1182 1292 1331 1380 [rutrum
1346 1303 1377 1358 ct

261 1397 522 1490 coepiscoporum
543 1412 731 1468 nostrorum
747 1400 853 1491 socios
878 1400 926 1468 ire
946 1400 1123 1483 uotiuum
1146 1421 1216 1467 non
1244 1411 1377 1467 toruum

263 1527 377 1573 eorum
391 1507 450 1598 qui
469 1507 504 1576 in
524 1532 563 1577 co
579 1509 753 1601 provincia
772 1521 861 1591 suut,
876 1508 934 1578 sed
952 1509 1054 1578 ctiam
1069 1508 1128 1600 qui
1141 1508 1255 1577 meinis
1270 1508 1379 1576 Dilec-

263 1613 345 1680 lieni
360 1615 434 1682 Tum
443 1616 623 1706 provinciis
638 1615 870 1709 odjunpwuur
885 1618 1064 1708 (Constant,
1082 1617 1144 1686 ool.
1161 1621 1223 1686 968
1239 1618 1376 1708 c197o).

305 1723 403 1792 Anno
430 1727 507 1792 429.
527 1763 572 1778 -
592 1727 790 1796 Goelestiuus
814 1727 902 1819 Papa
928 1727 970 1795 ad
993 1728 1170 1819 Episcopus
1191 1727 1325 1819 Apuliae
1346 1735 1379 1794 el

262 1831 420 1900 Calabris
451 1835 582 1904 mittens
610 1837 763 1929 quasdem
794 1860 854 1905 suo
888 1835 1018 1906 decretu
1046 1837 1132 1906 citos
1157 1835 1376 1928 disciplinam,

263 1938 405 2027 mandat,
429 1951 463 2011 ut
482 1966 544 2035 per
564 1957 650 2014 totos
673 1946 818 2014 ecclesias
840 1945 1030 2026 mnolcscot,
1053 1957 1090 2013 ut
1112 1945 1222 2013 culleis
1242 1946 1307 2014 sibi
1323 1968 1380 2036 spe

262 2048 376 2138 alipta
388 2051 530 2142 forsitan
544 2052 711 2122 blanditus
724 2052 846 2122 illudm
864 2053 1043 2144 (Constant,
1059 2053 1120 2122 col.
1140 2053 1249 2144 1074).

304 2157 403 2226 Anno
425 2163 501 2228 421.
523 2199 569 2216 -
588 2162 770 2231 Concilium
792 2163 1029 2230 oecumenicum
1050 2161 1251 2254 Ephesiuum
1274 2183 1379 2253 ency-

261 2264 375 2333 clicam
401 2269 516 2337 scribit
540 2271 715 2362 animique
747 2283 868 2338 sancte
895 2269 1020 2360 syuodo
1049 2292 1123 2361 que
1143 2293 1208 2362 per
1231 2269 1379 2361 mapulas

262 2373 378 2442 memdi
394 2389 510 2468 partes
534 2391 600 2461 est;
623 2379 664 2446 de
685 2400 751 2471 quo
774 2379 932 2448 talionem
959 2377 1041 2446 dens
1065 2377 1264 2469 subjungit:
1292 2379 1379 2462 Ouio

262 2505 336 2550 vero
350 2487 496 2578 oportuit
510 2500 543 2555 et
557 2511 609 2556 cos
623 2489 682 2579 qui
699 2488 872 2580 deficerm
888 2511 910 2556 a
926 2486 1049 2578 syrrodo
1067 2500 1099 2555 et
1114 2487 1331 2578 perstiterunt
1347 2487 1380 2554 iri

262 2615 460 2685 unoquoque
478 2595 651 2684 provincio
671 2618 736 2664 uon
758 2595 912 2685 ipocrore
933 2617 1006 2686 que
1025 2595 1064 2663 dc
1078 2595 1130 2662 leis
1152 2595 1280 2664 decreto
1301 2607 1380 2663 sunl

261 2713 379 2767 nolum
400 2701 517 2770 Veserm
532 2703 675 2790 sommus
696 2703 886 2784 Sanctitas,
904 2711 965 2772 eie.
986 2703 1096 2794 (Cone.
1115 2701 1291 2790 Hurdnini,
1307 2711 1331 2770 t.
1352 2705 1379 2790 1,

263 2809 324 2877 col.
345 2812 456 2901 1623).

306 2919 404 2986 Auno
419 2922 495 2987 432.
513 2959 558 2972 -
571 2922 661 3014 Papa
680 2921 794 2990 Sixtus
809 2921 854 2989 111
873 2920 914 2989 od
930 2929 1078 2990 sanctum
1093 2919 1256 3012 Cyrillum
1273 2947 1280 2988 :
1302 2923 1381 2989 Herc

263 3049 337 3093 vero
365 3026 412 3095 od
424 3028 606 3098 vicinorum
624 3034 774 3122 fratrum
788 3031 944 3100 notitiam
956 3030 1028 3100 colo
1044 3029 1135 3098 mirri
1144 3052 1204 3121 per
1216 3031 1380 3120 pietatem

264 3146 369 3216 tuom,
394 3148 431 3204 ut
448 3136 573 3206 ducam
594 3140 630 3207 ire
645 3163 680 3208 re
694 3151 802 3220 toruo,
819 3139 880 3207 etsi
892 3139 973 3208 olim
986 3139 1098 3208 omnio
1116 3138 1304 3230 plenissime
1318 3137 1380 3208 dc-

260 3243 359 3331 fim'tc
369 3245 505 3335 pectino
521 3269 721 3315 mucescere
735 3260 795 3315 out
810 3269 941 3337 sepnem
956 3269 1019 3316 esse
1034 3258 1144 3314 lamen
1159 3246 1381 3338 Apostolicum

263 3349 392 3420 sedem.
410 3353 589 3443 (Constant,
607 3355 669 3424 col.
690 3355 800 3444 1235.)

306 3461 404 3530 Auno
420 3465 496 3531 444.
514 3501 560 3515 -
572 3463 711 3532 Sanctus
723 3463 789 3532 Leo
806 3463 946 3553 Magnus
963 3463 1005 3532 cd
1020 3463 1230 3532 Anastasium
1245 3463 1381 3553 Episco-

263 3595 342 3663 pum
370 3572 688 3645 Thessalonicensem
717 3603 725 3643 :
753 3580 832 3644 Haec
859 3575 971 3667 itaque
1000 3575 1036 3642 irc
1058 3574 1208 3642 omnium
1230 3576 1380 3666 fratrum

259 3682 359 3770 socies
373 3682 527 3752 notitiam
539 3684 726 3775 pervenirc;
740 3697 779 3752 ut
792 3685 903 3752 nullus
921 3682 1070 3773 deinceps
1080 3705 1142 3774 per
1156 3681 1381 3772 ipnoraretiom

264 3790 299 3858 in
314 3791 518 3861 obseromrdis
531 3794 582 3860 leis
595 3816 668 3884 quse
684 3793 907 3885 precipimus,
929 3789 1107 3860 ecmoondi
1120 3813 1153 3858 se
1166 3791 1310 3882 reperiat
1321 3791 1382 3880 so-

263 3899 430 3968 cullalern.
462 3899 576 3991 (Epist.
604 3904 636 3985 l,
652 3900 729 3968 edit.
750 3901 857 3986 Caco,
875 3923 908 3991 p.
927 3903 981 3966 27.
997 3937 1042 3949 -
1058 3897 1142 3968 Vide
1158 3897 1253 3984 ibid,
1271 3919 1304 3988 p.
1324 3902 1379 3987 60,

265 4007 433 4097 epistolum
450 4009 515 4098 13.)

309 4116 407 4184 Anno
417 4119 492 4184 uo.
506 4114 652 4184 -ldcm
665 4115 767 4207 Papo,
785 4115 921 4186 Turibio
937 4115 1115 4185 :Dedimus
1131 4115 1242 4207 itaque
1254 4116 1381 4184 litemus

265 4223 312 4292 od
320 4226 441 4316 scotres
456 4237 486 4294 et
499 4224 696 4317 coepiscopos
710 4239 835 4296 nostros
852 4229 1113 4310 Tarraconenses,
1134 4226 1380 4316 Corllroqinen-
