3048 4954
539 527 623 578 tuars
644 530 796 578 canonici.
1164 509 1222 576 131

158 695 176 732 ι
198 667 282 738 blais
297 668 329 737 le
343 676 498 757 serment,
514 667 616 738 ddt-il
628 671 697 739 erre
712 669 801 762 prete
813 671 895 739 dans
909 670 940 738 le
956 677 1059 762 terups
1072 669 1113 737 de
1127 669 1228 738 l'onc-

111 801 130 842 ι
155 776 226 846 tion
242 777 422 868 imperiale,
446 786 477 846 et
493 800 569 846 sous
582 777 630 846 les
648 800 736 868 yeux
761 778 881 847 mdmes
900 787 932 846 et
950 777 998 846 les
1017 777 1164 868 auspices
1183 778 1229 845 du

111 911 129 948 ι
155 881 363 973 Sciat-Pers,
390 907 431 954 ne
449 886 610 955 renferme
630 886 701 954 rien
716 887 776 977 qui
793 887 901 978 puisse
923 886 1064 956 offenser
1081 907 1116 953 sa
1130 885 1226 979 pitto,

111 1020 130 1056 ιι
156 1015 253 1083 parca
274 993 356 1086 qu'il
378 1001 427 1061 est
439 995 651 1064 eutibremeut
670 994 842 1086 polilique,
858 1003 890 1063 et
905 994 1088 1086 n’exprime
1103 993 1173 1062 rien
1189 993 1229 1061 dc

112 1127 130 1165 ι
156 1101 267 1168 relatif
279 1106 299 1169 s
311 1101 343 1170 la
358 1123 517 1193 croyance
530 1102 714 1194 religieuse.

158 1233 177 1272 ι
199 1207 375 1300 llprescrit
398 1211 606 1282 l’obdissauce
619 1235 686 1280 aux
701 1211 762 1281 lois
774 1211 820 1281 du
836 1211 1021 1294 concordat,
1039 1233 1134 1304 parce
1150 1233 1226 1303 que,

111 1341 129 1380 ι
155 1338 197 1384 en
212 1317 352 1408 langage
365 1318 410 1388 du
427 1319 513 1390 droit
528 1319 651 1412 public,
676 1321 723 1389 les
744 1321 951 1413 stipulatione
969 1325 1010 1390 de
1028 1320 1114 1389 deux
1138 1319 1230 1411 puis-

113 1452 130 1488 ιι
155 1447 270 1494 sances
281 1436 355 1496 sant
369 1425 426 1496 des
441 1427 501 1496 lois
514 1451 578 1520 que
599 1429 647 1498 les
673 1428 859 1520 publicistes
875 1428 1037 1522 appellent
1059 1428 1120 1497 lois
1140 1429 1180 1497 de
1194 1427 1227 1496 ta

113 1559 131 1598 ι
156 1532 264 1602 lettre.
278 1533 340 1601 Les
354 1534 414 1603 lois
428 1535 624 1626 arpaniques
638 1545 711 1604 sont
726 1535 783 1604 rles
801 1535 862 1604 lois
876 1535 975 1604 d’uue
994 1543 1085 1605 autre
1099 1542 1226 1604 nature.

114 1669 131 1707 ι
155 1641 203 1710 Le
229 1643 340 1734 prince
366 1665 407 1711 ne
428 1657 586 1736 peutpas
596 1645 694 1736 jarer
717 1644 758 1713 de
782 1645 827 1713 les
845 1645 934 1736 scire
954 1644 1111 1726 odaucer,
1133 1667 1230 1736 parce

114 1777 132 1815 ι
157 1747 526 1842 qu’ellespeuventetre
541 1753 718 1844 chaugde53
744 1760 776 1822 et
795 1752 845 1822 s'il
869 1754 960 1822 avait
984 1755 1034 1823 tte
1049 1754 1130 1822 daus
1154 1753 1229 1822 l’in-

114 1883 131 1922 ι
156 1857 282 1926 teution
305 1857 350 1927 du
375 1860 572 1928 constituent
592 1861 633 1929 de
658 1861 688 1930 le
703 1860 875 1954 prescrire,
901 1861 924 1929 il
948 1861 1087 1930 u'curait
1101 1884 1159 1953 pas
1181 1862 1230 1930 dit

115 1993 132 2032 ι
156 1965 206 2033 les
221 1966 281 2034 lois
294 1965 339 2036 du
355 1967 541 2052 concordat,
563 1969 645 2036 mais
666 1968 712 2037 les
732 1969 792 2037 lois
806 1970 1001 2062 crpaniques
1026 1969 1071 2037 du
1097 1993 1232 2039 concor-

115 2104 133 2142 ιι
157 2075 230 2144 dut.
249 2103 265 2142 >r

157 2183 210 2253 Ex
224 2184 285 2252 ista
298 2184 457 2254 solutione
471 2186 512 2254 ab
527 2185 665 2278 ipsomet
681 2186 831 2254 ministro
842 2185 1037 2277 Talleyrsud
1052 2188 1228 2278 proposita,

112 2299 201 2385 patet
216 2313 313 2383 quam
329 2290 553 2383 longaevam
576 2293 729 2363 aberrent
749 2293 807 2385 qui
830 2293 1080 2384 comprehensos
1104 2294 1166 2362 sub
1175 2292 1230 2383 ju-

114 2403 275 2486 ramento,
290 2423 310 2467 a
323 2399 509 2492 Napoleone
518 2403 532 2469 l
541 2401 673 2488 emisso,
691 2401 845 2471 articulos
857 2401 1027 2491 organicos
1037 2401 1214 2470 exstimant
1219 2428 1228 2489 3

113 2519 146 2574 et
160 2507 219 2599 qui
230 2509 376 2578 inferunt
390 2509 440 2576 bis
455 2509 601 2578 articulis
613 2511 706 2578 tacite
720 2511 920 2579 consensisse
936 2509 1031 2577 Pium
1047 2509 1120 2596 Vll,
1138 2531 1178 2577 ex
1194 2531 1231 2577 eo

113 2615 203 2708 quod
219 2615 304 2684 dicto
315 2617 500 2708 juramento
516 2639 582 2686 non
596 2641 665 2686 sese
681 2617 879 2708 opposuerit.

160 2723 374 2793 Βοωιιῑιιιτυιι
386 2723 444 2792 ΙΧ.
460 2725 613 2793 -ΒιιΙΙα
629 2725 1186 2815 excommunicationis‘Nupoleonis
1202 2727 1229 2806 1,

116 2837 158 2901 10
169 2833 265 2924 junii
284 2836 380 2900 1809.
402 2873 448 2886 -
461 2834 603 2902 Tantum
625 2833 764 2902 latinum
781 2834 881 2925 hujus
896 2832 1007 2920 bullae,
1030 2855 1104 2926 quoe
1119 2833 1232 2926 incipit

115 2945 229 3025 Orcum
251 2941 480 3029 memoranda,
497 2941 598 3010 edidit
619 2942 745 3028 Andre,
770 2945 871 3012 Coars
895 2940 934 3010 dc
953 2940 1041 3009 droit
1063 2943 1231 3030 carcalla

111 3049 292 3142 appendice
314 3051 355 3119 ad
376 3051 496 3120 calcem
517 3051 605 3120 tertii
624 3051 717 3138 tomi,
736 3053 856 3144 pagiua
877 3055 938 3119 bdl
961 3051 1111 3119 editionis
1131 3051 1233 3119 tertia

115 3160 229 3248 1859);
246 3158 362 3249 gallice
378 3169 484 3228 summ
509 3158 635 3228 reddita
660 3161 823 3251 reperitur
840 3161 992 3251 inopere
1018 3160 1142 3227 domini
1167 3163 1232 3228 Ar-

112 3266 206 3352 taud‚
223 3268 367 3336 Histoire
381 3267 420 3336 de
435 3268 489 3336 Pii
508 3271 568 3336 Vll
584 3269 682 3358 (tomo
697 3269 739 3354 ll,
753 3268 873 3360 pagins
888 3272 951 3335 625
966 3267 1122 3335 editionis
1140 3269 1232 3336 Pari-

113 3375 231 3444 siensis
251 3375 358 3466 1837).
388 3377 426 3444 ln
446 3399 484 3443 ea
497 3398 595 3467 porro
609 3375 649 3444 de
671 3377 740 3442 suis
754 3385 867 3444 contra
889 3375 1061 3465 organicos
1079 3376 1233 3443 articulus

112 3482 411 3576 protestationibus,
428 3484 472 3551 sic
488 3485 623 3575 ipsemet
638 3483 860 3560 testaturPius
875 3482 938 3550 Vll
955 3506 962 3546 :

163 3619 180 3656 ι
198 3591 264 3659 vix
283 3600 318 3658 ut
332 3592 522 3682 reparandis
537 3591 572 3658 in
585 3591 690 3659 Gallia
702 3587 853 3658 Ecclesiae
868 3588 1016 3657 cladibus
1028 3587 1153 3658 aditum
1170 3613 1232 3682 ps-

116 3729 134 3766 ιι
159 3701 263 3768 telieri
276 3700 419 3791 aliquem
433 3701 665 3791 persensimus,
686 3699 774 3766 testis
789 3698 882 3766 nobis
897 3699 1073 3767 universus
1084 3707 1132 3766 est
1145 3700 1233 3768 orbis

116 3837 133 3876 ιι
160 3815 285 3902 quanta
298 3831 373 3876 cum
389 3807 553 3877 ulacntate
576 3808 770 3876 iniverimus
785 3807 990 3876 tractationes
1003 3807 1104 3897 pacis,
1127 3830 1233 3900 quan-

115 3945 134 3984 ι
158 3917 250 4008 tique
264 3927 297 3985 et
318 3916 413 3985 nobis
428 3923 460 3984 et
479 3916 542 4007 ipsi
557 3913 708 3984 Ecclesiae
726 3916 851 3984 steterit
869 3911 941 3983 illas
954 3913 1084 3984 taudem
1100 3917 1141 3983 ad
1156 3940 1232 3986 eum

116 4054 135 4092 ιι
163 4026 290 4094 exitum
304 4025 495 4116 perducere,
521 4048 619 4118 quem
635 4025 789 4116 consequi
812 4023 968 4092 licuisset.
998 4026 1042 4091 At
1066 4024 1153 4093 Deus
1170 4025 1232 4093 im·
1348 4059 1354 4074 .

117 4163 136 4201 ιι
160 4133 324 4203 mortalis!
342 4132 508 4216 Quorsum
530 4155 603 4225 spes
626 4141 737 4202 nostra
752 4135 870 4200 evasitl
903 4130 983 4214 Quis
1001 4139 1102 4200 tsntae
1122 4133 1233 4201 indul-

120 4271 138 4309 ιι
162 4245 281 4336 gentiae
294 4266 331 4312 ac
345 4243 546 4312 liberalitatis
560 4251 680 4311 nostrae
692 4241 822 4309 tandem
835 4241 943 4308 extitit
957 4239 1102 4309 fructus?
1191 4289 1195 4298 ι
