<?xml version="1.0" encoding="UTF-8"?>
<!DOCTYPE html PUBLIC "-//W3C//DTD XHTML 1.0 Transitional//EN"
    "http://www.w3.org/TR/xhtml1/DTD/xhtml1-transitional.dtd">
<html xmlns="http://www.w3.org/1999/xhtml" xml:lang="en" lang="en">
 <head>
  <title>
</title>
<meta http-equiv="Content-Type" content="text/html;charset=utf-8" />
  <meta name='ocr-system' content='tesseract 3.04.00' />
  <meta name='ocr-capabilities' content='ocr_page ocr_carea ocr_par ocr_line ocrx_word'/>
</head>
<body>
  <div class='ocr_page' id='page_1' title='image "./tractatusdeprin00bouigoog_0148.png"; bbox 0 0 3048 4954; ppageno 0'>
   <div class='ocr_carea' id='block_1_1' title="bbox 573 473 1259 546">
    <p class='ocr_par' dir='ltr' id='par_1_1' title="bbox 573 473 1259 546">
     <span class='ocr_line' id='line_1_1' title="bbox 573 473 1259 546; baseline -0.009 -1"><span class='ocrx_word' id='word_1_1' title='bbox 573 498 656 546; x_wconf 77' lang='lat' dir='ltr'><strong>sonis</strong></span> <span class='ocrx_word' id='word_1_2' title='bbox 678 499 829 545; x_wconf 78' lang='lat' dir='ltr'><strong>canonici.</strong></span> <span class='ocrx_word' id='word_1_3' title='bbox 1200 473 1259 540; x_wconf 79' lang='lat'><strong>133</strong></span> 
     </span>
    </p>
   </div>
   <div class='ocr_carea' id='block_1_2' title="bbox 137 634 1274 2468">
    <p class='ocr_par' dir='ltr' id='par_1_2' title="bbox 137 634 1274 2468">
     <span class='ocr_line' id='line_1_2' title="bbox 140 634 1266 733; baseline -0.004 -25"><span class='ocrx_word' id='word_1_4' title='bbox 140 639 351 710; x_wconf 87' lang='lat' dir='ltr'><strong>concinnatos</strong></span> <span class='ocrx_word' id='word_1_5' title='bbox 373 663 411 710; x_wconf 89' lang='lat' dir='ltr'><strong>ac</strong></span> <span class='ocrx_word' id='word_1_6' title='bbox 433 640 613 733; x_wconf 85' lang='lat' dir='ltr'><strong>publicatos</strong></span> <span class='ocrx_word' id='word_1_7' title='bbox 633 640 744 726; x_wconf 84' lang='lat' dir='ltr'><strong>fuisse,</strong></span> <span class='ocrx_word' id='word_1_8' title='bbox 770 637 945 706; x_wconf 85' lang='lat' dir='ltr'><strong>sedetiam</strong></span> <span class='ocrx_word' id='word_1_9' title='bbox 968 635 1120 706; x_wconf 75' lang='lat' dir='ltr'><strong>Ecclesiae</strong></span> <span class='ocrx_word' id='word_1_10' title='bbox 1143 634 1266 726; x_wconf 75' lang='lat' dir='ltr'><strong>leqibos</strong></span> 
     </span>
     <span class='ocr_line' id='line_1_3' title="bbox 138 743 1264 842; baseline -0.007 -24"><span class='ocrx_word' id='word_1_11' title='bbox 138 772 178 818; x_wconf 86' lang='lat' dir='ltr'><strong>oc</strong></span> <span class='ocrx_word' id='word_1_12' title='bbox 192 748 347 819; x_wconf 60' lang='lat' dir='ltr'><strong>docti-m</strong></span> <span class='ocrx_word' id='word_1_13' title='bbox 362 747 643 830; x_wconf 69' lang='lat' dir='ltr'><strong>aduersari&#39;Quae</strong></span> <span class='ocrx_word' id='word_1_14' title='bbox 658 745 803 842; x_wconf 79' lang='lat' dir='ltr'><strong>proiecto</strong></span> <span class='ocrx_word' id='word_1_15' title='bbox 818 745 973 814; x_wconf 89' lang='lat' dir='ltr'><strong>solemnis</strong></span> <span class='ocrx_word' id='word_1_16' title='bbox 988 743 1164 814; x_wconf 75' lang='lat' dir='ltr'><strong>declaratio</strong></span> <span class='ocrx_word' id='word_1_17' title='bbox 1179 765 1264 812; x_wconf 89' lang='lat' dir='ltr'><strong>nova</strong></span> 
     </span>
     <span class='ocr_line' id='line_1_4' title="bbox 137 853 1129 949; baseline -0.003 -22"><span class='ocrx_word' id='word_1_18' title='bbox 137 859 215 945; x_wconf 78' lang='lat' dir='ltr'><strong>tuit,</strong></span> <span class='ocrx_word' id='word_1_19' title='bbox 234 866 280 928; x_wconf 86' lang='lat' dir='ltr'><strong>tot</strong></span> <span class='ocrx_word' id='word_1_20' title='bbox 295 859 370 928; x_wconf 86' lang='lat' dir='ltr'><strong>aliis</strong></span> <span class='ocrx_word' id='word_1_21' title='bbox 384 858 506 949; x_wconf 85' lang='lat' dir='ltr'><strong>addita,</strong></span> <span class='ocrx_word' id='word_1_22' title='bbox 524 867 638 930; x_wconf 89' lang='lat' dir='ltr'><strong>contra</strong></span> <span class='ocrx_word' id='word_1_23' title='bbox 661 859 740 926; x_wconf 86' lang='lat' dir='ltr'><strong>istos</strong></span> <span class='ocrx_word' id='word_1_24' title='bbox 756 854 913 925; x_wconf 80' lang='lat' dir='ltr'><strong>articulos</strong></span> <span class='ocrx_word' id='word_1_25' title='bbox 929 853 1129 948; x_wconf 82' lang='lat' dir='ltr'><strong>protestatio.</strong></span> 
     </span>
     <span class='ocr_line' id='line_1_5' title="bbox 185 963 1264 1057; baseline -0.007 -20"><span class='ocrx_word' id='word_1_26' title='bbox 185 967 401 1038; x_wconf 81' lang='lat' dir='ltr'><strong>Docouuuruu</strong></span> <span class='ocrx_word' id='word_1_27' title='bbox 419 968 655 1038; x_wconf 72' lang='lat' dir='ltr'><strong>itt-sciam</strong></span> <span class='ocrx_word' id='word_1_28' title='bbox 671 965 713 1034; x_wconf 83' lang='lat' dir='ltr'><strong>ab</strong></span> <span class='ocrx_word' id='word_1_29' title='bbox 728 963 899 1057; x_wconf 73' lang='lat' dir='ltr'><strong>Epucopis</strong></span> <span class='ocrx_word' id='word_1_30' title='bbox 918 963 1038 1032; x_wconf 74' lang='lat' dir='ltr'><strong>Gallim</strong></span> <span class='ocrx_word' id='word_1_31' title='bbox 1052 975 1166 1030; x_wconf 82' lang='lat' dir='ltr'><strong>contra</strong></span> <span class='ocrx_word' id='word_1_32' title='bbox 1181 963 1264 1030; x_wconf 82' lang='lat' dir='ltr'><strong>orti·</strong></span> 
     </span>
     <span class='ocr_line' id='line_1_6' title="bbox 140 1063 1274 1169; baseline -0.004 -25"><span class='ocrx_word' id='word_1_33' title='bbox 140 1077 231 1144; x_wconf 83' lang='lat' dir='ltr'><strong>culos</strong></span> <span class='ocrx_word' id='word_1_34' title='bbox 249 1077 417 1167; x_wconf 77' lang='lat' dir='ltr'><strong>orqmcicos</strong></span> <span class='ocrx_word' id='word_1_35' title='bbox 431 1077 558 1169; x_wconf 82' lang='lat' dir='ltr'><strong>pluries</strong></span> <span class='ocrx_word' id='word_1_36' title='bbox 578 1075 797 1144; x_wconf 81' lang='lat' dir='ltr'><em>reclamatum</em></span> <span class='ocrx_word' id='word_1_37' title='bbox 817 1085 875 1140; x_wconf 89' lang='lat' dir='ltr'><strong>est.</strong></span> <span class='ocrx_word' id='word_1_38' title='bbox 891 1110 936 1124; x_wconf 97' lang='lat'>-</span> <span class='ocrx_word' id='word_1_39' title='bbox 953 1072 1051 1140; x_wconf 78' lang='lat' dir='ltr'><strong>Anno</strong></span> <span class='ocrx_word' id='word_1_40' title='bbox 1068 1074 1152 1138; x_wconf 82' lang='grc'><strong>1809</strong></span> <span class='ocrx_word' id='word_1_41' title='bbox 1175 1063 1274 1140; x_wconf 40' lang='lat' dir='ltr'><strong>com-¹</strong></span> 
     </span>
     <span class='ocr_line' id='line_1_7' title="bbox 140 1178 1266 1271; baseline -0.005 -19"><span class='ocrx_word' id='word_1_42' title='bbox 140 1184 329 1254; x_wconf 82' lang='lat' dir='ltr'><strong>missionem</strong></span> <span class='ocrx_word' id='word_1_43' title='bbox 344 1183 589 1254; x_wconf 88' lang='lat' dir='ltr'><strong>ecclesiasticam</strong></span> <span class='ocrx_word' id='word_1_44' title='bbox 602 1183 812 1252; x_wconf 87' lang='lat' dir='ltr'><strong>constituerat</strong></span> <span class='ocrx_word' id='word_1_45' title='bbox 823 1179 970 1271; x_wconf 86' lang='lat' dir='ltr'><strong>Napoleo</strong></span> <span class='ocrx_word' id='word_1_46' title='bbox 981 1179 1009 1266; x_wconf 90' lang='lat'><strong>1,</strong></span> <span class='ocrx_word' id='word_1_47' title='bbox 1024 1178 1119 1270; x_wconf 85' lang='lat' dir='ltr'><strong>cujus</strong></span> <span class='ocrx_word' id='word_1_48' title='bbox 1131 1178 1266 1248; x_wconf 87' lang='lat' dir='ltr'><strong>oonsilio</strong></span> 
     </span>
     <span class='ocr_line' id='line_1_8' title="bbox 139 1286 1266 1384; baseline -0.003 -24"><span class='ocrx_word' id='word_1_49' title='bbox 139 1291 177 1360; x_wconf 89' lang='lat' dir='ltr'><strong>in</strong></span> <span class='ocrx_word' id='word_1_50' title='bbox 204 1293 343 1384; x_wconf 76' lang='lat' dir='ltr'><strong>negotiis</strong></span> <span class='ocrx_word' id='word_1_51' title='bbox 361 1292 582 1362; x_wconf 87' lang='lat' dir='ltr'><strong>ecclesiasticis</strong></span> <span class='ocrx_word' id='word_1_52' title='bbox 602 1298 759 1360; x_wconf 87' lang='lat' dir='ltr'><strong>uteretur.</strong></span> <span class='ocrx_word' id='word_1_53' title='bbox 791 1290 874 1374; x_wconf 72' lang='lat' dir='ltr'><strong>Qua</strong></span> <span class='ocrx_word' id='word_1_54' title='bbox 888 1286 1087 1374; x_wconf 87' lang='lat' dir='ltr'><strong>commissio,</strong></span> <span class='ocrx_word' id='word_1_55' title='bbox 1113 1288 1266 1378; x_wconf 80' lang='lat' dir='ltr'><strong>gubernii</strong></span> 
     </span>
     <span class='ocr_line' id='line_1_9' title="bbox 140 1397 1267 1495; baseline -0.007 -23"><span class='ocrx_word' id='word_1_56' title='bbox 140 1403 291 1494; x_wconf 84' lang='lat' dir='ltr'><strong>partibus</strong></span> <span class='ocrx_word' id='word_1_57' title='bbox 318 1405 393 1495; x_wconf 88' lang='lat' dir='ltr'><strong>plus</strong></span> <span class='ocrx_word' id='word_1_58' title='bbox 422 1403 562 1474; x_wconf 88' lang='lat' dir='ltr'><strong>nimium</strong></span> <span class='ocrx_word' id='word_1_59' title='bbox 592 1401 743 1486; x_wconf 82' lang='lat' dir='ltr'><strong>addicta,</strong></span> <span class='ocrx_word' id='word_1_60' title='bbox 781 1399 977 1468; x_wconf 88' lang='lat' dir='ltr'><strong>violatorum</strong></span> <span class='ocrx_word' id='word_1_61' title='bbox 1005 1397 1168 1488; x_wconf 79' lang='lat' dir='ltr'>responsis</span> <span class='ocrx_word' id='word_1_62' title='bbox 1197 1399 1267 1466; x_wconf 91' lang='lat' dir='ltr'><strong>suis</strong></span> 
     </span>
     <span class='ocr_line' id='line_1_10' title="bbox 139 1505 1265 1604; baseline -0.005 -24"><span class='ocrx_word' id='word_1_63' title='bbox 139 1510 295 1580; x_wconf 73' lang='lat' dir='ltr'><strong>Ecclesiae</strong></span> <span class='ocrx_word' id='word_1_64' title='bbox 307 1511 432 1604; x_wconf 81' lang='lat' dir='ltr'><strong>jurium</strong></span> <span class='ocrx_word' id='word_1_65' title='bbox 448 1533 548 1602; x_wconf 88' lang='lat' dir='ltr'><strong>quam</strong></span> <span class='ocrx_word' id='word_1_66' title='bbox 564 1531 619 1578; x_wconf 89' lang='lat' dir='ltr'><strong>raa</strong></span> <span class='ocrx_word' id='word_1_67' title='bbox 636 1509 746 1595; x_wconf 82' lang='lat' dir='ltr'><strong>fuerit,</strong></span> <span class='ocrx_word' id='word_1_68' title='bbox 762 1515 878 1577; x_wconf 89' lang='lat' dir='ltr'><strong>notum</strong></span> <span class='ocrx_word' id='word_1_69' title='bbox 894 1507 947 1574; x_wconf 89' lang='lat' dir='ltr'><strong>hio</strong></span> <span class='ocrx_word' id='word_1_70' title='bbox 961 1505 1188 1598; x_wconf 82' lang='lat' dir='ltr'><strong>supponimus.</strong></span> <span class='ocrx_word' id='word_1_71' title='bbox 1211 1507 1265 1575; x_wconf 82' lang='lat' dir='ltr'><strong>Ad</strong></span> 
     </span>
     <span class='ocr_line' id='line_1_11' title="bbox 140 1613 1266 1709; baseline -0.003 -23"><span class='ocrx_word' id='word_1_72' title='bbox 140 1619 296 1688; x_wconf 81' lang='lat' dir='ltr'><strong>articulos</strong></span> <span class='ocrx_word' id='word_1_73' title='bbox 316 1628 425 1689; x_wconf 78' lang='lat' dir='ltr'><strong>tamur</strong></span> <span class='ocrx_word' id='word_1_74' title='bbox 437 1618 609 1709; x_wconf 83' lang='lat' dir='ltr'><strong>organicos</strong></span> <span class='ocrx_word' id='word_1_75' title='bbox 624 1615 713 1709; x_wconf 89' lang='lat' dir='ltr'><strong>quod</strong></span> <span class='ocrx_word' id='word_1_76' title='bbox 727 1616 842 1684; x_wconf 81' lang='lat' dir='ltr'><strong>attinet</strong></span> <span class='ocrx_word' id='word_1_77' title='bbox 855 1613 961 1684; x_wconf 89' lang='lat' dir='ltr'><strong>officio</strong></span> <span class='ocrx_word' id='word_1_78' title='bbox 976 1637 1035 1684; x_wconf 86' lang='lat' dir='ltr'><strong>suo</strong></span> <span class='ocrx_word' id='word_1_79' title='bbox 1050 1636 1117 1683; x_wconf 90' lang='lat' dir='ltr'><strong>non</strong></span> <span class='ocrx_word' id='word_1_80' title='bbox 1131 1615 1266 1684; x_wconf 89' lang='lat' dir='ltr'><strong>omnino</strong></span> 
     </span>
     <span class='ocr_line' id='line_1_12' title="bbox 141 1723 1267 1818; baseline -0.002 -24"><span class='ocrx_word' id='word_1_81' title='bbox 141 1725 258 1795; x_wconf 83' lang='lat' dir='ltr'><strong>defuit.</strong></span> <span class='ocrx_word' id='word_1_82' title='bbox 284 1727 482 1796; x_wconf 86' lang='lat' dir='ltr'><strong>laetantibus</strong></span> <span class='ocrx_word' id='word_1_83' title='bbox 497 1728 617 1818; x_wconf 85' lang='lat' dir='ltr'><strong>quippe</strong></span> <span class='ocrx_word' id='word_1_84' title='bbox 639 1725 739 1816; x_wconf 83' lang='lat' dir='ltr'><strong>hujus</strong></span> <span class='ocrx_word' id='word_1_85' title='bbox 761 1723 998 1793; x_wconf 79' lang='lat' dir='ltr'><strong>commissionis</strong></span> <span class='ocrx_word' id='word_1_86' title='bbox 1017 1723 1200 1815; x_wconf 87' lang='lat' dir='ltr'><strong>Episcopis,</strong></span> <span class='ocrx_word' id='word_1_87' title='bbox 1213 1723 1267 1792; x_wconf 91' lang='lat' dir='ltr'><strong>die</strong></span> 
     </span>
     <span class='ocr_line' id='line_1_13' title="bbox 142 1831 1267 1923; baseline -0.004 -21"><span class='ocrx_word' id='word_1_88' title='bbox 142 1837 186 1902; x_wconf 80' lang='lat'><strong>28</strong></span> <span class='ocrx_word' id='word_1_89' title='bbox 203 1834 359 1904; x_wconf 82' lang='lat' dir='ltr'><strong>februarii</strong></span> <span class='ocrx_word' id='word_1_90' title='bbox 377 1837 459 1903; x_wconf 82' lang='lat'>1810</span> <span class='ocrx_word' id='word_1_91' title='bbox 475 1834 604 1903; x_wconf 85' lang='lat' dir='ltr'><strong>decreto</strong></span> <span class='ocrx_word' id='word_1_92' title='bbox 618 1833 771 1923; x_wconf 77' lang='lat' dir='ltr'><strong>gubernii</strong></span> <span class='ocrx_word' id='word_1_93' title='bbox 786 1831 929 1900; x_wconf 84' lang='lat' dir='ltr'><strong>revocati</strong></span> <span class='ocrx_word' id='word_1_94' title='bbox 946 1839 1023 1899; x_wconf 90' lang='lat' dir='ltr'><strong>sunt</strong></span> <span class='ocrx_word' id='word_1_95' title='bbox 1036 1831 1164 1900; x_wconf 86' lang='lat' dir='ltr'><strong>articuli</strong></span> <span class='ocrx_word' id='word_1_96' title='bbox 1180 1835 1221 1898; x_wconf 81' lang='lat'><strong>26</strong></span> <span class='ocrx_word' id='word_1_97' title='bbox 1235 1841 1267 1899; x_wconf 84' lang='lat' dir='ltr'><strong>et</strong></span> 
     </span>
     <span class='ocr_line' id='line_1_14' title="bbox 143 1937 1266 2034; baseline -0.004 -24"><span class='ocrx_word' id='word_1_98' title='bbox 143 1945 199 2010; x_wconf 79' lang='grc'><strong>36.</strong></span> <span class='ocrx_word' id='word_1_99' title='bbox 228 1942 366 2034; x_wconf 88' lang='lat' dir='ltr'><strong>Insuper</strong></span> <span class='ocrx_word' id='word_1_100' title='bbox 392 1940 433 2010; x_wconf 88' lang='lat' dir='ltr'><strong>ad</strong></span> <span class='ocrx_word' id='word_1_101' title='bbox 456 1942 597 2034; x_wconf 88' lang='lat' dir='ltr'><strong>primam</strong></span> <span class='ocrx_word' id='word_1_102' title='bbox 623 1941 659 2008; x_wconf 89' lang='lat' dir='ltr'><strong>in</strong></span> <span class='ocrx_word' id='word_1_103' title='bbox 681 1938 823 2007; x_wconf 84' lang='lat' dir='ltr'><strong>secunda</strong></span> <span class='ocrx_word' id='word_1_104' title='bbox 845 1937 929 2006; x_wconf 88' lang='lat' dir='ltr'><strong>serie</strong></span> <span class='ocrx_word' id='word_1_105' title='bbox 942 1937 1005 2006; x_wconf 90' lang='lat' dir='ltr'><strong>sibi</strong></span> <span class='ocrx_word' id='word_1_106' title='bbox 1025 1938 1266 2030; x_wconf 83' lang='lat' dir='ltr'><strong>propositarum</strong></span> 
     </span>
     <span class='ocr_line' id='line_1_15' title="bbox 141 2044 1269 2140; baseline -0.003 -23"><span class='ocrx_word' id='word_1_107' title='bbox 141 2074 162 2117; x_wconf 86' lang='lat' dir='ltr'><strong>a</strong></span> <span class='ocrx_word' id='word_1_108' title='bbox 190 2049 350 2138; x_wconf 80' lang='lat' dir='ltr'><strong>gubernio</strong></span> <span class='ocrx_word' id='word_1_109' title='bbox 362 2051 597 2140; x_wconf 83' lang='lat' dir='ltr'><strong>quaestionum,</strong></span> <span class='ocrx_word' id='word_1_110' title='bbox 613 2048 658 2115; x_wconf 88' lang='lat' dir='ltr'><strong>sic</strong></span> <span class='ocrx_word' id='word_1_111' title='bbox 673 2046 869 2137; x_wconf 80' lang='lat' dir='ltr'><strong>generaliter</strong></span> <span class='ocrx_word' id='word_1_112' title='bbox 888 2044 929 2113; x_wconf 87' lang='lat' dir='ltr'><strong>de</strong></span> <span class='ocrx_word' id='word_1_113' title='bbox 943 2045 1089 2114; x_wconf 88' lang='lat' dir='ltr'><strong>articulis</strong></span> <span class='ocrx_word' id='word_1_114' title='bbox 1104 2046 1269 2135; x_wconf 78' lang='lat' dir='ltr'><strong>organicis</strong></span> 
     </span>
     <span class='ocr_line' id='line_1_16' title="bbox 142 2153 1267 2250; baseline -0.004 -24"><span class='ocrx_word' id='word_1_115' title='bbox 142 2158 331 2250; x_wconf 84' lang='lat' dir='ltr'><strong>respondit:</strong></span> <span class='ocrx_word' id='word_1_116' title='bbox 350 2185 366 2222; x_wconf 81' lang='lat' dir='ltr'><strong>a</strong></span> <span class='ocrx_word' id='word_1_117' title='bbox 390 2158 634 2250; x_wconf 81' lang='lat' dir='ltr'><strong>Quclquss-uus</strong></span> <span class='ocrx_word' id='word_1_118' title='bbox 649 2156 690 2224; x_wconf 87' lang='lat' dir='ltr'><strong>dc</strong></span> <span class='ocrx_word' id='word_1_119' title='bbox 704 2177 757 2223; x_wconf 90' lang='lat' dir='ltr'><strong>ces</strong></span> <span class='ocrx_word' id='word_1_120' title='bbox 772 2153 900 2224; x_wconf 87' lang='lat' dir='ltr'><strong>articles</strong></span> <span class='ocrx_word' id='word_1_121' title='bbox 915 2154 1116 2223; x_wconf 85' lang='lat' dir='ltr'><strong>renferment</strong></span> <span class='ocrx_word' id='word_1_122' title='bbox 1130 2153 1187 2222; x_wconf 89' lang='lat' dir='ltr'><strong>des</strong></span> <span class='ocrx_word' id='word_1_123' title='bbox 1200 2155 1267 2222; x_wconf 91' lang='lat' dir='ltr'><strong>dis-</strong></span> 
     </span>
     <span class='ocr_line' id='line_1_17' title="bbox 141 2247 1269 2358; baseline 0.002 -24"><span class='ocrx_word' id='word_1_124' title='bbox 141 2266 301 2356; x_wconf 84' lang='lat' dir='ltr'><strong>positions</strong></span> <span class='ocrx_word' id='word_1_125' title='bbox 314 2267 373 2358; x_wconf 90' lang='lat' dir='ltr'><strong>qui</strong></span> <span class='ocrx_word' id='word_1_126' title='bbox 387 2267 527 2335; x_wconf 86' lang='lat' dir='ltr'><strong>seraicnt</strong></span> <span class='ocrx_word' id='word_1_127' title='bbox 539 2268 605 2334; x_wconf 71' lang='lat' dir='ltr'><strong>tres</strong></span> <span class='ocrx_word' id='word_1_128' title='bbox 626 2265 874 2358; x_wconf 72' lang='lat' dir='ltr'><strong>prejudiciables</strong></span> <span class='ocrx_word' id='word_1_129' title='bbox 887 2269 907 2332; x_wconf 77' lang='lat' dir='ltr'><strong>i</strong></span> <span class='ocrx_word' id='word_1_130' title='bbox 922 2247 1057 2356; x_wconf 69' lang='lat' dir='ltr'><strong>l&#39;i&#39;lglise</strong></span> <span class='ocrx_word' id='word_1_131' title='bbox 1068 2266 1136 2335; x_wconf 87' lang='lat' dir='ltr'><strong>s’ils</strong></span> <span class='ocrx_word' id='word_1_132' title='bbox 1150 2269 1269 2336; x_wconf 74' lang='lat' dir='ltr'><strong>etaient</strong></span> 
     </span>
     <span class='ocr_line' id='line_1_18' title="bbox 143 2373 1267 2468; baseline 0.003 -26"><span class='ocrx_word' id='word_1_133' title='bbox 143 2377 296 2444; x_wconf 70' lang='lat' dir='ltr'><strong>exeratis</strong></span> <span class='ocrx_word' id='word_1_134' title='bbox 316 2381 334 2445; x_wconf 79' lang='lat' dir='ltr'><strong>a</strong></span> <span class='ocrx_word' id='word_1_135' title='bbox 359 2376 391 2444; x_wconf 91' lang='lat' dir='ltr'><strong>la</strong></span> <span class='ocrx_word' id='word_1_136' title='bbox 417 2376 565 2466; x_wconf 80' lang='lat' dir='ltr'><strong>rigucur.</strong></span> <span class='ocrx_word' id='word_1_137' title='bbox 593 2373 645 2444; x_wconf 89' lang='lat' dir='ltr'><strong>On</strong></span> <span class='ocrx_word' id='word_1_138' title='bbox 658 2397 678 2443; x_wconf 89' lang='lat' dir='ltr'><strong>e</strong></span> <span class='ocrx_word' id='word_1_139' title='bbox 691 2383 762 2443; x_wconf 91' lang='lat' dir='ltr'><strong>tout</strong></span> <span class='ocrx_word' id='word_1_140' title='bbox 775 2375 841 2442; x_wconf 88' lang='lat' dir='ltr'><strong>lieu</strong></span> <span class='ocrx_word' id='word_1_141' title='bbox 856 2375 896 2442; x_wconf 91' lang='lat' dir='ltr'><strong>de</strong></span> <span class='ocrx_word' id='word_1_142' title='bbox 911 2374 1014 2442; x_wconf 86' lang='lat' dir='ltr'><strong>croire</strong></span> <span class='ocrx_word' id='word_1_143' title='bbox 1034 2373 1131 2468; x_wconf 87' lang='lat' dir='ltr'><strong>qu&#39;ils</strong></span> <span class='ocrx_word' id='word_1_144' title='bbox 1147 2384 1204 2444; x_wconf 89' lang='lat' dir='ltr'><strong>ont</strong></span> <span class='ocrx_word' id='word_1_145' title='bbox 1218 2379 1267 2445; x_wconf 74' lang='lat' dir='ltr'><strong>ete</strong></span> 
     </span>
    </p>
   </div>
   <div class='ocr_carea' id='block_1_3' title="bbox 142 2471 1397 2573">
    <p class='ocr_par' dir='ltr' id='par_1_3' title="bbox 142 2471 1397 2573">
     <span class='ocr_line' id='line_1_19' title="bbox 142 2471 1397 2573; baseline 0.002 -24"><span class='ocrx_word' id='word_1_146' title='bbox 142 2483 270 2573; x_wconf 71' lang='lat' dir='ltr'><strong>ajontcs</strong></span> <span class='ocrx_word' id='word_1_147' title='bbox 294 2505 337 2552; x_wconf 85' lang='lat' dir='ltr'><strong>au</strong></span> <span class='ocrx_word' id='word_1_148' title='bbox 359 2482 533 2552; x_wconf 88' lang='lat' dir='ltr'><strong>concordat</strong></span> <span class='ocrx_word' id='word_1_149' title='bbox 560 2503 686 2550; x_wconf 85' lang='lat' dir='ltr'><strong>comme</strong></span> <span class='ocrx_word' id='word_1_150' title='bbox 708 2481 765 2549; x_wconf 84' lang='lat' dir='ltr'><strong>des</strong></span> <span class='ocrx_word' id='word_1_151' title='bbox 782 2483 1024 2572; x_wconf 70' lang='lat' dir='ltr'><strong>monagemcnts</strong></span> <span class='ocrx_word' id='word_1_152' title='bbox 1042 2483 1139 2572; x_wconf 74' lang='lat' dir='ltr'><strong>juges</strong></span> <span class='ocrx_word' id='word_1_153' title='bbox 1155 2485 1268 2552; x_wconf 75' lang='lat' dir='ltr'><strong>neces·</strong></span> <span class='ocrx_word' id='word_1_154' title='bbox 1395 2471 1397 2479; x_wconf 46' lang='lat'><strong>¹</strong></span> 
     </span>
    </p>
   </div>
   <div class='ocr_carea' id='block_1_4' title="bbox 142 2587 1274 3872">
    <p class='ocr_par' dir='ltr' id='par_1_4' title="bbox 142 2587 1274 3872">
     <span class='ocr_line' id='line_1_20' title="bbox 142 2587 1268 2683; baseline 0.002 -25"><span class='ocrx_word' id='word_1_155' title='bbox 142 2591 248 2659; x_wconf 85' lang='lat' dir='ltr'><strong>saires</strong></span> <span class='ocrx_word' id='word_1_156' title='bbox 271 2613 354 2682; x_wconf 87' lang='lat' dir='ltr'><strong>pour</strong></span> <span class='ocrx_word' id='word_1_157' title='bbox 380 2591 508 2683; x_wconf 85' lang='lat' dir='ltr'><strong>aplanir</strong></span> <span class='ocrx_word' id='word_1_158' title='bbox 531 2591 563 2658; x_wconf 85' lang='lat' dir='ltr'><strong>la</strong></span> <span class='ocrx_word' id='word_1_159' title='bbox 588 2591 661 2659; x_wconf 84' lang='lat' dir='ltr'><strong>voic</strong></span> <span class='ocrx_word' id='word_1_160' title='bbox 687 2612 729 2657; x_wconf 87' lang='lat' dir='ltr'><strong>au</strong></span> <span class='ocrx_word' id='word_1_161' title='bbox 756 2587 1013 2658; x_wconf 71' lang='lat' dir='ltr'><strong>retablisscmcnt</strong></span> <span class='ocrx_word' id='word_1_162' title='bbox 1033 2589 1078 2658; x_wconf 87' lang='lat' dir='ltr'><strong>du</strong></span> <span class='ocrx_word' id='word_1_163' title='bbox 1102 2590 1187 2659; x_wconf 86' lang='lat' dir='ltr'><strong>culte</strong></span> <span class='ocrx_word' id='word_1_164' title='bbox 1212 2614 1268 2660; x_wconf 89' lang='lat' dir='ltr'><strong>ca-</strong></span> 
     </span>
     <span class='ocr_line' id='line_1_21' title="bbox 143 2697 1266 2790; baseline 0.002 -24"><span class='ocrx_word' id='word_1_165' title='bbox 143 2697 305 2789; x_wconf 86' lang='lat' dir='ltr'><strong>tholique,</strong></span> <span class='ocrx_word' id='word_1_166' title='bbox 320 2707 352 2767; x_wconf 93' lang='lat' dir='ltr'><strong>et</strong></span> <span class='ocrx_word' id='word_1_167' title='bbox 366 2721 449 2767; x_wconf 89' lang='lat' dir='ltr'><strong>nous</strong></span> <span class='ocrx_word' id='word_1_168' title='bbox 464 2699 618 2790; x_wconf 70' lang='lat' dir='ltr'><strong>esperons</strong></span> <span class='ocrx_word' id='word_1_169' title='bbox 632 2697 730 2790; x_wconf 88' lang='lat' dir='ltr'><strong>qu’ils</strong></span> <span class='ocrx_word' id='word_1_170' title='bbox 744 2708 853 2767; x_wconf 88' lang='lat' dir='ltr'><strong>seront</strong></span> <span class='ocrx_word' id='word_1_171' title='bbox 867 2699 1027 2790; x_wconf 66' lang='lat' dir='ltr'><strong>rivoques</strong></span> <span class='ocrx_word' id='word_1_172' title='bbox 1040 2720 1083 2768; x_wconf 94' lang='lat' dir='ltr'><strong>ou</strong></span> <span class='ocrx_word' id='word_1_173' title='bbox 1100 2697 1266 2788; x_wconf 54' lang='lat' dir='ltr'><strong>modifica,</strong></span> 
     </span>
     <span class='ocr_line' id='line_1_22' title="bbox 143 2805 1220 2899; baseline -0.004 -24"><span class='ocrx_word' id='word_1_174' title='bbox 143 2807 187 2876; x_wconf 88' lang='lat' dir='ltr'><strong>dc</strong></span> <span class='ocrx_word' id='word_1_175' title='bbox 200 2805 374 2874; x_wconf 77' lang='lat' dir='ltr'><strong>mani&#39;erea</strong></span> <span class='ocrx_word' id='word_1_176' title='bbox 390 2807 527 2899; x_wconf 81' lang='lat' dir='ltr'><strong>dissipor</strong></span> <span class='ocrx_word' id='word_1_177' title='bbox 538 2806 585 2874; x_wconf 91' lang='lat' dir='ltr'><strong>les</strong></span> <span class='ocrx_word' id='word_1_178' title='bbox 600 2805 806 2896; x_wconf 73' lang='lat' dir='ltr'><strong>inquietudes</strong></span> <span class='ocrx_word' id='word_1_179' title='bbox 819 2806 917 2898; x_wconf 88' lang='lat' dir='ltr'><strong>qu’ils</strong></span> <span class='ocrx_word' id='word_1_180' title='bbox 928 2814 986 2873; x_wconf 90' lang='lat' dir='ltr'><strong>ont</strong></span> <span class='ocrx_word' id='word_1_181' title='bbox 1002 2806 1060 2874; x_wconf 83' lang='lat' dir='ltr'><strong>fait</strong></span> <span class='ocrx_word' id='word_1_182' title='bbox 1075 2808 1190 2875; x_wconf 84' lang='lat' dir='ltr'><strong>neitre.</strong></span> <span class='ocrx_word' id='word_1_183' title='bbox 1203 2835 1220 2871; x_wconf 76' lang='lat' dir='ltr'><strong>n</strong></span> 
     </span>
     <span class='ocr_line' id='line_1_23' title="bbox 195 2912 1270 3002; baseline 0.003 -22"><span class='ocrx_word' id='word_1_184' title='bbox 195 2915 292 2981; x_wconf 80' lang='lat' dir='ltr'><strong>Anno</strong></span> <span class='ocrx_word' id='word_1_185' title='bbox 308 2917 407 3002; x_wconf 83' lang='grc'><strong>1819,</strong></span> <span class='ocrx_word' id='word_1_186' title='bbox 423 2913 475 2982; x_wconf 87' lang='lat' dir='ltr'><strong>die</strong></span> <span class='ocrx_word' id='word_1_187' title='bbox 498 2917 539 2982; x_wconf 81' lang='lat'><strong>30</strong></span> <span class='ocrx_word' id='word_1_188' title='bbox 555 2912 647 3000; x_wconf 87' lang='lat' dir='ltr'><strong>maii,</strong></span> <span class='ocrx_word' id='word_1_189' title='bbox 663 2912 785 2981; x_wconf 87' lang='lat' dir='ltr'><strong>directa</strong></span> <span class='ocrx_word' id='word_1_190' title='bbox 799 2921 847 2980; x_wconf 88' lang='lat' dir='ltr'><strong>est</strong></span> <span class='ocrx_word' id='word_1_191' title='bbox 865 2912 907 2981; x_wconf 88' lang='lat' dir='ltr'><strong>ad</strong></span> <span class='ocrx_word' id='word_1_192' title='bbox 929 2914 1114 2982; x_wconf 88' lang='lat' dir='ltr'><strong>Romanum</strong></span> <span class='ocrx_word' id='word_1_193' title='bbox 1131 2914 1270 2984; x_wconf 87' lang='lat' dir='ltr'><strong>Pontifi-</strong></span> 
     </span>
     <span class='ocr_line' id='line_1_24' title="bbox 142 3021 1267 3116; baseline 0.002 -26"><span class='ocrx_word' id='word_1_194' title='bbox 142 3045 215 3090; x_wconf 83' lang='lat' dir='ltr'><strong>cem</strong></span> <span class='ocrx_word' id='word_1_195' title='bbox 231 3022 378 3114; x_wconf 87' lang='lat' dir='ltr'><strong>epistola,</strong></span> <span class='ocrx_word' id='word_1_196' title='bbox 394 3023 493 3092; x_wconf 89' lang='lat' dir='ltr'><strong>trium</strong></span> <span class='ocrx_word' id='word_1_197' title='bbox 509 3022 733 3092; x_wconf 87' lang='lat' dir='ltr'><strong>Cardinalium</strong></span> <span class='ocrx_word' id='word_1_198' title='bbox 750 3030 782 3089; x_wconf 86' lang='lat' dir='ltr'><strong>et</strong></span> <span class='ocrx_word' id='word_1_199' title='bbox 798 3025 838 3090; x_wconf 79' lang='lat' dir='ltr'><strong>u</strong></span> <span class='ocrx_word' id='word_1_200' title='bbox 852 3021 1089 3114; x_wconf 83' lang='lat' dir='ltr'><strong>Episcoporum</strong></span> <span class='ocrx_word' id='word_1_201' title='bbox 1101 3024 1267 3116; x_wconf 86' lang='lat' dir='ltr'><strong>subscrip-</strong></span> 
     </span>
     <span class='ocr_line' id='line_1_25' title="bbox 143 3129 1265 3221; baseline 0.004 -25"><span class='ocrx_word' id='word_1_202' title='bbox 143 3131 233 3197; x_wconf 86' lang='lat' dir='ltr'><strong>tione</strong></span> <span class='ocrx_word' id='word_1_203' title='bbox 248 3131 375 3197; x_wconf 88' lang='lat' dir='ltr'><strong>monita</strong></span> <span class='ocrx_word' id='word_1_204' title='bbox 389 3130 423 3197; x_wconf 88' lang='lat' dir='ltr'><strong>in</strong></span> <span class='ocrx_word' id='word_1_205' title='bbox 437 3152 503 3221; x_wconf 91' lang='lat' dir='ltr'><strong>qua</strong></span> <span class='ocrx_word' id='word_1_206' title='bbox 518 3129 564 3197; x_wconf 88' lang='lat' dir='ltr'><strong>sic</strong></span> <span class='ocrx_word' id='word_1_207' title='bbox 580 3129 716 3198; x_wconf 86' lang='lat' dir='ltr'><strong>habetur</strong></span> <span class='ocrx_word' id='word_1_208' title='bbox 733 3156 741 3195; x_wconf 78' lang='grc' dir='ltr'>ι</span> <span class='ocrx_word' id='word_1_209' title='bbox 764 3157 780 3194; x_wconf 80' lang='lat' dir='ltr'><strong>a</strong></span> <span class='ocrx_word' id='word_1_210' title='bbox 794 3129 862 3197; x_wconf 85' lang='lat' dir='ltr'><strong>Ello</strong></span> <span class='ocrx_word' id='word_1_211' title='bbox 876 3152 896 3197; x_wconf 88' lang='lat' dir='ltr'><strong>a</strong></span> <span class='ocrx_word' id='word_1_212' title='bbox 909 3131 958 3198; x_wconf 78' lang='grc' dir='ltr'><strong>1ῑὲ</strong></span> <span class='ocrx_word' id='word_1_213' title='bbox 972 3129 1012 3198; x_wconf 92' lang='lat' dir='ltr'><strong>de</strong></span> <span class='ocrx_word' id='word_1_214' title='bbox 1026 3139 1136 3199; x_wconf 90' lang='lat' dir='ltr'><strong>oourte</strong></span> <span class='ocrx_word' id='word_1_215' title='bbox 1153 3131 1265 3219; x_wconf 71' lang='lat' dir='ltr'><strong>duria,</strong></span> 
     </span>
     <span class='ocr_line' id='line_1_26' title="bbox 148 3234 1269 3331; baseline 0.007 -29"><span class='ocrx_word' id='word_1_216' title='bbox 148 3263 166 3302; x_wconf 79' lang='lat' dir='ltr'><strong>a</strong></span> <span class='ocrx_word' id='word_1_217' title='bbox 191 3237 273 3304; x_wconf 80' lang='lat' dir='ltr'><strong>Tres</strong></span> <span class='ocrx_word' id='word_1_218' title='bbox 294 3237 502 3321; x_wconf 68' lang='lat' dir='ltr'><strong>Sunt-Pers,</strong></span> <span class='ocrx_word' id='word_1_219' title='bbox 526 3234 559 3303; x_wconf 92' lang='lat' dir='ltr'><strong>la</strong></span> <span class='ocrx_word' id='word_1_220' title='bbox 575 3235 641 3327; x_wconf 90' lang='lat' dir='ltr'><strong>joie</strong></span> <span class='ocrx_word' id='word_1_221' title='bbox 663 3258 726 3329; x_wconf 88' lang='lat' dir='ltr'><strong>quc</strong></span> <span class='ocrx_word' id='word_1_222' title='bbox 752 3259 834 3305; x_wconf 90' lang='lat' dir='ltr'><strong>nous</strong></span> <span class='ocrx_word' id='word_1_223' title='bbox 855 3237 943 3306; x_wconf 88' lang='lat' dir='ltr'><strong>evait</strong></span> <span class='ocrx_word' id='word_1_224' title='bbox 969 3239 1029 3307; x_wconf 84' lang='lat' dir='ltr'><strong>tait</strong></span> <span class='ocrx_word' id='word_1_225' title='bbox 1051 3242 1214 3331; x_wconf 88' lang='lat' dir='ltr'><strong>e&#39;prouver</strong></span> <span class='ocrx_word' id='word_1_226' title='bbox 1238 3243 1269 3310; x_wconf 89' lang='lat' dir='ltr'><strong>la</strong></span> 
     </span>
     <span class='ocr_line' id='line_1_27' title="bbox 147 3341 1269 3435; baseline 0.007 -26"><span class='ocrx_word' id='word_1_227' title='bbox 147 3373 166 3409; x_wconf 75' lang='lat' dir='ltr'><strong>a</strong></span> <span class='ocrx_word' id='word_1_228' title='bbox 190 3345 383 3412; x_wconf 84' lang='lat' dir='ltr'><strong>conventiou</strong></span> <span class='ocrx_word' id='word_1_229' title='bbox 402 3345 513 3435; x_wconf 70' lang='lat' dir='ltr'><strong>passae</strong></span> <span class='ocrx_word' id='word_1_230' title='bbox 527 3352 618 3412; x_wconf 89' lang='lat' dir='ltr'><strong>entre</strong></span> <span class='ocrx_word' id='word_1_231' title='bbox 638 3341 737 3412; x_wconf 85' lang='lat' dir='ltr'><strong>Votrc</strong></span> <span class='ocrx_word' id='word_1_232' title='bbox 754 3343 897 3414; x_wconf 77' lang='lat' dir='ltr'><strong>Sainteti</strong></span> <span class='ocrx_word' id='word_1_233' title='bbox 913 3354 945 3414; x_wconf 90' lang='lat' dir='ltr'><strong>et</strong></span> <span class='ocrx_word' id='word_1_234' title='bbox 957 3345 987 3414; x_wconf 87' lang='lat' dir='ltr'><strong>Ie</strong></span> <span class='ocrx_word' id='word_1_235' title='bbox 1001 3348 1052 3414; x_wconf 91' lang='lat' dir='ltr'><strong>roi</strong></span> <span class='ocrx_word' id='word_1_236' title='bbox 1070 3347 1150 3415; x_wconf 73' lang='lat' dir='ltr'><strong>Tres</strong></span> <span class='ocrx_word' id='word_1_237' title='bbox 1166 3349 1269 3418; x_wconf 76' lang='lat' dir='ltr'><strong>chro-</strong></span> 
     </span>
     <span class='ocr_line' id='line_1_28' title="bbox 149 3451 1271 3544; baseline 0.007 -28"><span class='ocrx_word' id='word_1_238' title='bbox 149 3479 167 3516; x_wconf 77' lang='lat' dir='ltr'><strong>c</strong></span> <span class='ocrx_word' id='word_1_239' title='bbox 191 3454 270 3539; x_wconf 86' lang='lat' dir='ltr'><strong>tien,</strong></span> <span class='ocrx_word' id='word_1_240' title='bbox 285 3460 318 3519; x_wconf 90' lang='lat' dir='ltr'><strong>et</strong></span> <span class='ocrx_word' id='word_1_241' title='bbox 330 3474 394 3544; x_wconf 90' lang='lat' dir='ltr'><strong>que</strong></span> <span class='ocrx_word' id='word_1_242' title='bbox 409 3475 491 3520; x_wconf 88' lang='lat' dir='ltr'><strong>nous</strong></span> <span class='ocrx_word' id='word_1_243' title='bbox 506 3451 620 3520; x_wconf 77' lang='lat' dir='ltr'><strong>avictu</strong></span> <span class='ocrx_word' id='word_1_244' title='bbox 632 3473 753 3537; x_wconf 77' lang='lat' dir='ltr'><strong>ooocue</strong></span> <span class='ocrx_word' id='word_1_245' title='bbox 769 3451 827 3520; x_wconf 86' lang='lat' dir='ltr'><strong>des</strong></span> <span class='ocrx_word' id='word_1_246' title='bbox 841 3454 965 3544; x_wconf 83' lang='lat' dir='ltr'><strong>grands</strong></span> <span class='ocrx_word' id='word_1_247' title='bbox 980 3464 1012 3522; x_wconf 90' lang='lat' dir='ltr'><strong>et</strong></span> <span class='ocrx_word' id='word_1_248' title='bbox 1027 3455 1174 3525; x_wconf 79' lang='lat' dir='ltr'><strong>heurenx</strong></span> <span class='ocrx_word' id='word_1_249' title='bbox 1196 3457 1271 3526; x_wconf 90' lang='lat' dir='ltr'><strong>des-</strong></span> 
     </span>
     <span class='ocr_line' id='line_1_29' title="bbox 148 3558 1272 3651; baseline 0.007 -27"><span class='ocrx_word' id='word_1_250' title='bbox 148 3586 167 3624; x_wconf 80' lang='lat' dir='ltr'><strong>c</strong></span> <span class='ocrx_word' id='word_1_251' title='bbox 191 3559 278 3626; x_wconf 88' lang='lat' dir='ltr'><strong>seins</strong></span> <span class='ocrx_word' id='word_1_252' title='bbox 292 3559 349 3651; x_wconf 87' lang='lat' dir='ltr'><strong>qui</strong></span> <span class='ocrx_word' id='word_1_253' title='bbox 362 3558 493 3626; x_wconf 85' lang='lat' dir='ltr'><strong>avaient</strong></span> <span class='ocrx_word' id='word_1_254' title='bbox 506 3558 580 3650; x_wconf 74' lang='lat' dir='ltr'><strong>teja</strong></span> <span class='ocrx_word' id='word_1_255' title='bbox 595 3581 672 3645; x_wconf 74' lang='lat' dir='ltr'><strong>recu</strong></span> <span class='ocrx_word' id='word_1_256' title='bbox 688 3581 728 3627; x_wconf 86' lang='lat' dir='ltr'><strong>en</strong></span> <span class='ocrx_word' id='word_1_257' title='bbox 745 3561 849 3650; x_wconf 88' lang='lat' dir='ltr'><strong>partie</strong></span> <span class='ocrx_word' id='word_1_258' title='bbox 865 3562 938 3628; x_wconf 88' lang='lat' dir='ltr'><strong>leur</strong></span> <span class='ocrx_word' id='word_1_259' title='bbox 948 3562 1132 3646; x_wconf 71' lang='lat' dir='ltr'><strong>execution,</strong></span> <span class='ocrx_word' id='word_1_260' title='bbox 1148 3572 1180 3631; x_wconf 91' lang='lat' dir='ltr'><strong>ct</strong></span> <span class='ocrx_word' id='word_1_261' title='bbox 1192 3564 1272 3632; x_wconf 90' lang='lat' dir='ltr'><strong>dont</strong></span> 
     </span>
     <span class='ocr_line' id='line_1_30' title="bbox 149 3667 1272 3761; baseline 0.005 -27"><span class='ocrx_word' id='word_1_262' title='bbox 149 3697 167 3734; x_wconf 74' lang='lat' dir='ltr'><strong>a</strong></span> <span class='ocrx_word' id='word_1_263' title='bbox 190 3669 317 3735; x_wconf 86' lang='lat' dir='ltr'><strong>l&#39;cotier</strong></span> <span class='ocrx_word' id='word_1_264' title='bbox 332 3667 631 3758; x_wconf 86' lang='lat' dir='ltr'><strong>accomplissement</strong></span> <span class='ocrx_word' id='word_1_265' title='bbox 644 3671 832 3759; x_wconf 85' lang='lat' dir='ltr'><strong>promettait</strong></span> <span class='ocrx_word' id='word_1_266' title='bbox 851 3692 934 3761; x_wconf 90' lang='lat' dir='ltr'><strong>pour</strong></span> <span class='ocrx_word' id='word_1_267' title='bbox 949 3669 1087 3740; x_wconf 86' lang='lat' dir='ltr'><strong>l&#39;avcnir</strong></span> <span class='ocrx_word' id='word_1_268' title='bbox 1100 3671 1157 3739; x_wconf 87' lang='lat' dir='ltr'><strong>des</strong></span> <span class='ocrx_word' id='word_1_269' title='bbox 1170 3694 1272 3744; x_wconf 85' lang='lat' dir='ltr'><strong>avan-</strong></span> 
     </span>
     <span class='ocr_line' id='line_1_31' title="bbox 149 3775 1274 3872; baseline 0.007 -30"><span class='ocrx_word' id='word_1_270' title='bbox 149 3803 166 3842; x_wconf 78' lang='lat' dir='ltr'><strong>c</strong></span> <span class='ocrx_word' id='word_1_271' title='bbox 190 3785 281 3864; x_wconf 84' lang='lat' dir='ltr'><strong>tages</strong></span> <span class='ocrx_word' id='word_1_272' title='bbox 305 3776 379 3867; x_wconf 86' lang='lat' dir='ltr'><strong>pius</strong></span> <span class='ocrx_word' id='word_1_273' title='bbox 402 3775 555 3866; x_wconf 71' lang='lat' dir='ltr'><strong>prcoieux</strong></span> <span class='ocrx_word' id='word_1_274' title='bbox 578 3798 715 3845; x_wconf 85' lang='lat' dir='ltr'><strong>encore:</strong></span> <span class='ocrx_word' id='word_1_275' title='bbox 744 3777 791 3844; x_wconf 90' lang='lat' dir='ltr'><strong>les</strong></span> <span class='ocrx_word' id='word_1_276' title='bbox 811 3777 945 3846; x_wconf 81' lang='lat' dir='ltr'><strong>ancisus</strong></span> <span class='ocrx_word' id='word_1_277' title='bbox 967 3778 1085 3848; x_wconf 85' lang='lat' dir='ltr'><strong>noeuds</strong></span> <span class='ocrx_word' id='word_1_278' title='bbox 1108 3781 1165 3872; x_wconf 90' lang='lat' dir='ltr'><strong>qui</strong></span> <span class='ocrx_word' id='word_1_279' title='bbox 1182 3782 1274 3850; x_wconf 83' lang='lat' dir='ltr'><strong>exis·</strong></span> 
     </span>
    </p>
   </div>
   <div class='ocr_carea' id='block_1_5' title="bbox 148 3875 1276 4305">
    <p class='ocr_par' dir='ltr' id='par_1_5' title="bbox 148 3875 1276 4305">
     <span class='ocr_line' id='line_1_32' title="bbox 148 3875 1274 3976; baseline 0.008 -26"><span class='ocrx_word' id='word_1_280' title='bbox 148 3911 167 3950; x_wconf 78' lang='lat' dir='ltr'><strong>a</strong></span> <span class='ocrx_word' id='word_1_281' title='bbox 191 3885 293 3952; x_wconf 81' lang='lat' dir='ltr'><strong>taient</strong></span> <span class='ocrx_word' id='word_1_282' title='bbox 306 3893 398 3952; x_wconf 86' lang='lat' dir='ltr'><strong>entre</strong></span> <span class='ocrx_word' id='word_1_283' title='bbox 411 3875 445 3951; x_wconf 87' lang='lat' dir='ltr'><strong>la</strong></span> <span class='ocrx_word' id='word_1_284' title='bbox 456 3884 582 3953; x_wconf 83' lang='lat' dir='ltr'><strong>Franco</strong></span> <span class='ocrx_word' id='word_1_285' title='bbox 596 3893 627 3952; x_wconf 87' lang='lat' dir='ltr'><strong>et</strong></span> <span class='ocrx_word' id='word_1_286' title='bbox 638 3885 669 3953; x_wconf 85' lang='lat' dir='ltr'><strong>lo</strong></span> <span class='ocrx_word' id='word_1_287' title='bbox 679 3885 779 3976; x_wconf 69' lang='lat' dir='ltr'><strong>Sitge</strong></span> <span class='ocrx_word' id='word_1_288' title='bbox 796 3888 954 3954; x_wconf 72' lang='lat' dir='ltr'><strong>resscrrcs</strong></span> <span class='ocrx_word' id='word_1_289' title='bbox 970 3888 1011 3956; x_wconf 85' lang='lat' dir='ltr'><strong>de</strong></span> <span class='ocrx_word' id='word_1_290' title='bbox 1032 3909 1207 3970; x_wconf 87' lang='lat' dir='ltr'><strong>nouveau;</strong></span> <span class='ocrx_word' id='word_1_291' title='bbox 1229 3889 1274 3959; x_wconf 88' lang='lat' dir='ltr'><strong>les</strong></span> 
     </span>
     <span class='ocr_line' id='line_1_33' title="bbox 148 3990 1276 4091; baseline 0.009 -34"><span class='ocrx_word' id='word_1_292' title='bbox 148 4020 167 4057; x_wconf 80' lang='lat' dir='ltr'><strong>a</strong></span> <span class='ocrx_word' id='word_1_293' title='bbox 190 3992 321 4060; x_wconf 83' lang='lat' dir='ltr'><strong>articles</strong></span> <span class='ocrx_word' id='word_1_294' title='bbox 328 3991 507 4061; x_wconf 83' lang='lat' dir='ltr'><strong>contraires</strong></span> <span class='ocrx_word' id='word_1_295' title='bbox 518 3994 540 4060; x_wconf 79' lang='grc' dir='ltr'><em>ἀ</em></span> <span class='ocrx_word' id='word_1_296' title='bbox 552 3993 585 4060; x_wconf 87' lang='lat' dir='ltr'><strong>Io</strong></span> <span class='ocrx_word' id='word_1_297' title='bbox 595 3990 742 4062; x_wconf 81' lang='lat' dir='ltr'><strong>doctrine</strong></span> <span class='ocrx_word' id='word_1_298' title='bbox 752 4005 783 4062; x_wconf 86' lang='lat' dir='ltr'><strong>et</strong></span> <span class='ocrx_word' id='word_1_299' title='bbox 792 4017 861 4061; x_wconf 79' lang='lat' dir='ltr'><strong>aua</strong></span> <span class='ocrx_word' id='word_1_300' title='bbox 872 3994 933 4063; x_wconf 81' lang='lat' dir='ltr'><strong>lois</strong></span> <span class='ocrx_word' id='word_1_301' title='bbox 942 3995 1204 4087; x_wconf 65' lang='lat' dir='ltr'><strong>ecclesiastiqnen</strong></span> <span class='ocrx_word' id='word_1_302' title='bbox 1217 4001 1276 4091; x_wconf 81' lang='lat' dir='ltr'><strong>qui</strong></span> 
     </span>
     <span class='ocr_line' id='line_1_34' title="bbox 149 4099 1273 4195; baseline 0.008 -28"><span class='ocrx_word' id='word_1_303' title='bbox 149 4127 167 4166; x_wconf 80' lang='lat' dir='ltr'><strong>c</strong></span> <span class='ocrx_word' id='word_1_304' title='bbox 191 4099 325 4168; x_wconf 70' lang='lat' dir='ltr'><strong>nument</strong></span> <span class='ocrx_word' id='word_1_305' title='bbox 334 4099 386 4168; x_wconf 72' lang='grc'><strong>111</strong></span> <span class='ocrx_word' id='word_1_306' title='bbox 392 4099 505 4192; x_wconf 80' lang='lat' dir='ltr'><strong>soitsd</strong></span> <span class='ocrx_word' id='word_1_307' title='bbox 518 4099 615 4169; x_wconf 64' lang='lat' dir='ltr'><strong>[insu</strong></span> <span class='ocrx_word' id='word_1_308' title='bbox 627 4101 667 4169; x_wconf 86' lang='lat' dir='ltr'><strong>de</strong></span> <span class='ocrx_word' id='word_1_309' title='bbox 679 4103 774 4170; x_wconf 85' lang='lat' dir='ltr'><strong>Votre</strong></span> <span class='ocrx_word' id='word_1_310' title='bbox 783 4101 944 4186; x_wconf 75' lang='lat' dir='ltr'><strong>Saiocetc,</strong></span> <span class='ocrx_word' id='word_1_311' title='bbox 958 4103 1273 4195; x_wconf 71' lang='lat' dir='ltr'><strong>etputltcssansson</strong></span> 
     </span>
     <span class='ocr_line' id='line_1_35' title="bbox 149 4209 1272 4305; baseline 0.009 -31"><span class='ocrx_word' id='word_1_312' title='bbox 149 4239 166 4274; x_wconf 74' lang='lat' dir='ltr'><em>a</em></span> <span class='ocrx_word' id='word_1_313' title='bbox 190 4231 286 4292; x_wconf 76' lang='lat' dir='ltr'><strong>acccc,</strong></span> <span class='ocrx_word' id='word_1_314' title='bbox 299 4209 445 4302; x_wconf 62' lang='lat' dir='ltr'><strong>corones,</strong></span> <span class='ocrx_word' id='word_1_315' title='bbox 461 4219 520 4279; x_wconf 88' lang='lat' dir='ltr'><strong>etc.</strong></span> <span class='ocrx_word' id='word_1_316' title='bbox 532 4237 549 4273; x_wconf 80' lang='lat' dir='ltr'><strong>u</strong></span> <span class='ocrx_word' id='word_1_317' title='bbox 565 4211 606 4280; x_wconf 84' lang='lat' dir='ltr'><strong>Et</strong></span> <span class='ocrx_word' id='word_1_318' title='bbox 620 4211 726 4280; x_wconf 81' lang='lat' dir='ltr'><strong>infra:</strong></span> <span class='ocrx_word' id='word_1_319' title='bbox 745 4211 822 4282; x_wconf 75' lang='lat' dir='ltr'><strong>«On</strong></span> <span class='ocrx_word' id='word_1_320' title='bbox 835 4235 868 4280; x_wconf 86' lang='lat' dir='ltr'><strong>se</strong></span> <span class='ocrx_word' id='word_1_321' title='bbox 880 4235 1029 4305; x_wconf 87' lang='lat' dir='ltr'><strong>proposo‚</strong></span> <span class='ocrx_word' id='word_1_322' title='bbox 1044 4231 1086 4282; x_wconf 87' lang='lat' dir='ltr'><strong>au</strong></span> <span class='ocrx_word' id='word_1_323' title='bbox 1098 4217 1272 4304; x_wconf 82' lang='lat' dir='ltr'><strong>contraire,</strong></span> 
     </span>
    </p>
   </div>
   <div class='ocr_carea' id='block_1_6' title="bbox 0 0 1534 4954">
    <p class='ocr_par' dir='ltr' id='par_1_6' title="bbox 0 0 1534 4954">
     <span class='ocr_line' id='line_1_36' title="bbox 0 0 1534 4954; baseline 0 0"><span class='ocrx_word' id='word_1_324' title='bbox 0 0 1534 4954; x_wconf 95' lang='lat' dir='ltr'><strong> </strong></span> 
     </span>
    </p>
   </div>
  </div>
 </body>
</html>
