3042 4946
348 447 409 516 580
699 469 875 516 reserares
899 469 936 514 or.
959 469 1114 516 carceratis

344 611 440 680 hatur
463 609 583 696 adhuc,
609 611 729 678 nostris
753 610 820 678 lere
843 610 1057 702 temporibus,
1075 611 1204 696 Devoti,
1222 609 1259 676 in
1277 632 1419 700 magno
1433 633 1472 676 su

345 742 454 812 opere,
470 717 558 810 quod
571 727 675 788 morte
691 719 910 810 praeveniente
926 741 993 788 uon
1012 717 1163 788 absolvit.

388 826 482 895 Unde
497 849 600 917 usque
615 827 656 894 ad
673 827 829 894 viciniora
843 827 912 894 lere
931 835 1077 918 tempora
1092 851 1158 896 non
1171 827 1322 896 liberum
1338 829 1477 896 auctori·

343 935 405 1004 hus
427 935 488 1002 fuit
508 933 548 1001 de
568 935 713 1002 materiis
724 935 810 1026 juris
828 936 976 1003 canonici
996 936 1172 1004 arbitrario
1187 935 1311 1002 ordine
1327 945 1368 1004 et
1386 945 1478 1024 syste-

343 1051 428 1110 mate
452 1040 629 1120 disserere;
650 1041 706 1109 sed
732 1041 813 1109 adeo
833 1065 903 1133 prm
921 1043 1073 1111 manibus
1086 1044 1236 1111 omnium
1255 1051 1334 1110 erat
1357 1044 1477 1132 Corpa

337 1151 429 1242 juris
451 1149 610 1230 canonici,
638 1149 718 1217 adeo
742 1157 819 1218 note
841 1151 960 1242 cuique
987 1150 1087 1242 hujus
1112 1151 1233 1220 codicis
1255 1152 1480 1220 ordinatior:

344 1258 553 1326 materiarum
569 1257 752 1348 dispositio,
770 1259 877 1348 utqui
893 1267 991 1326 tantm
1007 1259 1208 1327 auctoritatis
1222 1260 1338 1328 textui
1370 1260 1480 1328 elucu-

342 1367 506 1436 brationes
526 1364 682 1455 juridicos
708 1387 774 1434 uon
794 1373 947 1457 aptasset,
968 1366 1194 1436 contusionem
1223 1367 1339 1459 potins
1370 1369 1480 1457 legen-

345 1473 432 1542 tibus
458 1496 557 1565 quam
574 1473 744 1542 utilitatem
763 1473 1017 1560 attulisset,'nec
1036 1499 1172 1566 parvam
1188 1479 1291 1543 etiam
1315 1477 1390 1544 sibi
1411 1497 1478 1543 eon·

342 1585 470 1652 citasset
497 1607 582 1652 nova
602 1607 662 1653 sua
689 1584 841 1653 methodo
869 1583 1038 1654 invidiam.
1078 1587 1163 1654 llinc
1199 1587 1289 1676 juris
1329 1587 1477 1655 eunome

345 1699 500 1758 tractatus
516 1691 598 1758 nihil
620 1691 710 1760 aliud
725 1699 817 1760 eraut
832 1715 931 1783 quam
948 1691 982 1760 in
997 1691 1098 1761 libros
1114 1692 1337 1762 Decretalium
1355 1693 1477 1762 disser-

348 1799 484 1868 tationes
498 1807 529 1866 et
543 1799 788 1867 commentaria.

389 1904 455 1972 Nec
479 1903 653 1974 mediocris
675 1905 757 1974 torte
780 1906 966 1974 detrimenti
988 1907 1050 1976 luit
1064 1907 1152 1998 quod
1168 1930 1188 1975 a
1204 1909 1409 1976 venerando
1423 1909 1469 1974 ist

348 2013 476 2082 tramite
500 2014 694 2082 recentiores
720 2021 787 2081 tam
806 2013 899 2082 facile
923 2016 1124 2084 recesserint.
1150 2015 1240 2084 Licet
1260 2016 1359 2084 enim
1380 2017 1475 2084 libro-

348 2144 423 2190 rum
443 2122 658 2190 Decretalium
679 2120 853 2210 ordinatio,
879 2124 908 2190 si
931 2124 1156 2215 metaphysica
1173 2124 1362 2193 subtilitate
1376 2123 1474 2193 consi·

349 2231 491 2318 deretur,
520 2232 696 2323 perlectam
722 2243 754 2301 et
781 2255 823 2302 ex
849 2242 967 2304 natura
993 2236 1041 2304 rei
1064 2235 1158 2326 quasi
1182 2235 1287 2324 logice
1320 2235 1472 2305 lluenten

348 2339 539 2408 methodum
566 2363 631 2408 non
652 2363 722 2432 prm
751 2363 785 2409 se
810 2341 905 2428 ierat,
930 2351 963 2411 at
988 2342 1086 2434 (quod
1108 2342 1247 2411 utilitate
1268 2343 1385 2412 multo
1399 2365 1474 2434 pror·

350 2448 423 2538 stat)
442 2455 568 2515 textum
587 2457 684 2540 atque
702 2447 851 2516 ordinem
869 2448 989 2535 lixum,
1006 2450 1048 2519 ab
1061 2449 1215 2518 omnibus
1238 2456 1361 2518 notum
1379 2459 1414 2518 et
1429 2471 1472 2517 re

349 2563 492 2648 ceptum,
515 2555 709 2643 exhibebat3
734 2579 776 2626 cx
797 2580 864 2649 quo
885 2559 921 2626 in
943 2557 1209 2628 dissertationum
1225 2567 1258 2626 et
1279 2557 1472 2650 disputatio

350 2687 432 2734 num
458 2665 624 2756 ambages,
655 2664 747 2734 facile
777 2675 809 2733 et
836 2667 906 2734 sine
941 2666 1143 2758 deceptionis
1169 2665 1318 2758 periculo
1345 2689 1473 2757 gressu·

351 2774 461 2842 tiebat.

394 2885 478 2952 Hinc
500 2882 722 2971 Zallingerus,'
740 2890 912 2974 postquam
935 2882 998 2950 sibi
1023 2883 1108 2950 hanc
1129 2880 1299 2974 proposuit
1321 2883 1474 2972 quaestio

348 3015 424 3062 nem
444 3020 451 3059 :
476 2993 542 3061 Gur
562 2988 642 3058 ordo
670 3001 819 3056 tencatur
839 2988 1053 3058 decretalium
1079 3013 1119 3058 oc
1141 2989 1331 3070 titulorum,
1351 2990 1421 3057 echi
1432 3011 1474 3056 ea·

347 3112 436 3170 stant
454 3101 491 3168 irc
512 3101 653 3189 Corpore
669 3097 762 3187 juris
776 3099 875 3178 sacri,
893 3097 983 3188 quod
999 3098 1097 3166 aliter
1110 3099 1151 3188 fit
1166 3119 1188 3164 α
1199 3095 1374 3187 plerisque
1387 3094 1475 3164 hodie

349 3207 584 3300 scriptoribus?
608 3204 708 3295 digna
733 3205 798 3274 viri
823 3205 1070 3297 prudentissimi
1090 3205 1190 3273 simul
1212 3213 1244 3272 et
1257 3204 1292 3272 in
1307 3202 1365 3272 his
1383 3203 1475 3273 disci-
1502 3163 1504 3272 l

349 3317 449 3411 plinis
470 3313 684 3384 versatissimi
703 3313 863 3382 sententia
883 3312 1082 3406 respondet:
1107 3339 1124 3378 a
1149 3317 1182 3380 1ο
1196 3312 1283 3393 Quia
1303 3312 1342 3380 in
1363 3311 1475 3381 scholis
1503 3365 1504 3412 p

353 3453 370 3492 a
393 3425 502 3516 aliqua
524 3445 687 3491 canonum
709 3421 856 3490 collectio
881 3431 1037 3514 tauquam
1060 3420 1341 3513 interpretationis
1369 3429 1406 3489 et
1435 3423 1475 3488 in·
1503 3423 1504 3458 ³

355 3560 372 3600 a
395 3532 570 3601 stitutionis
583 3529 745 3616 materies,
754 3540 786 3598 et
796 3529 971 3621 injudiciis
979 3539 1135 3621 tauquam
1149 3527 1356 3598 decisionum
1367 3549 1476 3598 norma
1503 3567 1504 3588 i

356 3671 373 3707 a
397 3639 561 3733 proposita
575 3659 644 3707 esse
659 3636 755 3705 debet
773 3664 780 3704 :
797 3637 889 3729 atqui
903 3637 1082 3726 Gregorius
1096 3637 1134 3705 P.
1151 3635 1211 3724 IX,
1227 3657 1327 3726 aquo
1339 3637 1476 3705 auctori·

357 3779 373 3816 «
396 3758 497 3818 tatem
516 3747 614 3815 hahet
635 3745 780 3814 collectio
801 3768 876 3837 qum
893 3754 999 3814 exstat
1015 3747 1051 3814 in
1071 3747 1217 3837 Corpore
1229 3744 1328 3834 juris,
1348 3747 1397 3813 sic
1414 3747 1474 3813 ait:

357 3887 373 3924 κ
406 3858 546 3928 Volentes
569 3853 673 3944 igitur
693 3866 731 3921 ut
744 3854 807 3922 hoc
823 3866 955 3922 tantum
970 3853 1201 3944 compilatione
1215 3851 1365 3920 noiomi
1387 3867 1477 3920 utari·

359 3996 375 4034 a
399 3979 455 4034 tur
469 3965 505 4031 in
517 3960 654 4054 judiciis
670 3974 701 4029 et
715 3962 753 4030 irc
766 3961 894 4043 scholis,
911 3960 1091 4030 districtius
1100 3959 1328 4052 prohibemus,
1349 3983 1392 4026 ne
1412 3961 1476 4051 paeri

359 4103 375 4140 n
395 4082 579 4168 prasumat
593 4069 698 4138 aliam
710 4071 819 4160 [acere
833 4069 953 4160 absque
965 4068 1163 4138 auctoritate
1176 4067 1272 4138 Sedis
1283 4069 1477 4159 Apostolica

357 4211 374 4252 a
396 4181 570 4276 speciali...
596 4183 629 4247 3ο
651 4177 734 4260 Quia
757 4178 817 4246 hac
832 4179 938 4246 torma
958 4185 1056 4270 atque
1073 4177 1134 4246 hoc
1148 4176 1263 4246 ordine
1275 4177 1330 4268 jus
1344 4179 1476 4246 caucul-
