3042 4946
251 434 311 500 ast
602 457 776 502 reserares
799 457 836 500 ou
859 453 1010 501 reluctans.

251 601 356 668 ullam
377 601 584 672 commeandi
591 627 603 682 ,·
624 601 682 672 sed
699 601 826 670 nudum
850 598 983 667 honoris
1006 618 1124 665 nomen
1148 595 1297 663 retinere.
1318 595 1366 664 lle

251 709 390 778 Martiali
408 718 439 778 et
460 711 602 780 Basilide
617 710 785 802 Episcopis
799 709 856 802 qui
876 707 1014 800 depositi
1035 705 1175 791 fuerant,
1194 705 1243 771 sic
1257 703 1367 796 loqui-

249 824 304 885 tur
317 817 352 886 S.
370 817 554 910 Cyprianus
571 819 678 910 (epist.
705 819 756 909 68)
777 815 1024 908 :episcopatum
1044 835 1153 903 perere
1173 824 1205 880 et
1216 811 1368 880 sacerdo-

249 926 333 994 tium
349 928 412 995 Dei
423 927 657 998 administrare
674 933 801 1022 frustra
816 939 992 998 conantur.
1009 923 1090 1006 Qua
1106 922 1249 1013 prolecto
1267 921 1369 988 verba

248 1033 287 1101 de
315 1035 539 1126 jurisdictione
568 1059 666 1130 quam
694 1037 871 1106 amiserant
900 1031 1052 1126 Episcopi
1081 1031 1127 1098 illi
1154 1029 1369 1119 intelligenda

247 1154 335 1214 sunt.
349 1146 504 1216 -Putat
518 1147 682 1240 Bolgenus
699 1148 946 1239 (lEpiscopato,
964 1153 987 1210 t.
1004 1141 1032 1228 l,
1048 1165 1077 1210 c.
1097 1145 1128 1228 l,
1143 1163 1177 1232 p.
1198 1142 1273 1225 188,
1285 1138 1365 1208 edit.

247 1252 374 1341 Romae,
395 1257 506 1346 teet),
525 1257 645 1326 multos
665 1255 707 1324 ah
728 1252 894 1346 Apostolis
915 1251 1081 1320 ordinatos
1106 1249 1282 1340 Episcopus
1296 1247 1369 1316 sine

248 1358 414 1430 ordinaria
438 1361 505 1432 ulla
528 1363 772 1456 jurisdictionc;
803 1360 858 1429 sed
890 1359 947 1451 qui
975 1363 1072 1449 prout
1099 1379 1182 1448 opus
1207 1361 1278 1423 erat
1303 1355 1369 1422 huc

247 1465 337 1554 illuc,
354 1476 508 1560 tanquam
529 1470 718 1558 auxiliares,
735 1492 810 1538 cum
830 1465 1055 1560 jurisdictione
1077 1463 1224 1552 delegata
1239 1469 1368 1530 tantum

246 1579 468 1649 mittebantur.
490 1583 531 1650 Et
556 1591 641 1650 certe
663 1583 697 1650 in
717 1581 807 1650 Actis
827 1579 1061 1672 Apostolorum
1079 1575 1231 1645 videmus
1253 1571 1366 1641 Titum

246 1685 281 1751 in
309 1687 504 1758 Dalmatiam
532 1689 680 1776 missum,
703 1690 909 1760 Crescentem
937 1687 970 1754 in
1000 1683 1173 1769 Galatiam,
1196 1677 1367 1748 Tichicum

245 1791 287 1860 ad
305 1793 474 1884 Ephesios,
491 1797 699 1866 Timotheum
721 1798 829 1888 ipsum
853 1818 928 1864 cum
950 1795 1060 1863 ltlarco
1084 1791 1223 1859 Romam
1240 1787 1364 1856 vocari

244 1900 335 1970 ldenr
359 1903 454 1972 etiam
480 1904 679 1976 existimavit
702 1906 908 1976 Christianus
934 1903 1048 1994 Lupus
1069 1899 1127 1993 qui
1153 1899 1187 1966 in
1213 1896 1366 1964 disserta-

247 2009 333 2079 tione
346 2012 530 2104 prooemiali
544 2013 587 2083 ad
601 2023 694 2084 notas
709 2023 742 2082 et
757 2013 880 2082 scholia
895 2036 955 2082 sua
970 2013 1003 2079 in
1018 2010 1161 2103 synodos
1177 2010 1223 2077 sic
1240 2010 1339 2079 habet
1357 2038 1364 2076 :

147 2199 156 2214 ·
246 2119 350 2188 Plura
364 2133 439 2188 suut
450 2123 589 2215 antiqua
602 2136 818 2193 monumenta
834 2145 906 2214 que
921 2122 1086 2202 evincunt,
1100 2132 1229 2188 cimctos
1241 2119 1366 2186 naultu·

245 2249 321 2295 rum
335 2229 541 2300 ecclesiarum
556 2233 762 2324 presbyteros
778 2233 812 2300 in
824 2231 998 2324 primitiva
1017 2229 1162 2298 Ecclesia
1173 2228 1277 2320 puisse
1290 2249 1366 2296 cou-

246 2338 421 2406 secratione
435 2339 613 2432 Episcopus
627 2368 638 2407 .·
650 2363 716 2410 uon
733 2353 844 2408 tamen
859 2362 967 2408 omues
982 2351 1075 2407 eraut
1091 2337 1191 2406 etiam
1205 2335 1367 2427 jurisdic-

246 2445 343 2514 tione.
373 2486 418 2500 -
446 2449 542 2518 ltlulti
569 2450 704 2518 luerunt
741 2449 923 2541 antiquitus
961 2448 1112 2544 Episcopi
1145 2445 1364 2537 coadjutores,

245 2551 330 2620 inter
343 2577 424 2646 quos
443 2555 678 2644 Nazianzenus,
695 2558 802 2626 Patris
827 2557 878 2626 sui
898 2579 956 2649 per
970 2555 1100 2648 aliquod
1123 2563 1251 2646 tempus
1267 2553 1365 2621 coad-

242 2659 345 2750 jutor,
366 2669 397 2729 et
421 2661 455 2731 S.
482 2664 687 2755 Augustinus
710 2666 769 2756 qui
793 2664 983 2756 aliquandiu
1006 2664 1092 2731 idem
1120 2685 1241 2732 munus
1265 2662 1367 2751 gessit

245 2766 307 2834 suh
336 2769 469 2840 Valerio
494 2772 697 2865 Hipponensi
726 2773 898 2865 Episcopo.
926 2771 1000 2841 lam
1028 2795 1107 2840 vero
1137 2770 1187 2838 illi
1213 2770 1368 2860 Episcopi

245 2875 448 2970 coadjutores
477 2882 738 2973 jurisdictionem
775 2879 974 2950 ordinariam
1006 2900 1072 2948 non
1104 2878 1277 2963 habehant,
1308 2876 1368 2944 scd

246 2984 425 3074 delegatam
451 2995 576 3056 tantum
603 2997 634 3055 ct
654 2987 889 3081 dependentem
914 2985 956 3053 ab
978 2986 1146 3078 Episcopis
1165 2983 1285 3077 quibus
1306 2983 1367 3052 ad-

242 3093 367 3182 jutores
385 3104 488 3164 eram.
506 3134 551 3146 -
572 3095 705 3165 Constat
727 3095 984 3188 Chorepiscopos
1007 3092 1165 3185 quosdam
1189 3093 1289 3159 luisse
1309 3113 1369 3159 or-

246 3200 322 3292 dine
351 3225 408 3271 seu
438 3203 675 3272 consecratione
708 3203 902 3295 Episcopos,
936 3208 967 3268 et
996 3209 1103 3268 umen
1137 3196 1367 3288 jurisdictione

246 3310 419 3402 episcopali
439 3311 593 3379 caruisse.
611 3311 652 3378 Et
671 3311 759 3378 idem
782 3308 846 3377 dici
870 3308 964 3376 dehet
978 3307 1018 3376 de
1038 3306 1206 3400 Episcopis
1228 3304 1368 3374 oschis-

246 3425 331 3486 mate
356 3419 408 3488 vel
436 3418 552 3487 haeresi
580 3418 802 3488 redeuntibus.
833 3416 888 3486 Sic
913 3414 1099 3486 Concilium
1122 3417 1137 3483 l
1170 3413 1366 3498 Nicaenum,

246 3547 369 3594 canone
393 3530 424 3612 8,
445 3525 585 3594 liberum
605 3526 680 3595 facit
702 3524 870 3618 Episcopis
892 3521 1059 3592 catholicis
1081 3529 1118 3591 ut
1141 3521 1302 3614 Episcopo
1325 3519 1368 3587 ab

246 3632 363 3702 heresi
383 3636 557 3704 revertenti
576 3642 705 3705 servent
731 3635 888 3703 honorem
916 3632 1106 3724 episcopalis
1135 3631 1290 3716 nominis,
1313 3628 1368 3698 vel

246 3763 322 3808 eum
336 3739 432 3808 alicui
448 3741 519 3812 loco
532 3751 686 3834 tanquam
706 3741 980 3834 Chorepiscopum
1003 3739 1164 3808 destinent
1182 3766 1189 3806 :
1208 3743 1239 3806 Is
1252 3752 1367 3808 autem

247 3849 305 3940 qui
328 3849 519 3918 nominatur
541 3852 635 3944 apud
658 3875 708 3920 eos
734 3853 863 3942 (nempe
887 3848 1066 3939 haereticos)
1089 3848 1283 3940 Episcopus,
1301 3849 1365 3917 ho-

247 3980 360 4026 norem
379 3960 578 4051 presbyterii
595 3959 796 4050 possidedit;
819 3959 885 4028 uisi
906 3961 993 4050 sorte
1016 3958 1179 4049 plac-uerit
1202 3958 1365 4049 Episcopo

252 4067 378 4158 (nempe
391 4069 557 4160 catholico)
575 4069 717 4137 nominis
739 4092 813 4138 eum
828 4069 951 4137 honore
965 4069 1098 4136 censeri.
1115 4068 1157 4135 Si
1170 4091 1244 4134 vero
1260 4067 1322 4135 hoc
1337 4068 1366 4134 ei

113 4251 116 4258 ¹
248 4175 381 4242 minime
404 4177 580 4268 placuerit,
604 4177 788 4271 providebit
812 4178 842 4246 ei
866 4189 926 4246 aaut
954 4177 1277 4270 Chorepiscoputum,
1304 4189 1363 4245 aut
