3042 4946
350 487 410 554 tot
700 501 874 554 rnamnrns
897 509 936 553 nn
957 503 1110 552 miserens

345 650 424 741 pulo
438 648 657 718 solitariorum
682 648 886 741 disciplinam
903 649 1060 734 turbaret,
1078 669 1119 715 ne
1142 646 1241 714 lactus
1260 645 1476 715 monasteriis

346 759 524 829 oblationes
547 759 720 848 minueret,
738 781 779 828 ne
805 757 1060 851 procurationes,
1083 755 1312 841 cathedratica,
1333 765 1478 846 quartas

346 868 613 950 mortuariorum,
631 867 758 958 aliaque
783 866 816 934 id
842 889 946 956 genus
968 865 1125 954 exigeret,
1149 863 1252 932 illaesa
1273 863 1310 930 in
1330 863 1478 954 reliquis

345 983 570 1066 perseverante
590 973 754 1042 Ordinarii
775 973 1012 1066 jurisdictione.
1035 975 1297 1067 Glossograplrus
1318 997 1419 1064 ergo,
1436 987 1478 1044 ut

344 1085 458 1177 paucis
473 1085 582 1154 verbis
605 1083 892 1176 comprehenderet
907 1107 946 1154 ee
960 1085 1070 1154 omnia
1086 1085 1120 1152 in
1135 1084 1256 1176 quibus
1273 1107 1476 1176 persevera·

343 1193 398 1261 bat
418 1193 568 1285 Episcopi
592 1192 757 1262 ordinaria
779 1191 975 1284 jurisdictio,
996 1215 1034 1262 ee
1054 1193 1119 1284 [αφ’
1135 1191 1387 1285 jurisdictionis
1412 1194 1474 1261 ad-

344 1302 489 1394 scripsits
504 1312 534 1371 et
548 1305 624 1371 item
642 1309 678 1371 ut
694 1303 892 1394 exprimeret
906 1325 944 1372 ea
958 1302 1068 1372 omnia
1082 1303 1117 1369 in
1131 1302 1251 1394 quibus
1265 1301 1472 1371 eximeban-

343 1420 396 1478 tur
410 1410 617 1498 monasteria,
633 1411 690 1478 illa
704 1409 874 1502 adscripsit
895 1411 960 1502 leqi
974 1409 1172 1491 dioecesana,
1191 1410 1224 1477 id
1240 1420 1288 1478 est
1302 1409 1470 1498 obliganti

342 1517 517 1606 dioecesim,
533 1541 599 1587 uon
619 1527 728 1587 tamen
754 1518 962 1586 monasteria.
989 1518 1074 1586 Hinc
1096 1517 1249 1610 frequens
1269 1517 1355 1586 illud
1377 1520 1468 1611 apud

341 1625 522 1693 canonistas
538 1626 726 1718 quaesitum,
743 1633 855 1695 utrum
882 1625 1008 1718 aliquid
1034 1627 1197 1718 pertineat
1215 1623 1255 1694 ad
1276 1626 1385 1718 leyem
1400 1629 1468 1718 jn-

340 1730 548 1814 risdictionis‚
565 1755 607 1800 an
622 1731 668 1802 ad
681 1734 784 1824 quem
799 1731 1038 1817 dioeeesnnnm;
1053 1733 1141 1826 qnod
1163 1732 1235 1802 aliis
1248 1735 1407 1803 terminis
1421 1745 1466 1803 est

341 1857 500 1931 quaerere,
519 1849 630 1910 utrum
651 1842 685 1910 in
702 1841 757 1912 tali
777 1844 912 1912 materie
928 1841 1077 1913 monachi
1094 1843 1283 1935 subjaceant
1305 1845 1465 1935 jurisdic-

341 1947 422 2016 tioni
444 1946 630 2040 episcopali,
647 1972 689 2017 cn
706 1971 782 2018 vero
803 1950 844 2018 ab
866 1973 904 2018 ee
924 1950 1067 2042 exempti
1093 1951 1169 2019 sint.
1188 1951 1232 2019 Ut
1253 1958 1370 2019 eutem
1389 1953 1464 2020 talia

339 2055 476 2146 quesita
490 2055 708 2142 resolvantur,
723 2057 837 2126 inutile
851 2065 900 2126 est
912 2080 1049 2150 prorsus
1071 2079 1237 2126 recurrere
1251 2057 1293 2125 ad
1310 2057 1460 2128 denomi-

341 2163 485 2233 nationes
494 2165 573 2254 ἱερέα
579 2164 822 2254 jurisdictionis
832 2177 864 2233 et
875 2165 953 2256 leqt's
964 2165 1163 2248 dioecesmrae,
1175 2164 1231 2234 scd
1245 2165 1459 2258 inspicienda

339 2282 415 2340 sunt
439 2270 561 2340 charte
587 2273 706 2364 quibus
736 2273 907 2364 privilegia
938 2275 1208 2343 monasteriorum
1234 2275 1460 2359 continentur,
1514 2305 1515 2392 p

336 2393 369 2450 et
383 2382 620 2474 perpendenda
643 2384 894 2454 consuetudines
915 2384 1061 2474 legitime
1084 2385 1397 2476 praesentatam
1416 2397 1463 2454 ta·

339 2514 412 2560 men
428 2493 469 2560 ab
486 2516 573 2562 anno
591 2497 674 2560 1220
690 2493 856 2563 Honorius
871 2495 916 2562 lll
937 2493 1093 2586 praedictn
1117 2494 1322 2562 distinctione
1346 2495 1465 2563 uteba-

338 2608 403 2685 tur,
422 2607 458 2668 ut
480 2600 590 2669 videre
612 2601 714 2668 estin
736 2600 839 2692 capite
863 2600 1016 2679 Dilectus,
1035 2600 1120 2668 tituli
1141 2605 1188 2669 De
1209 2601 1315 2691 officio
1332 2601 1466 2692 judicis

338 2707 511 2777 ordinarii.
541 2711 646 2801 Caput
671 2708 758 2777 istud
781 2710 825 2778 ita
851 2709 1016 2778 invenitur
1040 2717 1239 2777 summatum
1265 2709 1303 2776 in
1325 2732 1469 2800 corpore

332 2817 423 2906 juris
442 2845 453 2884 :
468 2818 521 2886 lea
535 2816 715 2886 diecesana
731 2829 761 2885 ct
781 2817 833 2885 lea
848 2815 1090 2907 jurisdictionis
1104 2829 1178 2885 sunt
1193 2815 1328 2884 diverse
1348 2844 1361 2884 .·
1377 2819 1466 2886 made

338 2947 387 2991 res
401 2924 558 3015 judicatu
574 2927 609 2994 in
625 2949 693 2994 ana
707 2948 774 2994 non
790 2925 896 2994 obstat
910 2926 1024 3016 seqenti
1038 2926 1074 2992 in
1089 2926 1172 2994 elin.
1192 2926 1345 2994 Recurrit
1363 2927 1464 2996 etiam
1514 2901 1515 2974 l

339 3034 424 3102 dicte
447 3033 610 3103 distinctio
631 3035 665 3101 in
686 3057 715 3102 c.
733 3037 788 3120 22,
807 3036 854 3100 De
876 3033 1103 3123 repuleribum
1120 3043 1152 3101 et
1172 3035 1205 3100 in
1223 3055 1251 3100 c.
1270 3037 1303 3118 l,
1322 3037 1376 3102 De
1391 3057 1464 3102 ver-

339 3141 454 3208 borum
473 3141 599 3231 siquid,
617 3141 652 3209 iu
672 3144 702 3208 6.

380 3248 437 3318 IV.
462 3247 629 3317 Dividitur
647 3249 680 3316 in
705 3248 927 3317 voluntariam
954 3258 986 3318 ct
1009 3249 1251 3316 contacturum.
1267 3285 1314 3299 -
1335 3250 1464 3318 Volun-

338 3357 426 3424 taria
445 3355 501 3423 illa
522 3365 651 3449 estque
674 3355 834 3424 Praelatus
858 3355 943 3424 inter
960 3356 1105 3425 volentes
1128 3357 1310 3445 gratiosum
1330 3357 1463 3446 praebet

336 3463 491 3552 officium,
518 3464 659 3556 exempli
689 3465 804 3554 gretia,
831 3463 1063 3556 indulgentias,
1094 3463 1245 3533 mandate
1273 3463 1315 3530 ed
1344 3465 1462 3532 absol-

337 3570 477 3640 vendum
508 3571 726 3659 concedendo,
753 3595 772 3640 a
799 3573 944 3640 censuris
974 3571 1185 3658 absolvendo,
1216 3579 1248 3640 et
1276 3570 1458 3640 similibus.
1514 3575 1515 3580 ’

340 3707 356 3743 u
380 3679 506 3748 Dicitur
516 3680 712 3767 voluntaria,
721 3680 766 3747 sit
775 3679 984 3748 Reiffenstuel
992 3680 1038 3771 (in
1051 3683 1064 3746 1
1080 3679 1220 3766 Decret,
1230 3679 1279 3746 tit.
1292 3682 1350 3765 29,
1363 3703 1399 3748 n.
1413 3683 1458 3768 8),

339 3809 444 3854 anon
469 3810 510 3855 ex
538 3795 628 3880 parte
654 3787 863 3876 magistratus
887 3787 945 3879 qui
968 3785 1111 3868 officium
1140 3809 1236 3854 suum
1262 3786 1460 3876 imploranti
1514 3793 1515 3856 l

338 3921 355 3960 u
378 3917 505 3986 semper
519 3895 678 3986 impertiri
693 3893 799 3980 debet,
818 3893 873 3963 sed
895 3917 936 3962 ex
956 3903 1047 3986 parte
1071 3892 1160 3963 illius
1174 3893 1232 3984 qui
1248 3891 1318 3961 adit
1333 3894 1461 3983 magis-

337 4031 354 4067 «
379 4012 511 4071 tratum.
538 4028 555 4067 n

380 4110 590 4180 Contentiosa
611 4110 729 4180 dicitur
748 4133 786 4179 ea
804 4131 877 4202 quae
899 4118 1069 4180 exercetur
1083 4111 1116 4178 in
1136 4110 1277 4178 invitum
1298 4136 1306 4177 :
1327 4119 1361 4178 ut
1377 4119 1459 4202 puta

330 4219 430 4312 injus
445 4218 603 4301 vocando,
622 4219 801 4309 puniendo,
817 4232 848 4287 et
864 4220 927 4287 alia
947 4217 1136 4310 hujusmodi
1152 4216 1349 4288 exercendo.
