3022 4950
506 483 588 532 ιιιιιιε
611 483 761 532 «aromo.
1153 463 1192 530 lo

86 627 255 690 traxerunt.
284 622 412 693 Novam
440 625 524 693 banc
548 624 765 695 redactionem
790 625 866 692 fecit
888 625 1068 716 imperator
1088 647 1196 713 auom,

83 739 170 821 atque
183 732 376 802 auctoritate
390 733 435 800 ita
451 733 608 820 munivit,
623 743 658 802 ut
670 733 740 824 jam
756 734 790 800 in
805 733 940 824 judiciis
955 733 1107 824 antiquos
1120 743 1198 803 tex-

85 849 143 925 tos,
158 840 276 932 siquid
294 843 450 912 contrarii
467 843 636 929 haberent,
663 843 755 935 sequi
775 841 945 914 autetiam
966 843 1108 934 allegare
1134 844 1199 911 illi-

22 973 23 1000 1
85 948 313 1018 eitumleoerit.

22 1073 23 1078 ’
123 1055 389 1146 Complectuntur
410 1059 581 1129 Pandectae
613 1063 652 1128 50
678 1060 792 1146 libros,
817 1059 851 1128 in
876 1059 1037 1152 triplicem
1062 1060 1198 1130 classem

22 1237 23 1260 ,
85 1166 275 1236 distributos.
292 1167 406 1234 Prima
421 1167 545 1252 classis,
563 1188 682 1258 nempe
706 1189 726 1234 a
746 1165 831 1234 libro
855 1169 869 1234 1
895 1189 1000 1258 usque
1018 1165 1059 1235 ad
1079 1171 1120 1236 tl
1148 1168 1201 1236 in-

22 1287 23 1328 ῑ
85 1275 210 1361 clusivc,
232 1285 367 1344 vocatur
394 1275 567 1364 digestum
593 1287 696 1355 vetus,
720 1273 809 1366 quod
831 1283 966 1344 oaeteras
985 1283 1093 1366 partos
1108 1285 1201 1344 onte-

84 1383 176 1452 cedat.
207 1385 370 1472 Secunda,
396 1409 512 1478 nempe
537 1387 660 1456 alibro
690 1390 732 1454 aa
755 1385 796 1453 ad
815 1389 855 1454 30
872 1385 1044 1471 inclusive,
1067 1395 1203 1456 vocatur

86 1491 247 1580 Digestum
269 1493 492 1584 insortiotum,
511 1493 600 1586 quod
622 1493 770 1563 medium
791 1493 833 1561 sit
857 1501 952 1562 vetus
974 1496 1058 1562 inter
1082 1503 1112 1563 ει
1140 1517 1199 1564 no·

85 1621 158 1666 rom
172 1600 357 1689 bigodum,
374 1611 406 1670 et
419 1603 521 1670 simnl
536 1602 687 1672 fortiores
702 1601 790 1692 leges
805 1601 986 1687 contineat3
1004 1603 1099 1694 quasi
1113 1602 1202 1670 dire-

86 1715 167 1774 retur
188 1708 275 1775 inter
297 1717 476 1801 utrumque
494 1711 610 1801 sortia
638 1709 747 1778 Tertia
768 1708 891 1794 classis,
917 1709 1060 1801 reliquos
1083 1733 1201 1802 nempe

88 1818 123 1880 12
137 1816 237 1884 libros
252 1819 434 1904 continens,
451 1827 660 1910 nuncupatur
675 1819 848 1908 otpertum
862 1839 983 1886 novum

124 1923 238 1992 Modus
251 1925 372 1994 citandi
395 1926 575 1998 Perdoctaa
597 1926 717 2018 triplex
733 1935 793 2013 est,
811 1947 929 2018 nempe
946 1927 997 1994 vel
1015 1949 1073 2018 per
1089 1925 1202 2020 dupli-

84 2051 149 2096 cem
169 2031 314 2100 litteram
341 2032 367 2116 t,
389 2033 449 2102 boc
478 2033 587 2119 modo,
611 2033 638 2102 ll
649 2059 657 2118 ;
681 2033 734 2101 vel
755 2054 814 2123 per
839 2033 980 2101 litteram
1001 2055 1144 2123 graecam
1166 2057 1198 2121 π,

84 2160 152 2226 qnae
178 2148 227 2206 est
250 2139 384 2208 initialis
407 2140 496 2209 vocis
519 2149 678 2226 πανδίκως
695 2140 748 2208 vel
769 2161 827 2232 per
844 2140 1060 2231 majusculam
1079 2142 1197 2232 anae

83 2253 126 2311 est
137 2245 271 2314 initialis
286 2247 434 2316 vocabuli
448 2248 630 2338 [ligeorum.
657 2248 800 2336 Signum
823 2247 858 2328 ff,
884 2247 1087 2340 frequentius
1103 2247 1198 2318 edhi-

83 2351 197 2437 bitum,
216 2353 299 2422 forle
317 2355 458 2424 involuit
480 2379 522 2424 ex
543 2357 671 2424 inmitia
693 2357 745 2425 vel
766 2357 892 2424 incuria
915 2355 1140 2444 librariorum,
1164 2357 1199 2425 id

83 2469 136 2544 est,
167 2460 268 2528 libros
294 2470 369 2530 ante
398 2463 620 2532 inventionem
650 2464 720 2554 typi
748 2462 1019 2550 describentium,
1049 2465 1107 2555 qui
1138 2488 1198 2556 pro

22 2561 23 2564 '
83 2589 183 2655 grmca
206 2569 314 2638 littera
327 2603 360 2655 π,
378 2572 616 2640 substituerunt
642 2571 806 2663 duplicem
825 2571 849 2638 f.
868 2571 970 2640 Linea
982 2574 1071 2640 enim
1088 2581 1198 2641 trans-

84 2677 210 2744 versalis
227 2699 302 2768 quoe
326 2677 447 2746 claudit
464 2679 609 2748 litteram
624 2707 656 2766 π,
675 2680 703 2746 si
725 2681 881 2770 tantisper
896 2702 916 2745 a
936 2678 1125 2748 summitate
1141 2681 1196 2748 dc-

85 2787 225 2856 mittatnr
239 2787 340 2857 efficit
364 2789 415 2875 ff„
434 2813 474 2858 ex
492 2814 557 2883 quo
577 2811 723 2859 errorem
746 2790 914 2882 irrepsisse
939 2799 1032 2880 putat
1050 2790 1198 2858 eruditus

83 2893 228 2966 Sarnelli.

120 3005 249 3094 Integra
270 3014 382 3075 auum
407 3007 515 3078 citatio
538 3009 584 3075 sic
603 3007 651 3074 tit.
678 3007 791 3075 Primo
813 3007 883 3074 looo
901 3007 1033 3098 ponitur
1052 3005 1195 3094 litteral,

83 3111 110 3176 ld
125 3124 183 3199 est,
199 3113 253 3184 lex
272 3113 413 3183 :deinde
436 3114 568 3184 initium
592 3115 645 3182 rel
665 3135 824 3182 numerus
841 3114 934 3203 legis,
951 3113 1004 3181 vel
1018 3115 1150 3198 initium
1168 3125 1199 3183 et

83 3239 234 3289 numerus
260 3221 360 3289 simul
380 3231 479 3290 ctum
494 3222 625 3290 additur
650 3221 685 3306 ff,
710 3220 762 3288 vel
784 3249 816 3307 π,
841 3222 893 3290 vel
912 3221 952 3306 D,
978 3219 1020 3287 ad
1044 3221 1197 3289 indican—

83 3330 159 3396 dum
174 3331 281 3420 legem
296 3331 379 3400 bone
395 3332 537 3399 inveniri
562 3331 596 3398 in
619 3331 789 3400 Pandcetis
806 3352 862 3398 seu
880 3330 1012 3420 Digesto
1031 3357 1038 3396 :
1057 3330 1194 3400 demum

82 3437 209 3523 ponitur
234 3437 348 3506 titulus
371 3439 463 3520 libri,
486 3462 543 3507 scu
568 3439 709 3524 rubrica.
736 3437 785 3524 Si,
810 3437 901 3506 verbi
925 3438 1051 3526 gratia,
1067 3439 1194 3507 citanda

81 3543 117 3608 sit
131 3544 185 3612 lex
199 3567 274 3636 quae
290 3545 403 3637 incipit
420 3547 470 3614 bis
486 3545 609 3630 verbis,
620 3547 681 3636 jus
696 3545 879 3637 publicum,
897 3567 972 3635 quae
997 3553 1045 3612 est
1061 3548 1101 3612 38
1118 3545 1195 3614 libri

80 3651 128 3718 cui
143 3651 259 3720 titulus
283 3651 323 3722 de
336 3653 456 3744 pactis,
483 3653 534 3722 his
555 3653 659 3720 tribus
682 3652 788 3721 modis
803 3661 887 3720 recte
903 3654 958 3718 liet
971 3651 1123 3741 allegatio
1142 3681 1148 3720 :
1166 3655 1188 3721 l.

79 3758 126 3844 jus
140 3761 232 3850 publ.
252 3764 307 3847 38,
324 3761 360 3828 ff.
377 3762 417 3830 de
435 3763 534 3852 pactis
545 3801 589 3813 -
600 3762 624 3828 l.
639 3761 693 3852 jus
708 3760 797 3852 publ.
814 3759 849 3826 ff.
868 3759 1076 3850 depactis-
1091 3760 1113 3827 l.
1134 3765 1189 3848 38,

82 3864 111 3932 ll.
128 3869 168 3936 de
183 3869 346 3958 pnotis-
360 3877 599 3961 potestantem,
617 3877 653 3937 ιιι
665 3869 789 3936 dictum
807 3875 867 3953 cst,
884 3867 1018 3956 signotl
1038 3870 1190 3939 substitui

82 3973 184 4044 littera
197 4001 217 4034 π
233 3985 289 4044 aut
302 3978 340 4044 l).

121 4083 259 4164 Quando
284 4094 395 4154 autem
418 4087 471 4154 lex
491 4085 663 4174 alleganda
681 4085 810 4174 longior
825 4094 874 4153 est
887 4094 919 4152 ει
930 4085 1035 4154 divisa
1048 4086 1081 4152 in
1096 4109 1191 4176 para-

86 4191 231 4282 grapbos,
258 4193 397 4262 indiceri
413 4193 494 4263 solet
505 4195 638 4284 insuper
656 4195 692 4262 in
703 4213 769 4284 qua
783 4201 873 4284 porte
889 4192 973 4280 legis
983 4192 1083 4260 verbo
1097 4195 1194 4264 citata

1016 4305 1034 4366 4
