3064 4952
327 531 388 601 196
678 549 853 600 rasurarus
876 549 914 596 nr
937 547 1092 596 rnruurns

322 695 448 785 ligars5
470 713 549 782 ergo
576 703 736 784 repugnat
758 691 827 760 vim
849 690 930 782 legis
946 687 1174 780 obligatoriam
1193 707 1214 754 a
1234 683 1447 756 subditorum

323 799 539 894 acceptatione
553 798 705 892 pendere.
1171 807 1177 818 ‘

371 907 537 999 Odjc'cies:
557 945 602 960 -
619 907 755 976 Certum
779 917 828 977 est
858 913 890 975 et
918 905 961 974 ab
988 904 1144 974 omnibus
1170 903 1355 972 admissum
1378 901 1449 972 Ro-

325 1039 440 1086 manos
466 1015 640 1086 Pontifices
669 1015 709 1084 dc
732 1016 816 1085 lacto
841 1013 1024 1083 consentire
1052 1021 1089 1082 ut
1115 1012 1234 1104 aliquas
1256 1032 1326 1080 suae
1358 1012 1451 1100 leges

324 1148 391 1194 non
418 1124 563 1215 obligent
592 1124 655 1192 nisi
685 1131 911 1220 acceptentur;
949 1120 1039 1213 atqui
1065 1121 1154 1211 leges
1183 1121 1250 1189 illae
1277 1142 1345 1188 non
1373 1119 1451 1188 ideo

325 1231 498 1303 essentium
517 1232 614 1322 degis
647 1231 820 1318 amittunt;
855 1253 934 1320 crgo
963 1228 1034 1298 dari
1064 1234 1200 1321 possunt
1230 1227 1321 1318 leges
1350 1247 1450 1319 qum,

323 1365 401 1412 vera
430 1339 511 1430 legis
540 1340 679 1408 essentia
708 1348 847 1427 retenta,
879 1337 1096 1430 nihilominus
1124 1359 1191 1406 non
1210 1335 1358 1426 obligent
1382 1335 1455 1404 nisi

323 1447 543 1542 dependenter
571 1471 591 1515 a
628 1445 835 1516 subditorum
871 1445 1089 1538 acceptatione
1101 1472 1110 1534 ς
1147 1469 1225 1536 ergo
1265 1445 1305 1514 de
1334 1467 1454 1513 essen-

323 1557 370 1625 tia
401 1555 484 1645 legis
517 1576 582 1624 non
622 1563 670 1623 est
708 1562 744 1624 ut
779 1555 901 1647 absquo
939 1553 1023 1624 dicta
1052 1554 1268 1646 acceptatione
1297 1551 1452 1642 obliget5

324 1685 404 1752 ergo
431 1683 497 1730 non
516 1660 601 1729 valet
624 1661 772 1753 probatio
794 1661 915 1752 elegis
939 1661 1079 1730 essentia
1102 1659 1287 1752 desumpta.
1305 1660 1455 1729 -Res-

326 1767 477 1863 pondeo:
501 1769 643 1838 Romani
669 1769 843 1862 Pontifices
865 1769 995 1862 aliquas
1018 1771 1101 1860 teqes
1124 1792 1200 1838 suas
1215 1792 1283 1838 uon
1303 1767 1457 1859 odlipare

326 1878 392 1945 uisi
419 1889 626 1970 acceptentur
653 1878 871 1959 consentiunt,
903 1877 1095 1968 distinguo:
1118 1877 1311 1968 simpliciter
1332 1884 1365 1944 et
1387 1877 1455 1944 ab·

327 1985 450 2071 solute,
487 2007 597 2074 nego:
633 1985 867 2074 conditionate,
898 1985 932 2053 id
961 1993 1026 2074 est,
1059 1985 1192 2077 quando
1226 1985 1368 2076 alicujus
1398 2007 1455 2052 re-

326 2092 433 2183 gionis
463 2091 590 2183 praelati
619 2093 821 2161 aestimarent
848 2115 908 2185 pro
937 2093 1093 2162 localium
1125 2093 1451 2162 circumstantiarum

327 2201 452 2270 ratione
477 2201 603 2269 oritura
623 2198 832 2270 incommoda
851 2201 879 2268 si
905 2201 959 2270 lex
983 2210 1169 2292 urgeretur,
1186 2200 1451 2290 subdistinguo:
1530 2221 1531 2232 ¹

327 2320 358 2379 ct
385 2317 463 2379 tunc
481 2309 625 2378 Romani
649 2309 822 2379 Pontifices
846 2312 1052 2380 consentiunt
1077 2310 1131 2379 vel
1157 2313 1339 2381 consentire
1360 2333 1454 2403 prae-

327 2418 414 2487 sumi
438 2430 575 2509 possunt
596 2425 726 2487 tautum
748 2427 783 2486 ut
804 2417 868 2487 sibi
883 2418 941 2486 fiat
954 2417 1163 2510 supplicatio,
1192 2417 1368 2511 propositis
1382 2419 1454 2485 sci-

326 2527 401 2594 licet
430 2524 609 2594 rationibus
635 2548 710 2617 quae
741 2527 879 2596 suadent
907 2526 1006 2594 talem
1035 2527 1204 2616 regionem
1233 2525 1350 2616 alege
1382 2548 1455 2594 esse

328 2633 559 2719 eximendam,
580 2641 677 2724 atqua
699 2633 822 2703 interea
844 2635 1040 2725 permittunt
1052 2634 1208 2726 suspendi
1221 2633 1303 2724 legis
1322 2633 1456 2724 obliga-

328 2743 448 2811 toriam
471 2741 553 2829 vim,
576 2742 741 2812 concedo:
766 2750 798 2810 et
812 2750 892 2813 tunc
907 2745 1113 2813 consentiunt
1132 2752 1181 2832 ut,
1198 2743 1289 2811 nulla
1305 2743 1389 2812 lacta
1411 2745 1457 2812 ad
1529 2725 1530 2740 ἓ

330 2858 475 2918 sanctam
489 2848 609 2918 Sedem
630 2849 865 2942 supplicatione
883 2859 915 2920 et
935 2851 1102 2939 relatione,
1118 2850 1250 2920 Praelati
1267 2851 1375 2941 legem
1393 2875 1457 2944 pro

330 2957 426 3026 libitu
455 2955 611 3048 repellant
636 2964 668 3024 et
695 2979 755 3047 pro
784 2959 876 3026 nulla
904 2959 1055 3046 habeant,
1078 2981 1174 3048 nego.
1192 2997 1237 3010 -
1251 2959 1353 3051 Atqui
1369 2959 1457 3051 lepos

330 3063 525 3156 hujusmodi
542 3062 757 3132 nihilominus
781 3066 951 3134 essentium
970 3065 1048 3156 this
1063 3066 1216 3148 retincat,
1237 3067 1360 3158 pariter
1382 3068 1457 3136 dis-
1528 3089 1529 3130 t

331 3175 473 3265 tinguat
492 3173 706 3264 inquantum
726 3175 853 3266 etquis
875 3197 951 3244 vere
977 3175 1124 3265 ohligant
1145 3183 1238 3242 extra
1253 3197 1366 3245 casum
1387 3177 1457 3244 ori-

331 3283 399 3351 turi
420 3281 455 3350 in
475 3281 586 3372 aliqua
600 3281 732 3370 regione
746 3304 788 3351 ex
810 3293 938 3352 servata
951 3281 1023 3373 lege
1038 3281 1260 3368 incommodi,
1276 3289 1306 3350 et
1321 3281 1460 3374 insuper

332 3392 368 3461 in
392 3397 553 3482 quantum
575 3398 607 3456 et
629 3389 707 3480 quis
731 3390 830 3458 etiam
844 3390 880 3459 in
899 3413 977 3458 casu
992 3390 1071 3458 dicti
1094 3389 1295 3458 incommodi
1308 3389 1460 3480 obligant
1527 3399 1528 3474 Q

333 3501 486 3592 praelatos
500 3498 542 3566 ad
557 3497 796 3589 expediendam
821 3501 1093 3593 supplicationem
1109 3507 1146 3568 ut
1159 3498 1200 3568 de
1214 3500 1390 3591 propositis
1404 3523 1460 3568 ra-
1527 3535 1528 3594 3

332 3607 477 3676 tionibus
490 3613 600 3674 sancta
615 3604 716 3676 Sedes
729 3606 892 3697 decernat,
908 3607 1049 3677 concedo
1068 3635 1076 3676 ι
1092 3614 1261 3676 servarent
1282 3608 1459 3677 essentiam

333 3712 432 3804 legia,
462 3711 491 3780 si
518 3712 663 3782 Romani
687 3713 862 3782 Pontifices
891 3713 1037 3784 absolute
1063 3714 1206 3783 liberum
1235 3713 1460 3806 relinquerent
1526 3805 1527 3814 ἵ

335 3821 474 3892 subditis
489 3831 527 3890 ut
541 3844 600 3913 pro
615 3823 710 3892 libitu
725 3823 791 3914 legi
813 3825 987 3916 pontificia
1007 3845 1076 3894 sese
1091 3824 1299 3916 subjicerent,
1316 3823 1370 3893 vel
1391 3847 1460 3893 non
1526 3841 1527 3882 l

336 3931 543 4023 subjicerent,
560 3953 656 4020 nego.
673 3969 718 3982 —
732 3929 825 4000 Seria
838 3933 958 4002 scilicet
970 3955 1036 4001 non
1048 3933 1099 4000 cst'
1106 3931 1293 4001 istiusmodi
1305 3931 1457 4021 objectio,

336 4046 393 4116 sed
405 4043 512 4114 inanis
527 4041 699 4112 cavillatio.
717 4043 803 4112 Nam
817 4045 851 4112 in
866 4045 1017 4114 Romano
1032 4043 1189 4112 Pontifice
1205 4041 1366 4133 praesumi
1377 4044 1459 4134 legi-

337 4155 418 4223 time
430 4152 543 4244 nequit
561 4173 738 4222 consensus
753 4153 984 4224 irrationabilis
997 4174 1062 4246 quo
1080 4160 1165 4221 totus
1178 4149 1366 4242 disciplinas
1383 4175 1459 4220 ner·
1525 4209 1526 4234 p

338 4287 401 4334 vus
416 4263 450 4331 in
465 4261 620 4330 universa
632 4260 774 4332 Ecclesia
788 4262 981 4349 solveretur,
997 4261 1111 4352 etipsa
1126 4258 1317 4350 legislativas
1337 4269 1457 4328 sancta
