3064 4952
556 491 639 538 sums
662 491 815 538 cenoman
1184 471 1245 538 166

124 631 317 700 erasurum
343 657 350 698 :
374 635 498 700 Sancto
520 635 670 700 Romana
697 631 841 700 Ecclesia
865 655 1034 701 summum
1056 645 1087 702 et
1109 633 1245 724 plenum

120 739 309 832 primatum
328 753 359 809 et
374 740 603 833 principatum
618 763 715 833 snper
730 741 918 810 universam
938 741 1119 810 Ecclesiam
1132 743 1245 812 catbo-

124 849 225 918 licam
243 849 367 918 obtinet
384 877 394 915 .·
416 873 513 942 quem
527 873 560 919 se
583 849 625 918 ab
640 850 710 942 ipsa
728 851 869 919 Domino
884 851 921 918 in
935 851 1028 919 beato
1044 854 1141 920 Petro
1155 853 1245 943 Apo-

123 959 284 1026 stolorum
299 958 447 1051 principe
471 959 537 1027 sinc
561 959 696 1041 uertice,
726 959 821 1050 cujus
843 961 1009 1028 Romarms
1031 960 1185 1051 Pontifex
1200 973 1246 1029 est

124 1089 299 1149 cccccccccc,
329 1089 403 1134 cum
426 1068 598 1159 potcstatis
621 1065 829 1159 plenitudine
854 1067 1006 1158 recepisse
1034 1067 1192 1137 ouacitcr
1216 1083 1246 1137 et

123 1175 296 1244 humiliter
311 1176 516 1268 recapnoscit.
534 1179 581 1244 Et
599 1177 682 1245 sicin
688 1199 764 1269 pra
777 1177 910 1257 ceteris,
931 1187 1058 1244 tenetur
1068 1174 1150 1268 fidei
1162 1177 1247 1245 oeri-

125 1297 231 1353 tatem
250 1283 430 1376 defundere,
455 1286 499 1354 sic
527 1298 557 1354 ct
580 1285 609 1354 si
632 1307 705 1378 qun
721 1285 760 1354 de
770 1283 837 1376 fide
850 1284 991 1352 subartn
1001 1285 1125 1376 fiterint
1141 1309 1245 1377 ques-

125 1393 245 1476 tiones,
263 1415 321 1462 suo
343 1393 458 1462 debent
464 1393 596 1485 judicio
618 1393 759 1484 definiri.
777 1392 829 1462 Ad
840 1415 942 1485 quam
955 1402 1066 1485 potest
1086 1407 1247 1483 praeatus

125 1499 262 1591 quilibet
284 1524 382 1593 super
402 1501 540 1592 nepotiis
564 1501 610 1570 ad
625 1501 871 1570 ecclesiasticum
885 1502 998 1591 (onem
1007 1501 1248 1592 pertinentibus

125 1609 295 1700 appellare
317 1637 328 1675 :
350 1609 435 1678 etin
459 1609 610 1678 amnibus
633 1609 738 1678 causis
760 1608 807 1676 ad
831 1631 970 1696 ecnmcn
999 1609 1247 1679 ecclesiasticum

124 1718 343 1808 spectantibus
371 1718 417 1788 ad
444 1720 544 1811 ipsim
564 1731 675 1810 potest
698 1716 869 1809 judicium
897 1719 1022 1786 recurri
1046 1746 1057 1785 .·
1084 1733 1114 1786 et
1144 1719 1248 1788 eidem

125 1847 239 1894 omnes
260 1827 397 1896 ecclesie
407 1839 483 1896 sunt
494 1826 658 1918 subjecte,
675 1837 706 1894 et
717 1826 867 1917 ipsarum
879 1826 1016 1895 Prnlati
1028 1827 1247 1895 obedientiam

125 1947 160 2002 et
170 1937 383 2004 reuerentiam
395 1937 447 2006 illi
457 1935 551 2005 dant.
566 1936 617 2005 Ad
626 1937 711 2005 banc
723 1948 835 2004 autem
846 1937 892 2004 sic
900 1936 1247 2028 potestatisplenituda

124 2042 290 2126 cosentit,
312 2044 401 2136 quod
422 2045 568 2114 ecclesias
582 2055 714 2113 caeteras
730 2043 777 2112 ad
797 2043 1023 2113 sollicitudinis
1033 2054 1170 2136 partem
1185 2045 1248 2113 ad-

125 2153 244 2220 mittit.
262 2152 396 2244 (Lebbe‚
409 2163 434 2222 t.
449 2156 492 2242 Π,
511 2177 584 2246 pag.
602 2153 693 2245 966.)
710 2153 774 2222 Sed
784 2154 984 2246 principatus
996 2154 1053 2246 qui
1065 2153 1248 2246 possidetur

124 2283 205 2328 cum
233 2263 404 2352 potestatis
427 2261 654 2354 plenitudine,
688 2261 722 2328 vi
751 2261 846 2353 cujus
869 2283 984 2330 omnes
1005 2262 1148 2331 enclesiae
1172 2270 1249 2330 sunt

125 2367 257 2438 Sanctae
281 2368 357 2440 Sedi
373 2370 543 2462 subjectu,
565 2377 597 2440 et
610 2393 726 2440 omnes
740 2370 878 2439 alierum
895 2369 1105 2438 ecclesiarum
1121 2369 1249 2462 praeleti

126 2476 345 2547 obedientiam
368 2478 417 2548 illi
442 2479 540 2567 dent,
567 2481 611 2548 ita
636 2480 721 2548 utin
742 2477 1248 2547 omnibusceusisecclesiasticis

126 2585 172 2652 ad
185 2609 258 2654 scm
270 2609 385 2655 omues
400 2587 523 2678 possint
537 2588 705 2680 appellare
719 2594 751 2656 et
766 2609 942 2668 recurrere,
963 2595 994 2654 et
1007 2586 1109 2678 ipsius
1115 2584 1247 2677 judicio

127 2692 267 2762 debeant
292 2693 467 2763 ultimntim
496 2716 603 2762 ceusae
628 2705 659 2762 et
685 2696 880 2787 questiones
908 2696 1006 2765 etism
1034 2697 1161 2767 deiide
1186 2697 1247 2766 de-

127 2800 242 2888 finiri,
277 2801 370 2888 telis,
408 2803 560 2895 inquam,
598 2802 799 2895 principatus
833 2803 973 2873 includit
1005 2805 1118 2896 procul
1148 2804 1248 2874 dubio

126 2917 162 2978 et
188 2911 340 3003 supponit
364 2911 581 3002 legislativum
610 2912 644 2981 in
670 2913 841 2983 universos
864 2913 986 2982 Christi
1011 2912 1121 2982 fideles
1142 2921 1249 3005 potes-

128 3025 241 3086 tatem.

174 3125 357 3196 Concilium
385 3129 535 3218 generale
566 3127 804 3200 Florentinum.
819 3169 863 3182 -
887 3130 1069 3220 Definimus
1098 3141 1248 3197 sanctam

128 3235 350 3326 dnostnlicam
372 3234 491 3304 Sedcm
514 3249 545 3304 et
572 3239 760 3308 Romanum
786 3239 979 3329 Pontificem
1002 3239 1038 3306 in
1061 3237 1250 3305 uniuersum

129 3343 242 3412 orbem
271 3357 376 3414 tencre
405 3345 613 3437 primatum,
646 3357 676 3414 et
707 3347 815 3437 ipsum
850 3346 1039 3436 Pontificem
1064 3349 1249 3414 Romanum

129 3473 341 3520 scucessorem
363 3475 427 3520 esse
441 3452 528 3521 beati
542 3454 633 3522 Petri
649 3453 807 3545 princepis
826 3455 1072 3544 Apostolorum,
1090 3465 1120 3520 ct
1137 3475 1249 3521 uerum

133 3559 260 3630 Christi
271 3560 442 3644 vicarium,
463 3561 625 3654 totiusque
638 3563 788 3631 Ecclesia
804 3575 919 3654 caput,
938 3575 968 3630 et
984 3561 1134 3630 omnium
1148 3563 1264 3630 cleris·

128 3670 301 3738 tianorum
307 3683 442 3762 patrem
455 3682 486 3739 et
497 3671 662 3741 doctorem
675 3673 820 3754 existere,
838 3685 869 3741 et
881 3673 946 3764 ipsi
959 3673 994 3739 in
1008 3676 1046 3739 B.
1067 3677 1162 3740 Petro
1165 3695 1250 3764 pns-

130 3777 235 3860 cendi,
257 3779 391 3869 rependi
416 3792 447 3848 ct
465 3779 674 3871 puberuandi
696 3781 914 3850 universalem
936 3779 1117 3849 Ecclesiam
1140 3784 1249 3848 aDo-

130 3887 223 3954 mino
241 3899 352 3954 nostro
376 3891 452 3955 lesu
469 3888 597 3957 Cbristo
618 3889 753 3979 plenam
770 3900 967 3980 potestatem
990 3887 1151 3956 traditam
1172 3910 1246 3956 esse.

134 3995 274 4084 (Labbe‚
292 4004 315 4063 t.
332 3995 421 4083 xm,
439 4019 471 4086 p.
489 3998 599 4086 1167.)
613 3996 759 4065 Potestas
767 3996 903 4088 regendi
914 3997 1096 4068 societatem
1107 3995 1249 4089 aliquam

131 4127 192 4173 nec
206 4112 266 4190 est,
281 4126 341 4173 nec
355 4103 419 4172 dici
433 4104 496 4172 nisi
510 4105 709 4174 mendaciter
731 4113 834 4197 potest
842 4107 959 4198 plena,
977 4107 1004 4174 si
1018 4128 1084 4175 non
1098 4106 1140 4175 sit
1153 4105 1250 4197 legis-

131 4211 253 4280 lctivn:
279 4212 371 4304 etqui
391 4211 568 4282 concilium
592 4212 818 4282 Florentinum
843 4214 957 4285 definit
980 4199 1171 4306 potestatem
1194 4235 1251 4281 re-
