3042 4946
503 481 586 528 roais
609 481 761 526 caremcr.
1130 461 1187 524 531

67 621 263 692 Patriarcha
283 622 454 702 Primates‚
481 629 513 690 et
534 622 595 691 suh
616 621 763 711 quolibet
783 620 924 690 Primate
946 622 1191 716 Archiepiscopi

67 755 130 801 seu
154 733 406 825 Metropolitani.
430 733 471 801 Et
487 731 527 801 de
543 731 639 820 lacto,
662 753 774 800 omnes
796 730 845 799 illi
863 730 997 822 gradus,
1021 737 1077 824 qui
1093 733 1195 802 semel

66 841 179 931 posita
200 841 299 910 unius
319 840 354 910 in
375 863 488 910 omnes
509 839 624 909 mundi
639 839 816 931 Episcopos
837 861 990 932 suprema
1003 841 1193 910 auctoritate

62 948 139 1038 jam
166 950 275 1017 enasci
301 973 339 1018 ac
367 950 474 1020 evolvi
503 956 665 1040 poterant,
693 947 860 1017 constituti
885 971 1000 1018 revera
1020 958 1052 1017 et
1071 951 1194 1020 evoluti

66 1055 220 1126 fuerunt.
247 1057 288 1126 Et
308 1058 378 1126 haeo
395 1065 443 1127 est
463 1055 661 1127 venerandae
682 1078 719 1125 ac
740 1056 987 1148 sapientissimae
1011 1057 1100 1128 illius
1122 1059 1193 1152 epi-

66 1166 254 1257 scopalium
281 1166 445 1255 graduum
472 1165 665 1236 hierarchia
692 1187 770 1235 vera
797 1165 935 1256 genesis.
964 1166 1048 1235 Gum
1071 1165 1194 1256 gradus

66 1274 147 1343 illos
182 1297 240 1366 per
270 1277 478 1368 semetipsum
513 1275 663 1346 Christus
698 1297 764 1345 non
797 1273 985 1364 instituerit,
1015 1275 1146 1345 nonnisi
1176 1299 1194 1344 e

66 1405 226 1474 suprema
250 1384 349 1453 totius
375 1383 526 1453 Ecclesiae
554 1383 742 1452 auctoritate
773 1405 907 1452 manare
936 1390 1124 1474 potuerunt.
1152 1385 1193 1453 Et

66 1513 148 1559 cum
170 1490 319 1560 Romano
334 1478 492 1584 Episcopo
506 1492 636 1584 plenam
653 1491 742 1560 illam
760 1491 859 1560 totius
873 1491 1025 1582 regendae
1040 1491 1191 1562 Ecclesiae
1308 1567 1309 1572 ἵ

67 1607 265 1692 potestatem
283 1600 467 1686 contulerit,
485 1623 551 1668 non
566 1599 686 1668 exalia
703 1599 792 1668 fonte
807 1622 907 1692 quam
922 1622 963 1668 ex
979 1600 1039 1670 hac
1053 1601 1195 1670 Romani

68 1708 238 1777 Antistitis
252 1709 441 1777 auctoritate
454 1709 530 1799 jura
545 1707 618 1795 ista,
635 1714 706 1775 tum
725 1706 1020 1800 archiepiscopalia,
1041 1717 1109 1777 tum
1126 1710 1194 1801 pri·

70 1816 229 1904 matialia,
253 1827 323 1885 tum
347 1816 573 1908 patriarchalia
595 1815 770 1906 repetenda
789 1823 876 1884 sunt.
904 1815 1000 1884 Unde
1021 1824 1087 1885 tota
1110 1818 1192 1906 haec,

70 1949 173 2017 quam
189 1924 357 2016 proditum
370 1924 604 2016 episcopalium
620 1929 748 2012 vocant,
767 1923 960 2011 hierarchia,
980 1924 1087 2016 quoad
1101 1927 1194 2016 prin-

70 2033 196 2124 cipium
221 2055 263 2100 ex
284 2055 351 2123 quo
371 2040 512 2120 emanat,
537 2031 658 2099 divina
679 2030 875 2098 institutioni
895 2029 1107 2099 adscribenda
1122 2041 1192 2120 esl;

71 2139 182 2233 quoad
196 2141 301 2231 ipsam
317 2161 395 2208 vero
408 2139 660 2224 emanationem,
678 2137 908 2208 ecclesiastica.

118 2249 304 2318 Prorosrrro
325 2253 370 2315 2³.
389 2247 563 2316 -Euoloi
588 2246 689 2315 etiam
706 2245 828 2337 potuit,
848 2257 879 2312 et
898 2243 939 2312 de
951 2247 1042 2335 sacto
1063 2249 1193 2318 evoluta

72 2369 120 2425 est
132 2356 319 2424 hierarchia
335 2355 501 2447 prodeam
509 2352 785 2446 presbyteralium
796 2351 854 2420 suh
870 2352 1045 2445 Episcopo.
1056 2355 1192 2424 -Cum

70 2466 162 2534 enim
184 2464 352 2556 Episcopis
374 2471 529 2555 tanquam
542 2461 716 2531 ordinariis
731 2459 919 2529 Pastoribus
934 2484 976 2529 ex
989 2463 1192 2532 institutione

70 2573 196 2642 Christi
211 2571 364 2662 regendae
382 2569 535 2639 dioeceses
550 2593 570 2638 a
583 2570 732 2639 Romano
754 2570 914 2662 Episcopo
936 2571 1191 2660 ¹committantur,

71 2689 178 2774 potest
195 2682 240 2749 sic
254 2681 398 2771 legitime
414 2679 608 2748 constitutus
626 2678 806 2770 Episcopus
818 2677 946 2769 aliquos
961 2701 978 2746 e
994 2679 1194 2771 preshyteris

73 2790 208 2880 eligere,
231 2789 351 2882 quibus
372 2789 408 2855 in
428 2787 529 2856 variis
548 2785 695 2856 dioecesis
714 2808 783 2854 sues
808 2785 955 2876 partibus
978 2786 1192 2856 exercendem

71 2899 262 2966 animarum
283 2919 396 2966 curam
416 2897 605 2965 committat.
630 2895 671 2963 Et
689 2894 733 2961 sic
753 2892 865 2962 induci
885 2895 990 2984 potuit
1004 2903 1036 2962 et
1054 2895 1094 2963 de
1109 2897 1193 2965 lacto

72 3005 226 3075 inductus
261 3015 309 3074 est
341 3005 558 3096 parochorum
594 3000 728 3092 gradus.
763 3004 844 3070 Item
873 3002 982 3094 potuit
1013 3003 1192 3096 Episcopus

73 3137 178 3185 unum
198 3115 378 3207 parochum
396 3113 522 3182 catoris
542 3111 786 3179 circumvicinis
800 3110 908 3201 quoad
922 3110 1031 3202 aliqua
1042 3115 1191 3205 superio-

73 3249 144 3293 rem
165 3224 372 3306 constituere,
395 3222 457 3290 suh
480 3221 592 3289 decani
615 3219 719 3288 aliove
741 3217 846 3285 titulo.
870 3217 951 3298 Quae
971 3219 1103 3309 quidem
1121 3223 1191 3290 hie-

74 3333 203 3403 rarchia
225 3331 389 3423 graduum
411 3326 734 3421 suh-episcopalium,
760 3325 856 3394 aliam
884 3325 1047 3414 graduum
1070 3350 1191 3419 supra-

73 3444 303 3537 episcopahum
316 3441 520 3532 aliquatenus
534 3438 689 3505 imitatur.

119 3557 302 3624 Psorosrrro
325 3555 370 3618 3³.
388 3589 432 3601 -
447 3547 564 3617 anlci
583 3547 684 3615 eriam
703 3546 826 3636 potuit,
852 3559 882 3613 et
902 3547 941 3614 de
957 3549 1046 3637 sueto
1061 3553 1191 3622 evoluta

75 3679 120 3734 est
155 3661 341 3732 hierarchia
373 3655 626 3751 jurisdictionis,
669 3667 741 3722 tum
778 3652 820 3720 ah
856 3653 1041 3724 hierarchia
1072 3659 1191 3730 divinae

74 3771 296 3854 iracitutionis,
314 3781 385 3836 ram
400 3767 501 3835 eham
515 3765 557 3833 ab
572 3762 765 3831 hierarchiis
777 3761 942 3852 praduam
956 3764 1190 3857 episcopalium

74 3895 105 3950 et
127 3879 401 3972 presbyteralium
428 3875 591 3943 distincta.
617 3869 769 3938 -Nam
795 3870 894 3938 semel
922 3871 1025 3962 posita
1049 3874 1192 3948 Romani

74 3989 226 4080 Episcopi
249 3986 344 4078 plena
362 3990 517 4076 potestate
531 3979 750 4049 universalem
765 3977 941 4046 Ecclesiam
956 3983 1120 4071 pascendi,
1139 4009 1190 4056 re-

75 4099 171 4189 gendi
193 4120 230 4165 ac
244 4092 461 4186 gubernandi,
477 4091 584 4184 potuit
597 4089 657 4157 hoc
671 4089 742 4180 ipso
764 4086 933 4156 Romanus
947 4088 1097 4161 Pontifex
1113 4098 1189 4163 uni-

77 4207 199 4278 versale
214 4204 301 4273 istud
318 4203 464 4292 regimen
477 4221 628 4269 exercere
642 4219 700 4288 per
711 4197 803 4265 viros
813 4195 1054 4288 ecclesiasticos,
1071 4204 1191 4294 quihus
