3042 4946
284 443 344 512 ili
782 469 887 517 noer.

280 607 351 658 cte.
370 607 412 657 lli.
430 607 466 656 lle
476 606 534 672 jure
549 609 657 660 naturali
692 644 1319 660 ................
1374 611 1400 659 11

312 679 327 742 §
345 681 368 728 l.
385 679 466 743 lpaiua
482 678 594 730 amentia
609 717 1319 733 ..................
1375 689 1401 731 tt

313 751 369 813 §a
386 749 423 800 De
440 751 506 814 juris
526 751 652 802 naturalis
673 751 892 818 promulgatione,
905 767 951 803 seu
969 753 1001 804 de
1021 753 1109 804 medio
1133 768 1179 818 per
1192 754 1261 819 quod
1278 755 1335 818 jue·

342 820 407 871 illud
419 821 570 874 hominihus
589 823 729 874 innotescit
732 861 1320 876 ...............
1373 831 1401 874 tt

282 893 300 940 1.
319 891 462 958 Exponiter
484 907 545 946 vera
565 899 592 946 et
605 895 751 946 communia
771 895 904 957 doctrina,
922 897 1062 948 admittens
1078 897 1121 961 jos
1141 897 1256 948 neuras
1278 910 1322 946 eo·

312 965 403 1028 gneaci
413 979 429 1015 a
438 965 554 1032 quelibet
564 967 669 1018 hemina
683 981 729 1031 per
743 967 831 1018 lumen
843 967 958 1018 naturale
970 967 1019 1033 ipai
1032 968 1144 1020 inditum
1146 1004 1320 1018 .....
1374 972 1403 1017 et

281 1034 311 1082 11.
328 1033 462 1086 Petellitur
474 1041 586 1100 ayatema
605 1037 823 1100 traditionaliemi,
837 1039 936 1090 decena
953 1038 1073 1090 notiones
1087 1038 1120 1089 cle
1135 1039 1195 1102 jura
1212 1041 1322 1090 onerat

312 1104 418 1156 cuilibet
430 1107 463 1157 ab
476 1109 621 1160 extrinsece
639 1109 786 1160 testimonio
806 1109 917 1169 tutundi,
931 1110 967 1160 ita
982 1114 1010 1160 ut
1022 1110 1078 1160 illae
1096 1111 1175 1161 hemo
1190 1110 1322 1161 eredendo

312 1177 465 1228 aaeeictata
486 1180 603 1246 recipiat,
615 1195 667 1232 nen
688 1181 857 1246 percipiendo
875 1181 931 1246 ipsa
945 1195 993 1246 per
1006 1195 1081 1234 auum
1098 1182 1232 1248 proprium
1248 1183 1324 1233 intel·

313 1247 409 1298 lectum
433 1255 612 1314 recognoscat.
653 1286 1321 1304 .................
1373 1258 1403 1303 tt

312 1319 366 1383 gt.
381 1321 416 1370 Da
432 1321 499 1384 juria
515 1323 638 1373 naturalia
658 1323 775 1384 materia,
791 1324 1009 1388 immutabilitate,
1021 1329 1048 1376 at
1059 1325 1084 1375 ri
1106 1323 1224 1376 irritandi
1243 1338 1322 1388 quor-

343 1391 403 1442 dam
416 1399 488 1444 actua
521 1431 1321 1446 ....................
1372 1399 1403 1445 at

281 1489 352 1539 CAP·
370 1490 413 1540 tv.
426 1491 463 1541 De
481 1492 539 1556 iura
558 1492 669 1558 poaitiro
681 1493 772 1544 divino
775 1528 1322 1545 ..............
1374 1497 1403 1543 tt

281 1569 349 1620 CAP.
368 1570 398 1620 V.
412 1572 448 1622 lle
461 1573 519 1636 jure
530 1573 645 1637 gentium
657 1575 732 1624 notio
734 1611 1322 1624 ...............
1374 1578 1406 1623 tt

281 1649 350 1700 GAP-
371 1652 412 1702 Vl.
426 1653 464 1703 De
481 1655 540 1718 jure
556 1655 629 1705 cirili
647 1691 1322 1706 .................
1375 1659 1405 1705 13

312 1721 327 1784 ἓ
345 1726 367 1771 1.
382 1723 450 1773 turis
471 1725 558 1776 civilis
571 1725 688 1776 delinitio
691 1762 1324 1777 ................
1375 1731 1405 1776 tt

313 1793 328 1854 ἐ
344 1797 366 1842 2.
382 1794 443 1858 Ejus
455 1797 482 1846 in
497 1795 579 1847 variae
594 1797 695 1862 apeciea
708 1798 813 1862 partitio
816 1835 1323 1850 .............
1375 1802 1404 1846 11

314 1865 328 1926 ς’
346 1869 368 1913 ³.
384 1867 452 1916 iuria
470 1868 554 1918 civilis
574 1869 676 1919 mmcni
698 1869 818 1919 formatio
822 1905 1322 1921 .............
1376 1873 1406 1919 to

313 1935 368 1996 §t
384 1937 420 1987 lte
443 1951 552 2004 corpore
571 1939 637 2004 juria
660 1939 745 1991 cirilla
768 1940 885 2004 romam,
906 1941 1001 2004 quibua
1024 1941 1141 2006 partibus
1163 1945 1276 2004 constet,
1299 1947 1328 1992 ct

343 2007 474 2070 ‘11¹0m0d0
487 2009 593 2076 allegari
611 2010 692 2062 aolcat
694 2047 1324 2062 ,,,,,,,,,,,,,,,,
1375 2017 1402 2062 gg
1505 1993 1506 2044 ζ

281 2131 389 2184 §catto
405 2135 447 2184 ΙΙ.
464 2135 500 2184 lle
513 2139 584 2186 recta
596 2140 623 2187 et
632 2137 741 2202 precisa
755 2136 820 2202 juria
835 2136 954 2188 canonici
969 2136 1076 2188 aeteae
1111 2173 1325 2186 ......
1375 2142 1404 2188 ta

282 2239 349 2292 ΟΑΡ.
366 2243 386 2292 l.
402 2245 437 2294 lte
449 2245 515 2309 juria
533 2247 653 2298 canonici
666 2245 815 2298 delinitione
820 2283 1325 2296 .............
1376 2253 1404 2296 tt

314 2313 328 2372 ᾗ
346 2318 368 2363 1.
384 2315 445 2379 Ejus
462 2317 533 2368 varia
546 2319 653 2368 nomina
654 2354 1324 2368 .................
1377 2323 1406 2369 tt

314 2385 369 2446 ,Μ
385 2387 562 2446 Quorumdam
583 2394 718 2441 auctorum
737 2389 902 2440 definitiones
905 2423 1322 2439 ,,,,,,,,,,,
1378 2395 1407 2440 55
1506 2417 1507 2428 .

315 2457 329 2520 ἓ
346 2461 369 2506 t.
386 2459 474 2510 Utrum
492 2466 562 2512 recta
576 2461 609 2512 ait
623 2460 737 2512 definitio
755 2475 813 2526 quae
833 2465 954 2512 auctores
970 2461 1036 2524 iuria
1057 2459 1175 2511 cmonici
1189 2459 1259 2522 lacit,
1270 2475 1324 2510 non

344 2529 414 2579 aclea
427 2531 556 2581 ilemenea
568 2531 716 2594 Pontifloea,
731 2533 776 2582 aed
791 2531 935 2596 generatim
947 2531 1045 2596 primea
1061 2531 1185 2582 Ecclesiae
1198 2535 1324 2595 pastores,

345 2599 371 2649 id
386 2604 435 2664 eet,
447 2601 589 2668 Episcopus
607 2637 1320 2655 ..................
1378 2607 1408 2652 17

314 2670 329 2732 5
347 2673 369 2720 t.
384 2673 520 2732 Quomodo
531 2675 576 2739 jue
591 2675 745 2726 canonicum
760 2678 830 2726 recte
845 2673 947 2725 definiri
962 2676 1039 2738 queat
1068 2709 1323 2722 .......
1378 2679 1405 2723 at

283 2759 353 2810 CAP.
371 2762 400 2811 11.
416 2763 484 2814 laria
498 2765 619 2816 canonici
637 2765 728 2816 divisio
743 2765 770 2814 in
784 2765 869 2816 variae
882 2763 983 2829 speciae
986 2798 1323 2813 .........
1378 2770 1408 2815 ot

283 2831 351 2882 CAP·
370 2833 412 2883 ill.
429 2835 496 2886 turta
514 2837 635 2888 canonici
657 2835 803 2904 praestantia
806 2872 1324 2888 .............
1378 2843 1408 2886 67

349 2909 372 2951 ¹⁰
388 2905 532 2964 Quartana
545 2923 578 2958 ex
590 2909 727 2958 doctorum
742 2907 868 2958 sententie
903 2941 1323 2957 ...........
1379 2913 1409 2957 17

347 2977 374 3020 ²⁰
391 2976 431 3026 An
445 2982 549 3041 praealct
566 2979 618 3043 J'uri
633 2979 701 3028 cirili
735 3014 1323 3029 ...............
1379 2982 1409 3026 711

346 3047 373 3090 ³⁰
390 3049 430 3096 An
449 3053 556 3112 praestet
573 3049 720 3114 theolegio,
735 3055 761 3100 et
780 3063 814 3100 an
835 3063 883 3114 pro
905 3049 1048 3114 episcopati
1065 3062 1173 3099 munere
1193 3048 1326 3098 canonista

379 3117 553 3181 praeferendus
574 3121 606 3170 sit
610 3157 1323 3172 ..................
1378 3123 1406 3170 71

286 3243 392 3294 Seetle
408 3246 469 3297 ΙΙΙ.
485 3247 521 3297 De
537 3247 595 3312 jure
611 3247 739 3312 gallicano
773 3280 1325 3295 ..............
1379 3251 1411 3296 'tt

285 3351 360 3402 CAP.
378 3354 397 3403 1.
412 3353 449 3404 Ite
463 3355 522 3420 jure
535 3354 661 3406 canonico
675 3354 800 3405 nationali
814 3353 841 3403 in
856 3366 953 3417 genere
987 3387 1324 3402 .........
1379 3358 1408 3404 71

319 3424 333 3485 ἓ
349 3426 372 3472 1.
388 3423 453 3482 Quid
466 3429 493 3476 et
503 3426 643 3490 quotuplex
654 3426 689 3475 ait
699 3427 742 3488 J'us
754 3423 909 3476 canonicum
921 3422 1050 3474 nationale
1067 3458 1325 3472 .......
1378 3427 1409 3474 71

319 3495 333 3556 ς
351 3497 374 3542 1.
387 3497 491 3547 Nullum
508 3498 552 3561 jue
572 3496 728 3548 canonicum
745 3495 876 3546 nationale
891 3494 989 3546 firmari
1006 3499 1032 3545 et
1049 3493 1165 3558 legitime
1187 3493 1327 3544 aubsmtem

349 3572 436 3632 potest
448 3567 499 3618 alia
512 3567 698 3632 quamSummi
709 3565 1001 3618 Pontifielsauctoritate
1030 3599 1326 3614 ........
1378 3569 1411 3617 71

321 3637 376 3700 gt.
389 3639 478 3689 Utrum
501 3652 617 3690 summus
643 3637 763 3689 Pontifex
792 3636 873 3702 possit
904 3636 1088 3700 quodcumque
1108 3635 1151 3699 jus
1170 3636 1328 3686 canonicum

349 3709 479 3760 nationale
496 3709 597 3761 irritare
616 3743 1326 3760 ..................
1379 3711 1411 3756 77

351 3782 493 3844 Proponite
504 3782 542 3830 11.
556 3783 643 3832 Poteat
655 3780 757 3832 irritare
774 3781 817 3844 Jua
834 3779 965 3831 nationale
984 3779 1053 3844 quod
1072 3778 1120 3828 luit
1137 3778 1170 3828 ab
1184 3777 1260 3828 initio
1274 3791 1330 3828 me-

382 3865 439 3900 rum
453 3851 616 3916 privilegium
619 3882 1327 3901 .................
1378 3854 1410 3898 77

352 3924 498 3988 Prepesitr'e
512 3926 549 3974 2⁸.
565 3923 597 3974 lit
612 3924 690 3975 etiam
708 3925 751 3989 jus
769 3922 901 3976 nationale
921 3923 991 3989 qued
1011 3921 1087 3972 tuerit
1106 3920 1180 3972 initio
1197 3922 1241 3986 jue
1258 3934 1330 3970 cem-

383 4009 471 4056 munc,
486 3995 520 4045 ita
538 3999 566 4045 ut
581 4009 634 4046 non
650 3995 761 4046 evaserit
774 3995 938 4059 particulare,
952 3993 1001 4044 niel
1015 3993 1075 4057 quia
1093 3993 1154 4043 dum
1173 3990 1330 4056 generaliter

385 4065 446 4116 etihi
466 4067 584 4128 cessarit,
598 4067 625 4118 in
646 4067 732 4130 aliqua
748 4067 854 4131 regione
873 4065 960 4131 vigere
975 4077 1027 4114 nen
1042 4063 1126 4113 desiit.
1140 4089 1171 4101 ·-
1187 4063 1328 4112 ltemncice.
1377 4065 1408 4110 78

354 4139 497 4202 propositio
513 4143 551 4188 ³³.
566 4139 653 4189 Poteet
671 4151 787 4188 semmua
806 4137 924 4188 Pontifex
943 4137 1012 4201 juata
1030 4136 1153 4198 exigente
1173 4147 1252 4184 eausa
1272 4131 1330 4182 irri-

384 4213 437 4259 tare
453 4208 496 4274 jua
515 4209 669 4262 canonicum
684 4207 811 4260 nationale
829 4207 906 4258 ciem
925 4204 1089 4257 concordatis
1103 4203 1243 4254 firmatum.
1279 4241 1284 4251 .
1321 4239 1326 4252 .
1377 4207 1408 4252 71
