3042 4946
528 483 612 530 runis
635 483 788 530 canonici.
1157 467 1218 528 335

95 621 222 692 similes
260 623 446 714 dignitates,
484 621 611 692 etiamsi
644 621 770 692 nullam
805 622 868 690 sibi
904 622 1091 714 adjunctam
1117 625 1220 715 juris·
1303 630 1306 644 ’

94 729 273 799 dictionem
310 729 464 818 babeant,
502 751 581 801 vero
617 739 726 799 maren
762 729 896 799 honoris
925 752 963 799 ac
991 730 1219 822 praecedentiae

89 837 170 928 juro
201 840 381 929 potiuntur.
408 839 446 907 ln
473 837 593 930 quibus
622 847 731 906 tamur
762 836 977 928 dignitatibus
1008 839 1218 930 sub-episco-

94 947 228 1037 palibus
247 947 316 1017 sive
330 945 549 1032 instituendis,
566 946 635 1016 sive
657 945 860 1034 ordinandis,
878 947 947 1016 sive
962 947 1218 1039 supprimendis,

95 1056 336 1148 Episcoperum
349 1063 489 1148 potestas
502 1053 597 1126 Sedis
612 1055 807 1147 Apostolicae
831 1053 960 1146 legibus
976 1076 1034 1124 seu
1045 1055 1114 1146 juri
1129 1079 1220 1126 com-

101 1165 194 1234 muni
211 1163 394 1255 subjicitur.

145 1274 332 1344 Prorosrrro
355 1277 401 1344 θ’.
418 1312 462 1326 -
477 1276 588 1344 Senot
603 1275 713 1366 posito
729 1271 842 1342 divina
862 1270 986 1341 Christi
1002 1271 1217 1354 institutione,

99 1383 205 1452 cooloi
217 1385 319 1452 ctiam
331 1385 445 1476 potuit
461 1396 492 1452 et
508 1383 547 1452 dc
561 1387 651 1476 facto
671 1383 801 1452 coelata
823 1394 868 1450 cst
889 1381 1003 1473 otique
1023 1379 1219 1450 subsidiaria

100 1491 288 1560 hierarchia
312 1491 448 1560 ordinis.
464 1530 509 1544 -
529 1491 613 1561 Nam
635 1489 797 1560 Dominus
819 1496 928 1558 noster
948 1488 1043 1560 lesus
1069 1487 1219 1558 Christus

98 1597 240 1667 instituit
265 1598 398 1692 quidem
424 1619 483 1690 per
505 1598 715 1691 semetipsum
742 1597 929 1688 Episcopos,
957 1595 1163 1687 presbyteros
1188 1605 1218 1664 et

101 1705 272 1775 ministros
300 1735 307 1774 :
335 1708 476 1798 itemque
504 1727 562 1799 per
591 1707 801 1797 semetipsum
832 1703 1008 1796 episcopali
1043 1701 1220 1772 characteri

98 1817 260 1886 annexuit
281 1837 389 1886 sacres
412 1815 544 1886 ordines
569 1815 756 1884 conterendi
781 1824 813 1885 et
836 1824 1074 1886 sacramentnm
1099 1817 1221 1888 confir-

100 1926 254 1996 mationis
275 1926 484 1996 ministrandi
506 1933 695 2019 potestatem
713 1955 720 2005 ;
749 1925 963 2017 presbyterali
983 1948 1063 1996 vero
1087 1927 1220 1998 charac-

100 2033 161 2104 teri
189 2034 310 2126 pariter
337 2035 483 2124 alligavit
510 2041 700 2126 potestatem
736 2033 977 2103 sanctissimum
1005 2034 1219 2106 Eucharistiae

100 2150 339 2212 sacramentum
363 2141 566 2228 conficiendi.
593 2142 718 2210 Atvero
742 2140 913 2210 interiores
936 2139 1079 2228 ordines,
1101 2144 1221 2234 quilrm

99 2251 209 2320 clerici
224 2252 266 2321 ad
282 2253 467 2342 superiores
481 2250 543 2319 rite
559 2249 819 2340 disponerentur,
836 2271 903 2318 non
918 2248 981 2341 ipsi
995 2248 1146 2340 instituit,
1164 2252 1221 2320 sed
1345 2315 1352 2326 ,

101 2358 251 2427 Ecclesiae
273 2357 457 2426 auctoritati
488 2355 704 2426 instituendos
726 2377 763 2424 ae
786 2354 1049 2426 determinandos
1073 2356 1216 2449 reliquit.

99 2469 180 2536 ltem
207 2468 383 2559 unicuique
409 2467 574 2536 minorum
600 2465 754 2536 ordinum
777 2488 874 2534 suurn
896 2465 966 2558 ipse
985 2465 1129 2536 officium
1152 2489 1219 2538 non

98 2576 243 2646 indixit:
264 2579 366 2646 immo
390 2577 478 2668 quod
504 2577 635 2669 propria
658 2575 932 2646 subdiaconorum
950 2584 982 2646 et
1007 2575 1218 2647 diaconorum

100 2691 217 2759 munia
241 2691 377 2782 ipsemet
401 2685 668 2757 determinaverit
692 2707 759 2753 non
786 2693 834 2753 est
860 2682 980 2774 dogma
1001 2685 1195 2784 catholicum
1207 2716 1216 2775 ;

98 2797 157 2866 scd
176 2796 245 2867 haec
269 2795 419 2866 Ecclesiae
436 2794 619 2864 auctoritati
639 2793 770 2885 abipso
790 2792 947 2884 permissa
969 2793 1056 2862 licite
1067 2791 1219 2865 tustideri

99 2913 217 2998 potest.
240 2905 321 2974 Item
345 2904 385 2972 ab
407 2904 478 2994 ipso
504 2902 637 2994 quidem
659 2901 806 2970 instituta
827 2908 905 2970 sunt
923 2887 1150 2990 sacramenta}
1164 2903 1218 2972 sed

100 3013 253 3084 Ecclesiae
274 3010 460 3082 inducenda
479 3009 610 3101 reliquit
625 3008 880 3096 sacramentalia,
902 3017 935 3078 et
945 3010 1040 3080 certis
1054 3033 1222 3082 sacrorum

101 3121 256 3192 ordinum
284 3119 441 3210 gradibus
468 3117 702 3188 adnectendam
727 3116 813 3186 circa
838 3115 951 3186 eadem
979 3119 1223 3190 sacramentalia

101 3239 303 3326 potestatem.
331 3230 379 3298 lta
401 3250 478 3298 vcro
508 3235 611 3296 stante
638 3224 752 3295 divina
776 3225 900 3295 Christi
926 3226 1139 3317 institutione,
1168 3251 1223 3300 ec·-

101 3339 278 3410 clesiastioa
305 3339 495 3408 auctoritate
524 3334 636 3405 induci
664 3343 840 3426 potuerunt
865 3342 897 3404 et
923 3333 963 3404 de
991 3334 1074 3405 lacto
1097 3337 1223 3409 inducti

102 3457 179 3518 sunt
203 3449 345 3518 minores
371 3446 502 3516 ordines
528 3445 585 3537 qui
610 3443 652 3512 ad
680 3443 841 3534 majorum
866 3442 1084 3535 receptionem
1113 3447 1223 3539 dispo-

104 3565 229 3626 nerent.
252 3557 414 3624 Praeterea
435 3552 539 3645 potuit
561 3549 674 3620 eadem
693 3549 905 3620 ecclesiastica
923 3551 1098 3622 auctoritas
1120 3563 1224 3624 certo-

103 3689 179 3736 rum
201 3663 485 3736 sacramentalium
505 3659 790 3748 ministrationem,
810 3658 902 3727 verbi
925 3659 1042 3748 gratia,
1065 3663 1149 3731 sacri
1162 3663 1223 3734 olei

102 3799 140 3844 ac
153 3773 339 3844 chrismatis
356 3771 603 3857 conlectionem,
617 3767 825 3838 ecclesiarum
840 3768 1128 3858 consecrationem,
1146 3782 1223 3861 ete,

104 3882 273 3976 Episcopis
295 3879 460 3973 propriam
479 3878 603 3958 lacere;
624 3876 765 3946 aliorum
786 3885 895 3945 autem
915 3877 1113 3968 presbyteris
1128 3882 1225 3951 etiam

105 3990 307 4082 permittere3
324 3987 446 4079 aliquot
460 3985 558 4056 etiam
572 3985 733 4077 ejusmodi
753 3983 998 4054 sacramentalia
1016 3984 1226 4058 inferioribus

105 4098 276 4168 ordinibus
289 4096 457 4188 deputare,
474 4117 507 4164 v.
526 4117 576 4183 g.,
592 4093 762 4162 exorcistis
774 4092 983 4160 exorcismos.
1002 4093 1042 4160 Et
1054 4093 1098 4160 ita
1114 4118 1227 4166 revera

107 4206 278 4275 inductum
305 4211 363 4272 cst.
383 4204 546 4271 praterea
567 4201 672 4293 potuit
692 4199 804 4270 cadem
825 4200 1035 4270 ecclesiastica
1054 4206 1227 4274 auctoritas
