3048 4954
543 518 625 565 suuis
647 519 797 565 canonici.
1190 497 1228 566 89

110 677 211 746 quam
235 667 320 726 esset
338 657 519 726 absurdum
543 681 726 750 supponere
741 659 901 744 ecclesias,
920 683 994 751 quae
1010 682 1100 728 nuno
1115 681 1230 728 crean-

111 774 168 831 tur
187 765 223 831 in
241 765 365 851 Africa,
386 766 446 834 hoc
463 767 534 858 ipso
556 767 699 856 gaudere
715 769 847 858 juribus
868 769 947 836 olim
964 768 1050 861 opud
1070 769 1230 837 africanas

108 871 415 965 ecclesiastempore
430 876 532 942 sancti
547 877 724 964 Augustini
746 877 945 965 vigentibus,
970 900 1009 945 eo
1027 876 1116 969 quod
1143 877 1229 945 idern

111 981 155 1045 sit
169 981 380 1048 territorium.
412 981 500 1070 Ergo
514 983 641 1050 etiamsi
662 983 740 1051 Pius
756 984 817 1052 Vll
834 980 917 1051 nibil
932 1007 1084 1075 expresse
1099 984 1231 1052 statuis-

111 1095 161 1154 set
179 1086 220 1154 de
241 1089 355 1178 priscis
374 1089 519 1180 juribus,
537 1090 717 1160 Galliarum
741 1092 883 1160 ecelesiis
902 1092 1132 1182 peculiaribus,
1152 1114 1231 1158 con-

111 1193 311 1264 cludendum
325 1206 424 1284 esset,
441 1198 577 1288 ipsamet
601 1199 829 1291 suppressione
849 1209 881 1266 et
901 1199 1098 1268 extinctione
1113 1201 1229 1268 barum

111 1304 338 1391 ecclesiarum,
370 1329 543 1399 suppressa
571 1317 603 1376 et
633 1309 776 1376 extincta
807 1309 906 1377 luisse
933 1310 1024 1379 varia
1052 1309 1128 1398 jura
1151 1309 1231 1400 ipsis

111 1414 245 1504 propria

157 1523 192 1586 2⁰
213 1521 293 1589 Pius
306 1523 367 1593 Vll
388 1525 550 1616 expressis
573 1527 682 1595 verbis
704 1527 845 1595 abolevit
864 1551 959 1597 oruue
977 1527 1031 1617 jus
1053 1526 1169 1618 priscis
1180 1549 1233 1596 eo-

111 1630 219 1698 clesiis
238 1632 405 1720 gallicanis
424 1635 611 1725 proprium:
634 1636 775 1703 extinxit
797 1637 1017 1704 enimomnes
1036 1636 1108 1703 illas
1129 1635 1231 1704 eccle-

111 1741 177 1806 sias
195 1768 202 1807 :
219 1763 295 1810 cum
310 1743 491 1834 respectiut's
514 1767 629 1811 earnem
645 1745 792 1835 juribus,
807 1745 992 1836 privilepz'is
1015 1759 1047 1813 et
1059 1767 1232 1835 prensoqu-

112 1849 190 1915 tivis
211 1851 446 1942 ntjuscumque
465 1853 601 1942 pencris,
619 1866 650 1918 et
667 1853 935 1921 nonobstantibus
948 1853 1233 1922 consuetudinibus

111 1957 216 2023 etiam
240 1957 572 2040 immemorabilibus;
593 1982 671 2048 ergo
691 1960 793 2027 donec
809 1961 917 2029 denuo
937 1960 1155 2030 concedantur
1175 1971 1231 2028 unt

113 2068 259 2158 legitima
273 2069 505 2138 consuetudine
527 2080 726 2140 retroventur
748 2071 937 2162 hujusmodi
954 2075 1041 2165 jura,
1061 2073 1233 2165 privilegia

112 2189 143 2246 et
158 2181 401 2270 praerogativae,
419 2182 487 2249 solo
501 2183 568 2272 juri
584 2183 752 2249 communi
770 2181 913 2270 gaudere
928 2191 1071 2250 recentes
1085 2181 1233 2250 ecclesias

111 2290 292 2356 tenendum
305 2299 363 2357 cst.

158 2401 193 2463 3ο
210 2397 272 2464 Per
288 2399 548 2488 suppressionem
565 2399 653 2468 illarn
669 2401 814 2468 amisisse
829 2400 1001 2491 privilegia
1022 2421 1081 2466 sua
1100 2407 1131 2466 et
1147 2421 1235 2488 prae-

112 2505 280 2593 rogativas
302 2505 424 2595 priscas
445 2505 641 2575 cathedralia
655 2507 795 2598 capitula
820 2507 962 2574 latentur
984 2529 1113 2592 omnes;
1131 2515 1163 2573 et
1177 2507 1233 2572 de-

112 2615 191 2680 bere
207 2615 277 2702 regi
293 2615 449 2683 hodierna
465 2615 606 2706 capitula
622 2625 690 2682 turn
707 2617 781 2706 jure
800 2617 982 2700 communi,
1009 2624 1080 2683 turn
1107 2614 1235 2684 decreto

11 2753 13 2806 p
114 2723 246 2814 speciali
277 2723 481 2792 acardiuali
512 2725 655 2815 Caprara
691 2723 730 2792 de
758 2723 818 2792 bac
854 2723 989 2792 materia
1018 2746 1060 2790 ex
1089 2724 1236 2812 delegata

11 2871 12 2874 =
113 2830 236 2898 summi
254 2829 421 2898 Pontificis
441 2831 629 2899 auctoritate
652 2831 734 2916 luto,
757 2841 827 2899 tum
848 2832 975 2898 statutis
998 2831 1235 2923 episcopalibus

113 2937 154 3005 ad
167 2938 307 3006 formam
325 2938 425 3030 hujus
439 2941 560 3008 decreti
572 2940 738 3028 confectis,
752 2941 889 3009 libenter
899 2941 1095 3019 admittuut;
1112 2964 1236 3032 nosque

114 3046 177 3114 boc
205 3047 314 3137 ip'suur
337 3071 396 3115 suo
422 3049 491 3115 loco
525 3048 737 3116 stabiliemus.
764 3049 838 3116 Jarn
870 3072 947 3116 vero
974 3049 1001 3114 si
1029 3070 1088 3138 per
1111 3047 1235 3116 bullam

113 3155 165 3222 Pii
179 3155 241 3223 Vll
258 3155 437 3223 occubuere
453 3155 623 3222 saecularia
638 3156 855 3246 capitulorum
872 3156 973 3223 variis
988 3156 1023 3222 in
1039 3155 1117 3223 locis
1133 3156 1235 3247 privi-

114 3261 222 3350 legia,
246 3285 448 3354 consequens
464 3261 595 3330 videtur
615 3263 774 3330 extinctas
794 3263 916 3352 pariter
931 3261 1030 3330 luisse
1050 3263 1157 3331 varius
1169 3262 1237 3352 juri

115 3371 284 3437 communi
313 3370 553 3459 derogationes,
577 3370 697 3460 quibus
720 3370 914 3438 fruebantur
939 3371 1108 3459 gallicanae
1136 3372 1239 3438 eccle-

115 3477 194 3544 siae:
222 3500 281 3544 neo
303 3479 393 3544 enim
418 3478 529 3545 urinus
548 3478 633 3545 clare
655 3478 712 3544 bas
732 3501 831 3568 cluant
854 3478 910 3545 illa
929 3503 963 3545 se
984 3478 1152 3548 sustulisse
1177 3488 1238 3546 tes-

117 3591 203 3652 tatur
220 3584 298 3652 Pius
314 3585 387 3654 Vll.

160 3696 194 3760 l⁰
207 3693 318 3761 Potest
344 3693 478 3785 insuper
502 3693 614 3762 eedem
636 3693 735 3761 thesis
747 3716 788 3762 ex
814 3693 981 3760 nonnullis
994 3695 1240 3762 auctoritatibus

117 3809 147 3868 et
167 3823 270 3867 sacrae
292 3801 564 3890 Congregatiouis
587 3801 714 3867 concilii
739 3799 1012 3868 declarationibus
1033 3823 1098 3868 non
1121 3823 1240 3891 parurn

119 3907 239 3976 fulciri.

163 4017 200 4084 ln
223 4041 320 4084 causa
337 4017 481 4086 Niciensi
501 4021 542 4084 23
560 4017 704 4107 januarii
724 4021 821 4103 1847,
838 4017 1075 4086 contendebant
1095 4019 1242 4086 canonici

121 4149 152 4191 se
171 4149 238 4192 non
257 4127 404 4192 amisisse
424 4125 479 4214 jus
499 4135 702 4216 patronatus,
730 4149 794 4216 quo
814 4125 999 4216 potiebatur·
1021 4125 1099 4192 olirn
1118 4127 1243 4216 capitu·
1321 4109 1325 4127 '

123 4231 188 4298 loru
216 4231 410 4301 cathedralis
435 4232 611 4320 binensis,
640 4243 670 4300 et
695 4234 726 4302 vi
747 4239 840 4318 cujus
862 4231 902 4300 ad
928 4233 1036 4322 ipsurn
1062 4234 1242 4323 pertinebat
