3048 4954
571 482 655 530 tttnls
677 483 827 532 canonici.

468 835 613 930 PARS
656 835 934 931 SECUNDA.

189 1089 241 1146 Dll
270 1089 478 1166 FONTIBUS,
508 1091 579 1148 SEU
612 1093 663 1148 DE
695 1092 914 1152 EFFICIBNTI
941 1091 1069 1153 CAUSA
1101 1095 1209 1154 JURIS

596 1215 800 1278 CANONICI.

182 1487 302 1569 Quanti
334 1491 491 1557 momenti
520 1490 574 1576 sit,
614 1491 760 1558 canonici
792 1491 878 1582 juris
904 1489 1098 1560 efficientem
1129 1513 1258 1560 causam

135 1597 285 1687 apprime
311 1595 513 1682 discernere,
542 1607 694 1687 agnoscet
724 1598 817 1667 facile
839 1598 990 1690 quisquis
1022 1598 1075 1668 vel
1103 1599 1259 1691 tantisper

136 1703 314 1773 adverterit
339 1725 552 1774 erroneorum
577 1707 851 1775 consectariorom
877 1706 1057 1775 necessario
1080 1704 1259 1776 decurreu-
1316 1721 1323 1745 ‘

136 1811 219 1880 dum
234 1813 412 1901 tramitem,
438 1814 466 1882 si
487 1813 570 1882 forte
593 1836 653 1905 pro
669 1836 747 1882 vera
762 1814 874 1904 legum
890 1814 925 1882 iu
947 1813 1091 1882 Ecclesia
1107 1813 1259 1882 larenda-

135 1941 214 1986 rum
228 1929 394 2012 potestate,
411 1920 484 1990 flcta
499 1921 610 2013 aliqua
625 1931 657 1990 et
676 1921 847 2012 illegitima
869 1922 970 1990 fuerit
989 1929 1110 1992 temere
1128 1932 1256 2015 accepta

135 2041 234 2123 atque
249 2034 283 2100 in
299 2033 420 2100 fontem
434 2033 520 2124 juris
535 2031 745 2102 ecclesiastici
758 2032 933 2102 amlamata
951 2034 1000 2100 :si
1015 2033 1102 2102 enim
1119 2055 1185 2102 uon
1200 2057 1258 2123 ge-

136 2141 260 2208 nuinus
273 2141 358 2225 tous,
382 2163 441 2208 nec
456 2143 609 2230 genuinae
624 2139 700 2210 iude
721 2149 888 2209 manautes
912 2163 1006 2232 aquae
1026 2169 1033 2208 :
1049 2141 1077 2208 si
1093 2141 1183 2210 uulla
1199 2143 1258 2208 fir-

136 2247 333 2316 mandorum
356 2271 518 2318 canonum
534 2257 687 2340 potestas,
711 2248 794 2317 nulli
820 2256 917 2340 atque
941 2247 1027 2316 irriti
1041 2270 1180 2316 canonos
1195 2249 1258 2338 ipsi

133 2363 244 2424 erunt.
264 2355 356 2424 Unde
379 2355 412 2422 in
429 2353 592 2447 duplicem
607 2355 783 2447 scopulum
801 2354 1006 2423 errabundus
1023 2355 1184 2446 impingat
1200 2378 1257 2423 nc·

133 2485 223 2531 casse
244 2464 369 2554 estqui
394 2487 413 2532 a
434 2463 514 2532 falso
535 2463 663 2532 orditur
679 2463 805 2554 jurium
825 2483 992 2530 sacrorum
1015 2461 1132 2530 latice:
1150 2484 1256 2555 neque

132 2574 222 2638 euim
249 2593 335 2640 verae
361 2583 393 2640 et
413 2573 567 2661 genuinae
593 2595 757 2642 canonum
782 2570 1085 2640 constituendorum
1107 2572 1256 2662 potestati

132 2703 203 2748 sese
218 2680 398 2764 submittet,
416 2678 582 2748 dameam
598 2703 658 2771 pro
672 2681 818 2770 legitima
839 2702 906 2749 uon
927 2679 1059 2748 habebit
1070 2709 1090 2766 ;⁴
1106 2690 1137 2747 et
1157 2680 1255 2748 simul

132 2787 204 2878 ejus
219 2811 295 2879 quae
310 2787 455 2878 legitima
469 2809 535 2856 nou
550 2797 599 2855 est
613 2795 732 2856 statuta
747 2787 988 2878 amplexabitur
1003 2797 1034 2858 et
1048 2789 1256 2858 veneratione

132 2905 348 2986 prosequetur
363 2895 579 2964 schismatica.

176 2999 263 3070 Hinc
289 3003 350 3071 sub
373 3003 469 3072 istam
496 3001 536 3070 de
566 3002 712 3072 fontibus
738 3003 825 3094 juria
851 3003 997 3072 canonici
1029 3004 1253 3072 tractationem

130 3133 296 3179 venenum
312 3133 409 3180 snum
425 3111 590 3180 insinnare
605 3109 709 3180 solent
723 3118 894 3202 quotquot,
913 3110 1039 3178 intenso
1054 3111 1089 3179 in
1110 3120 1254 3180 sanctam

132 3217 252 3287 Sodcm
279 3218 401 3306 animo,
423 3219 565 3287 Romani
588 3218 770 3305 Pontifiois,
796 3217 917 3286 Christi
946 3219 981 3286 in
1006 3219 1101 3287 terris
1126 3220 1252 3308 vicarii,

132 3327 360 3396 auctoritatem
376 3327 503 3396 irretire
516 3335 670 3416 satagunt
683 3335 780 3418 atque
794 3325 977 3394 corrodere.
994 3325 1101 3407 Quam
1112 3328 1255 3396 auctori-

131 3442 230 3503 tatem
246 3459 264 3504 e
289 3457 424 3504 numero
438 3435 579 3503 fontium
591 3434 677 3524 juris
692 3434 838 3502 canonici
857 3433 912 3502 alii
934 3455 1010 3502 cum
1030 3433 1205 3520 Febronio,
1219 3433 1252 3502 id

132 3553 180 3611 est
198 3565 274 3611 cum
288 3542 446 3634 Episcopo
462 3543 502 3610 de
517 3541 709 3628 Hontheim,
724 3563 860 3633 prorsus
874 3539 1108 3609 eliminandam
1124 3539 1255 3610 conclu-

130 3649 230 3736 dunt3
260 3657 436 3719 statuentes
466 3649 586 3718 scilieet
616 3673 709 3742 posse
738 3650 926 3718 Romanum
952 3649 1158 3736 Poutificem,
1187 3671 1253 3716 non

129 3757 220 3847 leges
246 3758 383 3842 sancire,
408 3757 465 3826 sed
492 3765 618 3827 tautum
642 3757 793 3826 Ecclesiae
813 3765 1007 3849 proponere,
1029 3765 1108 3824 tuuc
1127 3755 1254 3826 solum·

130 3865 274 3936 modain
288 3887 428 3934 canones
442 3865 649 3952 transituras,
659 3888 733 3934 cnm
745 3865 868 3934 fuerint
882 3887 901 3932 a
915 3864 1101 3956 pluralitate
1117 3864 1252 3957 Episco-

130 3996 248 4063 porum
266 3975 452 4065 approbatas
474 3982 571 4065 atque
587 3975 738 4041 firmatas.
762 3972 844 4061 Alii,
864 3972 972 4041 miuus
986 3971 1168 4041 audacioris
1182 3974 1253 4063 gal-

130 4081 293 4148 licanismi
327 4081 475 4171 patroni,
506 4079 731 4148 anctoritatem
756 4079 888 4170 quidem
918 4079 1059 4148 Romani
1086 4079 1253 4148 Pontificio

130 4199 287 4282 tanquam
302 4189 447 4258 carronici
460 4191 543 4279 juris
560 4190 681 4258 fontem
696 4199 895 4279 agnoscunt3
913 4198 945 4262 at
961 4213 1025 4258 non
1043 4189 1198 4258 unicum:
1220 4199 1252 4257 at
