3048 4954
531 477 615 524 suuis
637 479 790 525 canonici.
1176 460 1213 524 87

99 616 251 702 ductum,
286 621 366 686 teste
394 614 508 686 emam
535 616 594 686 Pio
628 617 691 688 Vll
715 615 751 685 in
782 614 975 687 allocutione
1001 616 1214 686 consistoriali
1319 703 1325 724 ,

99 722 291 814 (Bullatium
313 723 500 794 Romanum
524 724 763 811 oontinuatum,
787 723 857 793 loco
881 723 1002 818 citato).
1032 723 1215 796 Attenden-

97 829 177 900 dum
194 841 300 900 tamen
318 839 367 899 est
388 830 471 900 illud
489 831 752 919 Concordatum;
768 854 845 901 nam
860 831 946 902 idem
962 854 1111 902 summus
1125 833 1215 902 Pon-

97 947 178 1016 tifea
203 947 281 1017 dum
314 971 401 1018 nova
429 948 658 1018 constitutione
685 969 772 1016 anno
809 947 892 1014 1822
925 943 1074 1016 ecclesias
1099 946 1213 1016 Gallica

96 1058 225 1127 tandem
250 1081 288 1126 ea
313 1057 420 1127 stabili
447 1058 674 1146 ordinatione,
702 1079 777 1150 quae
805 1055 984 1125 hodiedum
1011 1065 1212 1150 perseverat,

98 1162 243 1253 donavit,
260 1189 324 1235 non
349 1166 384 1235 in
406 1165 561 1250 omnibus
582 1167 777 1256 derogatum
800 1163 1003 1234 Concordato
1025 1151 1102 1232 anni
1129 1167 1211 1232 1817

97 1272 248 1362 declarat,
265 1273 322 1343 sed
346 1275 380 1342 in
401 1273 441 1342 iis
460 1281 603 1362 tantum,
623 1272 801 1366 dequibus
823 1271 1025 1364 inpraesenti
1044 1270 1213 1342 Constitu-

97 1383 183 1452 tione
199 1382 291 1452 aliter
303 1382 505 1476 providebat.

598 1665 688 1757 §n

156 1855 205 1906 Par
219 1855 317 1906 bullam
335 1855 384 1918 Qut
401 1854 501 1907 carisa
519 1855 623 1906 Domine·
638 1855 755 1920 priscum
765 1853 809 1918 jus
823 1852 978 1906 canonicum
994 1853 1149 1918 gallicanum

420 1935 579 2010 unttqmtum
595 1934 643 1987 tuit
659 1939 686 1987 et
702 1935 872 1986 annullatum.

139 2143 287 2214 Priscum
314 2145 370 2235 jus
397 2144 592 2214 canonicum
618 2141 817 2233 gallicanum
833 2164 988 2212 vocamus
1015 2144 1120 2212 varias
1145 2144 1214 2236 juri

94 2253 262 2321 communi
278 2249 505 2343 derogationes
521 2249 669 2342 legitime
681 2251 716 2318 in
731 2250 836 2320 Gallia
848 2251 1050 2319 introductas
1064 2258 1095 2318 et
1112 2275 1214 2346 usque

94 2361 134 2429 ad
149 2362 273 2454 Pupam
287 2361 382 2430 Pium
397 2361 460 2430 Vll
481 2361 639 2451 vigentes.
666 2361 828 2443 Quaenam
843 2359 965 2429 fuerint
979 2358 1054 2447 istm
1076 2359 1214 2452 deroga-

96 2471 199 2540 tiones
225 2469 400 2560 legitimm,
435 2469 572 2559 longum
598 2477 629 2536 et
650 2467 783 2537 difficile
806 2475 888 2538 essct
912 2465 1143 2558 determinare;
1174 2470 1214 2540 de

96 2576 290 2670 quibusdam
306 2577 394 2645 eninr
408 2584 496 2646 certo
511 2583 651 2662 constat3
670 2573 710 2644 de
721 2574 873 2667 pluribus
886 2586 993 2644 autem
1010 2576 1213 2670 disputatum

13 2777 14 2782 ἵ
95 2695 152 2756 est.
181 2688 225 2755 At
246 2709 324 2756 vero
343 2687 412 2754 sive
438 2684 479 2754 ad
500 2685 608 2777 plura,
632 2684 701 2754 sive
717 2684 758 2753 ad
773 2685 929 2776 pauciora
945 2683 1000 2776 jus
1020 2686 1212 2756 canonicum

13 2799 15 2860 t
95 2795 292 2886 gallicanum
309 2794 453 2884 legitime
476 2801 649 2862 extensum
672 2793 750 2862 olim
767 2793 885 2881 fuerit,
905 2793 958 2860 hic
978 2794 1155 2886 quaeritur,
1172 2819 1213 2864 an

95 2905 189 2996 plene
209 2903 308 2973 luerit
336 2925 489 2972 eversum
515 2925 575 2995 per
594 2902 720 2972 bullam
746 2903 813 2988 Qui
839 2903 961 2973 Christi
988 2905 1144 2990 Bomiai;
1167 2906 1213 2976 ila

95 3013 217 3082 scilicet
243 3021 279 3082 ut
304 3011 439 3104 propria
461 3034 549 3080 nunc
575 3011 717 3094 ecclesiis
739 3011 854 3081 Galliae
867 3013 962 3106 jura,
983 3012 1053 3105 jam
1069 3015 1214 3084 nonnisi

95 3120 232 3212 praefata
244 3119 430 3210 Apostolica
449 3119 678 3188 constitutione
692 3128 723 3187 ct
737 3119 971 3211 posterioribus
986 3121 1065 3190 actis
1081 3131 1113 3190 et
1131 3146 1213 3192 con-

94 3227 321 3296 suetudinibus
342 3226 476 3295 fundari
497 3227 658 3296 censenda
679 3226 755 3296 sint.
779 3227 985 3299 Affirmative
1007 3236 1116 3298 autem
1148 3233 1213 3302 sol-

95 3337 235 3406 vendam
253 3335 468 3428 qnaestionem
487 3334 622 3404 omnino
636 3336 754 3426 probat
772 3335 877 3428 ipsius
896 3336 996 3406 bulla
1018 3345 1140 3427 textus,
1156 3343 1214 3432 qui

97 3445 215 3514 anonis
230 3449 278 3512 est
294 3441 428 3533 hujusce
444 3441 551 3512 modi:
1191 3522 1194 3526 ,

136 3551 399 3646 Supprimimus,
407 3551 622 3621 annullamus
630 3564 660 3620 et
665 3563 824 3644 perpetuo
832 3553 1056 3643 ealinpaimas
1064 3554 1211 3640 titulum,

94 3660 405 3743 denominationem,
432 3671 602 3752 totamque
626 3672 752 3729 statum
765 3673 962 3753 praesentem
983 3662 1216 3757 infrascripta-

95 3796 168 3842 rum
184 3771 391 3840 ecclesiaram
406 3770 736 3863 archiepiscopalium
751 3783 781 3838 ct
795 3769 1040 3864 episcopalium,
1057 3796 1124 3840 aaa
1139 3797 1214 3845 cum

96 3883 277 3978 respectiva
296 3905 412 3952 aarum
433 3883 600 3975 capitalis,
611 3883 632 3975 j
636 3883 759 3964 aribus,
770 3881 956 3974 priuileqiis
971 3895 1004 3950 et
1012 3887 1215 3976 praeropali-

98 3995 141 4062 cis
152 3993 387 4085 cujuscumque
399 3991 545 4082 penaria·
607 3990 656 4059 ita
666 4003 703 4058 ut
713 3989 828 4082 [deleto
837 3990 939 4059 etiam
948 3991 1042 4059 amai
1049 3992 1130 4082 jure
1144 4017 1215 4064 mc-

101 4100 282 4194 tropolitico
303 4101 359 4192 cuj
361 4122 536 4193 uocumque
551 4099 812 4192 metropolitana
828 4098 1022 4192 ubicumque
1037 4099 1213 4194 aratensis)

104 4232 209 4278 amnes
220 4205 403 4300 arpradicti
412 4207 969 4304 archiepiscopaliumepiscopatus,
980 4208 1214 4296 camaldulim,
