3050 4946
594 497 676 548 ‚rums
700 497 850 546 ciuouuu.
1219 475 1277 548 lbi

163 638 259 708 etiem
275 640 309 707 in
325 639 533 708 crassissima
554 640 748 728 ignorantiae
767 639 983 730 temporibus,
1001 639 1068 706 luto
1083 639 1282 730 permisceri,

162 756 194 814 et
208 747 395 837 potentibus
415 755 537 838 pestem
554 769 614 839 pro
635 746 757 814 divinis
780 746 965 834 augmentis
988 745 1179 815 infundere!
1197 745 1285 827 Quas

164 854 368 924 incautorum
390 855 560 924 homiuum
586 855 836 924 declamationes
856 853 934 922 libet
956 853 1021 942 hic,
1039 877 1105 922 nou
1120 855 1286 944 graviori-

163 963 226 1031 bus
254 963 406 1032 Ecclesiae
432 963 620 1033 doctoribus
647 972 679 1032 et
704 971 890 1031 sauctorum
922 961 1036 1050 ebutio,
1063 987 1138 1054 quae
1165 964 1286 1055 ubique

164 1080 352 1156 occurrunt,
370 1072 425 1138 sed
448 1070 589 1160 suspecti
611 1069 707 1138 etiem
727 1070 792 1137 viri
811 1070 1011 1138 confessione
1033 1069 1216 1140 retundere.
1233 1071 1286 1140 Sic

164 1179 321 1247 Erasmus
336 1207 343 1246 ι
362 1183 472 1263 Qum
488 1179 644 1260 Ecclesia,
662 1178 940 1271 quemadmodum
955 1201 1005 1246 res
1020 1191 1143 1248 catera
1158 1194 1286 1249 morra-

165 1286 249 1353 lium
277 1309 398 1368 omnes,
428 1287 547 1356 babeat
578 1287 780 1367 rudimenta,
806 1309 1015 1378 proqressum
1044 1298 1074 1354 et
1103 1309 1282 1370 summam,

165 1416 251 1460 nuuc
263 1394 368 1462 subito
384 1394 479 1463 illam
495 1394 541 1462 ad
550 1393 739 1486 primordia
755 1417 915 1475 reuocare,
929 1393 1032 1461 nihilo
1043 1395 1084 1484 fit
1098 1394 1284 1483 absurdius,

166 1501 244 1590 quia
260 1524 371 1568 rerum
388 1515 494 1570 status
516 1503 622 1570 multa
644 1503 862 1572 eommutavit
878 1500 913 1568 in
929 1501 1055 1568 melius.
1086 1502 1173 1569 Olim
1192 1503 1286 1570 clan-

157 1607 326 1676 eudemio
342 1607 424 1676 redes
434 1608 587 1698 priuatas
601 1609 831 1676 conveniebant
843 1608 945 1700 pauci
959 1609 1142 1690 christiani,
1154 1631 1238 1676 nune
1252 1611 1287 1677 iu

167 1715 326 1805 templum
334 1715 504 1805 publicum
513 1728 543 1782 et
551 1729 773 1784 consecratum
784 1729 1151 1806 conqrcqanturomnes.
1169 1719 1286 1785 Utrum

166 1822 391 1892 decentiust...
413 1825 501 1894 Olim
517 1825 553 1892 in
564 1827 661 1894 eoenis
675 1825 865 1894 sumebatur
878 1826 1091 1894 Eucbaristia
1107 1826 1282 1916 inquibus,

167 1945 246 2000 teste
262 1933 378 2012 Paulo,
395 1933 480 2000 alius
496 1933 667 2012 esuriebat,
684 1933 770 2000 alius
784 1933 890 2000 ebrius
911 1945 982 2000 erat
996 1959 1006 1997 .·
1022 1955 1108 2000 nunc
1123 1957 1144 2001 a
1153 1935 1285 2025 jejunis

166 2041 310 2107 sumitur
336 2039 383 2106 ad
410 2062 540 2107 sacram
570 2062 726 2107 metuam.
758 2043 875 2106 Utrum
904 2039 1110 2128 reliqiosius?
1138 2041 1226 2109 Olim
1252 2044 1287 2110 in

167 2146 312 2214 Ecclesia
336 2147 422 2214 alius
450 2146 590 2214 babebat
620 2146 792 2236 dymnum,
823 2146 909 2213 alius
936 2147 1174 2236 apocalypsim,
1201 2149 1286 2217 alius

163 2255 334 2346 psalmum
348 2279 358 2319 .·
371 2253 456 2320 alius
472 2253 664 2344 loquebatur
680 2253 813 2343 linquis,
831 2253 916 2322 alius
936 2254 1169 2344 prophetabat,
1187 2270 1218 2322 et
1233 2258 1286 2324 in-

167 2364 264 2430 terim
276 2362 465 2452 qarriebant
479 2363 676 2430 muliercule
689 2388 699 2426 :
712 2385 797 2430 reeenc
808 2362 902 2428 certis
914 2361 1100 2428 bominibus
1111 2361 1287 2434 distributa

167 2487 243 2539 serit
258 2473 386 2562 officim·
402 2471 511 2540 ceteri
530 2472 624 2538 taciti
643 2470 876 2561 compositique
896 2470 1084 2538 auscultant
1102 2484 1162 2538 aut
1176 2488 1283 2542 orant.

168 2584 322 2672 Namque
345 2581 546 2672 reliqiosius?
569 2579 657 2648 Olim
676 2581 711 2646 in
736 2580 902 2646 nocturnis
926 2578 1046 2668 cipiliir
1066 2580 1288 2650 crrrsitabatur

169 2688 216 2757 ad
226 2689 374 2780 sepulcra
388 2701 577 2779 martyrum
589 2710 609 2755 a
621 2688 744 2777 pueris,
757 2687 888 2777 puellis,
903 2687 992 2768 uiris,
1011 2688 1188 2770 monacbis,
1204 2713 1287 2758 uco-

168 2797 269 2877 ribus,
285 2797 384 2864 sacris
406 2795 596 2885 airqinibus.
621 2797 662 2863 At
682 2796 817 2886 [lapitia
840 2817 912 2886 qun
930 2796 989 2863 sub
1011 2797 1129 2864 umbra
1149 2799 1287 2889 pietatis

169 2904 431 2974 admittebantur
448 2917 682 2996 persuaserunt
706 2917 743 2970 ut
769 2904 830 2971 boc
854 2903 1044 2992 uiqiliarum
1068 2929 1166 2996 percus
1193 2907 1254 2976 toll
1269 2947 1286 2958 -

169 3025 270 3081 retur.
289 3016 394 3082 Noetu
407 3013 550 3104 populus
563 3011 797 3081 obambulabat
813 3033 888 3078 cum
907 3011 1111 3081 candelabris
1126 3016 1287 3105 arqenteis

85 3207 88 3214 γ
170 3143 286 3188 canens
305 3121 453 3210 qunos,
472 3132 502 3186 et
524 3118 690 3187 interdum
759 3119 878 3208 quni
899 3121 983 3186 uersi
1006 3133 1084 3187 sunt
1106 3122 1139 3188 in
1161 3123 1283 3204 meam,

168 3226 367 3296 candelabra
387 3229 573 3294 inerma...
595 3225 684 3293 Olim
702 3248 818 3317 corpus
844 3227 976 3294 Domini
992 3225 1135 3294 dabatur
1150 3229 1185 3295 in
1209 3252 1287 3297 rna-

170 3359 251 3404 num
313 3362 325 3418 ,·
332 3336 452 3428 populi
459 3335 624 3426 suffiaqiis
634 3333 829 3402 creabantur
840 3334 1015 3426 Episcopi,·
1027 3335 1173 3424 ejusdem
1188 3337 1287 3406 libine

169 3443 407 3533 dejiciebantur
422 3467 475 3523 ...,·
489 3464 540 3509 res
558 3455 628 3509 erat
645 3442 744 3531 plena
765 3441 927 3508 tumultus
949 3440 1112 3508 interdum
1128 3455 1158 3511 et
1176 3444 1282 3513 credis.

170 3557 286 3644 Itaque
305 3577 354 3622 res
376 3554 446 3643 ipsa
464 3552 626 3642 persuasit
645 3564 684 3618 ut
700 3572 799 3641 penes
818 3571 943 3640 paucos
964 3573 1002 3617 ac
1018 3564 1119 3618 certos
1141 3552 1286 3622 homines

170 3675 248 3728 esset
257 3662 317 3752 jus
333 3659 524 3750 desiqnandi
539 3659 715 3751 Episcopus
729 3669 787 3724 aut
804 3657 904 3723 etiam
924 3657 1173 3726 submovendi...
1196 3662 1284 3728 Olim

170 3768 315 3838 Ecclesia
344 3767 453 3836 nullas
482 3765 621 3836 babebat
650 3765 775 3832 sedulas
797 3763 957 3854 publicas,
983 3763 1160 3833 dumtauat
1190 3767 1224 3834 iu
1253 3793 1287 3836 re

171 3879 352 3968 tbeoloqica
375 3905 385 3944 :
409 3878 494 3946 solus
519 3876 699 3967 Episcopus
725 3887 796 3942 erat
822 3873 934 3942 doctor
954 3875 1121 3956 omnium,·
1148 3875 1283 3946 liberum

171 3999 242 4054 erat
264 3987 500 4055 monachorum
524 4005 664 4074 penus...
688 3985 784 4053 Nune
810 3980 935 4050 redacti
958 3995 1034 4050 sunt
1057 3986 1231 4052 necessario
1252 3988 1286 4052 in

170 4099 247 4167 uita
261 4121 363 4188 qenus
383 4096 581 4166 adstrictius.
602 4093 689 4164 Olim
710 4093 863 4162 aduersus
882 4093 1049 4161 hereticos
1067 4117 1133 4162 non
1152 4117 1287 4185 puqua-

174 4209 272 4278 batur
285 4207 349 4273 nisi
369 4203 480 4296 qladio
501 4204 657 4294 spiritus,·
676 4224 788 4269 oerum
808 4214 1027 4292 posteaquam
1047 4224 1083 4268 eo
1104 4204 1287 4294 peruicacia
