3064 4952
540 505 622 554 ronrs
645 507 796 554 canonici.
1165 489 1223 556 151

109 673 128 710 u
153 645 182 713 si
197 645 410 716 credidissent
429 669 483 716 eas
503 669 572 716 esse
589 648 793 740 apocryphas
816 657 848 716 et
872 648 1038 740 Apostolia
1064 657 1096 717 et
1116 658 1226 719 sancto

110 779 127 816 a
154 754 315 823 Clementi
330 753 462 823 affictas.
482 754 615 824 Accedit
629 754 718 846 quod
730 755 865 824 Gabriel
881 753 1122 848 AlbaspinaeuS,
1135 757 1228 848 Epis·

111 887 128 924 a
158 884 260 954 copus
274 863 519 932 Aurelianensis
538 863 897 956 (truncandorum)
925 862 1022 951 dicat,
1043 887 1111 933 non
1126 863 1227 934 dubi-

112 997 130 1036 c
154 979 224 1038 tare
248 993 281 1038 se
296 971 377 1062 quin
395 972 467 1046 ister
490 972 746 1042 Constitutiones
760 972 839 1040 olim
854 971 977 1040 Graecae
993 972 1142 1042 Ecclesiae
1157 973 1228 1042 fue·

111 1104 130 1142 a
156 1080 223 1148 rint
238 1101 299 1170 pro
313 1079 451 1170 legibus,
469 1081 626 1169 manuali,
644 1081 823 1173 pontificali
837 1103 894 1150 seu
908 1080 1018 1149 rituali
1034 1081 1155 1151 codice.

157 1215 174 1252 a
201 1187 325 1258 Deinde
350 1199 479 1260 sanctus
506 1189 710 1284 Epiphanius
734 1189 1010 1260 Constitutionum
1037 1192 1230 1282 apostolica·

2 1349 3 1352 ,
110 1323 128 1362 a
153 1319 228 1366 rum
245 1320 330 1390 saepe
347 1298 507 1386 meminit,
526 1306 557 1366 et
570 1299 666 1391 plura
680 1321 721 1368 ex
737 1299 819 1390 ipsis
831 1297 932 1368 refert
947 1297 1091 1385 decreta;
1109 1321 1228 1369 exeru-

111 1431 129 1468 α
157 1405 205 1497 pli
219 1405 337 1495 gratie,
353 1405 484 1494 haeresi,
503 1410 613 1494 15,ῑὸ
629 1415 661 1476 et
677 1411 737 1486 sm
754 1407 934 1498 praesertim
947 1429 1026 1476 vero
1038 1407 1155 1476 haeresi
1171 1413 1227 1497 to,

110 1542 128 1581 a
151 1538 227 1606 quae
245 1523 294 1583 est
316 1515 557 1603 Audianorum,
578 1515 635 1584 nbi
659 1517 716 1602 ait,
740 1515 1019 1584 Constitutionum
1038 1517 1230 1608 apostolica·

109 1652 127 1690 e
151 1647 228 1693 rum
244 1624 379 1714 librum,
394 1625 523 1694 tametsi
537 1624 647 1695 dubia
669 1625 757 1718 apud
777 1626 899 1694 multos
914 1624 991 1694 fidei
1007 1625 1061 1714 sit,
1078 1649 1145 1696 non
1161 1650 1231 1697 esse

110 1759 128 1798 u
151 1741 262 1801 tamen
278 1731 554 1824 improbandum
577 1755 652 1800 narn
669 1733 704 1800 in
718 1755 756 1802 eo
772 1732 894 1818 omnia,
920 1755 994 1824 quae
1017 1733 1058 1803 ad
1078 1734 1231 1804 Ecclesiae

109 1867 127 1906 u
152 1839 359 1932 disciplinam
385 1841 550 1932 pertinent
573 1840 821 1933 comprehendi,
850 1863 956 1933 neque
971 1841 1152 1935 quidquam
1175 1853 1233 1912 ant
1361 1845 1362 1848 ’

107 1977 126 2015 u
150 1949 187 2016 in
204 1948 267 2017 fide
282 1971 320 2017 ac
338 1948 494 2018 catholica
517 1949 718 2040 professione
741 1949 970 2042 depravatum,
1000 1958 1057 2019 ant
1078 1951 1231 2022 Ecclesia

109 2085 126 2123 ι
151 2057 428 2127 administrationi
442 2079 480 2126 ac
494 2058 631 2127 decretis
644 2057 844 2126 contrarium
859 2058 1029 2127 contineri.

155 2193 172 2230 a
197 2165 335 2234 Photins
351 2187 428 2234 vero
441 2167 476 2232 in
485 2165 705 2234 eruditissima
718 2188 778 2234 sua
791 2165 994 2235 Bibliotheca
1005 2166 1125 2258 (codice
1139 2171 1229 2260 112),

109 2301 127 2338 a
150 2273 330 2342 Clementis
352 2273 492 2342 Romani
518 2295 617 2365 opera
641 2295 825 2360 recensens,
851 2272 957 2342 eidem
985 2275 1098 2343 tribuit
1122 2285 1232 2368 aperte

108 2411 126 2448 rr
148 2383 407 2452 constitutiones
422 2382 625 2474 apostolicas,
642 2404 680 2450 ac
695 2381 790 2451 facile
805 2380 887 2450 dilui
902 2403 1009 2473 posse,
1031 2404 1105 2474 qnae
1119 2393 1232 2452 contra

109 2521 127 2558 a
150 2515 207 2562 eas
223 2499 448 2584 opponuntur,
472 2490 630 2560 affirmat.

156 2633 174 2670 ι(
199 2605 394 2673 Allernntur
409 2606 506 2674 etiam
522 2627 582 2697 pro
595 2603 662 2672 illis
677 2601 861 2671 testimonia
875 2624 917 2671 er
933 2601 1060 2694 Cyrillo
1075 2602 1230 2674 Hieroso·

110 2713 312 2806 olymitano
336 2713 517 2801 (Catechesi
544 2713 610 2803 18),
634 2711 805 2780 historiam
835 2710 875 2779 de
902 2710 1055 2780 Phoenice
1077 2721 1231 2782 narrante

110 2849 127 2888 (ι
150 2847 196 2892 ex
215 2823 394 2892 Clemente.
415 2824 496 2891 Item
521 2845 561 2890 ex
588 2829 699 2890 sancto
726 2821 905 2889 Athanasio
923 2821 971 2910 (in
987 2820 1156 2914 Synopsi),
1173 2823 1230 2892 ubi

108 2959 125 2993 a
150 2931 302 3000 meminit
328 2930 485 2999 doctrina
509 2929 740 3021 Apostolorum
768 2927 989 2997 clementinae.
1017 2929 1067 2998 Ex
1095 2931 1232 3001 concilio

109 3066 126 3104 a
150 3039 231 3108 item
248 3038 405 3106 Trullano
420 3060 506 3106 anno
532 3041 591 3106 691
618 3037 741 3124 habito,
766 3035 857 3128 quod
881 3027 1141 3108 Constitutiones
1157 3049 1231 3108 tan-

110 3175 127 3212 a
150 3169 254 3237 quam
274 3168 357 3237 opus
377 3145 609 3237 Apostolorum
624 3143 757 3213 videtur
770 3166 959 3234 agnoscere,
983 3145 1039 3214 sed
1063 3145 1104 3214 ub
1125 3148 1230 3218 haere·

111 3283 128 3320 «
151 3257 227 3324 ticis
241 3255 496 3347 depravatum.»

151 3363 233 3432 Haec
255 3372 426 3454 postquam
448 3361 603 3454 exposuit
626 3361 726 3429 Bincr
755 3362 954 3454 (Apparatus
972 3361 1056 3454 juris
1070 3367 1230 3452 canonici,

106 3479 201 3565 parte
218 3477 251 3558 2,
268 3493 338 3564 cap.
359 3475 405 3562 l),
422 3470 503 3563 quid
519 3472 588 3562 ipse
603 3471 719 3539 sentiat
733 3478 845 3539 tuetur
865 3471 986 3563 triplici
1009 3473 1069 3542 hac
1083 3477 1233 3567 proposi-

108 3581 197 3648 tione
217 3605 225 3647 :
245 3583 277 3646 l·
294 3584 373 3648 Octo
385 3580 463 3648 libri
475 3581 753 3649 constitutionum
764 3580 1032 3672 apostolicarum,
1051 3595 1089 3650 ut
1102 3597 1230 3666 vocant,

107 3711 177 3756 non
200 3701 279 3756 stmt
299 3687 342 3754 ab
357 3688 517 3780 Apostolis
533 3686 660 3770 traditi,
678 3710 781 3780 neque
803 3699 950 3755 asancto
974 3689 1137 3759 Clemente
1156 3715 1234 3759 con-

108 3796 243 3890 scripti;
265 3800 299 3864 2⁰
317 3809 395 3865 snm
417 3809 529 3864 tamen
554 3795 649 3865 dicta
674 3796 927 3867 Constitutione
955 3795 1050 3865 valde
1072 3799 1228 3892 antiquae,

111 3907 282 3998 multaque
302 3905 466 3974 continent
482 3905 599 3988 utilim·
613 3909 646 3972 3ο
662 3905 812 3996 quamvis
824 3903 949 3996 firmat
963 3905 1044 3974 olim
1054 3927 1161 3997 pure,
1179 3909 1234 3976 m'-

110 4015 222 4106 hilque
254 4013 451 4082 continerent
484 4013 690 4082 contrarium
723 4013 879 4083 doctrine
913 4013 1093 4098 catholicae,
1119 4029 1234 4108 postea

113 4135 225 4190 tamen
234 4120 389 4213 plurilus
403 4121 530 4190 interis
545 4123 588 4190 ab
601 4121 760 4190 haereticae
772 4123 909 4214 sonunt
924 4134 1098 4213 compte.

155 4229 258 4300 Nobis
274 4252 333 4324 pro
347 4251 445 4324 scopo
461 4229 562 4323 hujus
581 4229 689 4324 operis
707 4229 938 4302 controversiae
961 4251 1123 4302 summam
1147 4255 1238 4305 cout-
