3064 4952
311 446 373 510 202
665 465 838 512 rrrcrsrus
861 467 899 512 nu
922 467 1075 513 reluctans

314 629 330 667 c
354 613 463 691 trum3
481 603 582 672 stubi
595 603 776 696 primatum
792 606 821 674 ci
833 606 1039 698 promittens,
1053 608 1291 700 quodcumqae,
1304 607 1420 702 inquit,

312 745 329 786 a
352 719 615 812 lipoocrissuper
633 728 859 808 terremotu,
878 742 945 790 non
967 718 1105 808 addidit,
1124 721 1155 789 si
1177 733 1289 790 tamen
1305 725 1423 814 fratres
1489 781 1490 784 ,
1521 737 1522 774 ³

313 855 330 893 c
353 827 565 896 consentiant.
584 827 628 896 At
644 836 728 896 recte
743 827 878 921 quidem
894 856 901 896 :
917 827 998 898 alias
1008 828 1125 898 Petrus
1137 829 1289 921 illiusque
1299 851 1423 898 succes-

313 961 330 1002 s
352 959 441 1004 sores
457 959 523 1005 non
538 937 678 1028 ligarent
691 936 753 1029 ipsi
768 959 826 1030 per
840 960 886 1020 se,
905 937 968 1005 nisi
979 958 1096 1006 eorum
1112 936 1234 1006 subditi
1246 960 1308 1006 suo
1318 937 1423 1028 legem

311 1068 511 1115 «consensu
535 1045 745 1138 suscipientes
771 1045 868 1136 ligari
893 1069 927 1115 sc
954 1046 1116 1126 sinerent;
1137 1045 1227 1138 quod
1247 1054 1331 1114 esset
1356 1046 1422 1118 vim
1519 1037 1520 1118 ξ

311 1186 324 1212 a
351 1152 464 1243 legum
492 1161 524 1222 et
554 1161 745 1246 potestatem
773 1153 870 1222 Petro
900 1177 937 1222 ac
965 1153 1110 1222 summis
1126 1153 1342 1223 Pontificibus
1355 1153 1425 1222 adi·
1519 1159 1520 1226 ἒ

311 1289 327 1327 a
351 1283 451 1347 mere,
483 1269 579 1354 etque
609 1261 643 1329 iu
666 1261 876 1330 subditorum
897 1260 1152 1353 acceptationem
1177 1269 1208 1328 et
1231 1283 1425 1331 consensum

311 1395 327 1434 a
350 1367 538 1457 transferre,
554 1390 611 1437 seu
627 1369 735 1460 potius
751 1367 791 1436 de
807 1367 917 1437 medio
931 1368 1055 1438 tollere.
1083 1395 1099 1434 o
1519 1441 1520 1450 χ

349 1478 569 1546 Aucoueuruu
592 1477 632 1545 Π.
648 1516 692 1531 -
712 1480 768 1546 Ea:
793 1477 1016 1572 applicatione
1036 1475 1266 1569 definitionum
1290 1477 1327 1545 in
1352 1500 1427 1548 σοπ-

306 1587 405 1656 ciliis.
424 1586 628 1654 oecumenicis
657 1586 834 1656 editorum.
859 1625 903 1638 -
932 1585 1088 1656 Vidimus
1117 1608 1217 1677 supra
1249 1588 1374 1678 (capite
1404 1611 1424 1668 r,

305 1695 443 1763 articulo
461 1693 492 1784 3)
508 1694 682 1764 concilium
698 1693 1096 1785 Constantinopolitanum
1106 1693 1257 1786 generale
1268 1693 1361 1782 VIII,
1375 1717 1419 1762 re·
1517 1690 1522 1799 ξ

305 1803 441 1894 probare
455 1824 522 1870 non
537 1802 764 1870 consentientes
777 1801 858 1870 Secti
870 1802 1072 1894 Apostolicre.
1096 1800 1161 1870 Sed
1177 1802 1333 1893 Episcopi
1348 1825 1428 1871 con—
1520 1874 1523 1887 ,

304 1909 470 1978 tendentes
494 1908 557 1977 sibi
577 1917 759 2002 competere
778 1908 833 2002 jus
856 1932 921 1978 non
938 1908 1124 2002 acceptandi
1147 1910 1255 1999 legem
1279 1909 1425 2001 aliquam
1521 1959 1523 2008 p

303 2017 610 2111 pontificiem‚dum
624 2041 777 2087 summus
783 2018 936 2087 Pontifex
948 2017 1126 2088 declararet
1137 2039 1192 2086 eos
1201 2016 1242 2086 ad
1255 2027 1427 2110 acceptari·
1522 2013 1523 2088 l

304 2126 381 2195 dam
399 2137 430 2197 et
450 2125 646 2196 servandam
662 2125 813 2216 obligari,
826 2125 972 2218 prolecto
987 2146 1054 2194 non
1070 2133 1175 2193 essent
1196 2127 1427 2195 comentientes
1520 2111 1524 2192 l

304 2236 385 2305 Sedi
399 2236 611 2328 Apostolicm·
626 2257 704 2325 ergo
716 2234 934 2326 reprobantur
946 2235 989 2303 ab
1000 2241 1114 2304 octava
1125 2234 1270 2325 generali
1284 2235 1424 2326 synodo.

304 2347 465 2415 Praetereo
487 2342 603 2414 eadem
626 2341 769 2434 synodus
795 2343 930 2434 agnovit
944 2343 1043 2434 Papae
1059 2342 1227 2412 exclusive
1241 2353 1427 2436 competere

299 2457 354 2547 jus
379 2453 585 2547 dispensandi
607 2454 642 2520 in
666 2452 866 2540 canonibus,
902 2475 960 2522 seu
983 2445 1071 2542 leges
1094 2451 1246 2522 Ecclesiae
1272 2452 1426 2546 discipli-

304 2586 398 2632 nares
423 2562 616 2634 relaxandi:
636 2563 692 2633 scd
712 2563 740 2631 si
758 2570 888 2654 possent
908 2560 1060 2653 Episcopi
1082 2561 1172 2652 leges
1195 2561 1428 2631 ecclesiasticas

303 2673 428 2761 integre
456 2673 602 2765 rejicere,
632 2681 765 2765 possent
794 2695 814 2740 a
844 2671 971 2740 fortiori
997 2670 1070 2738 illas
1095 2692 1161 2740 non
1186 2671 1248 2740 nisi
1272 2693 1351 2740 cum
1371 2696 1427 2742 re-

302 2781 485 2869 laxatione,
523 2783 556 2850 id
591 2790 655 2870 est,
686 2804 728 2850 ex
764 2789 855 2872 parte
893 2787 1078 2873 eccepture;
1111 2789 1143 2848 ct
1171 2789 1208 2850 ut
1237 2781 1326 2872 leges
1358 2805 1426 2852 non

302 2888 484 2978 obligarent
508 2889 573 2956 nisi
598 2911 675 2958 cum
694 2889 894 2957 relaxatione
918 2911 985 2957 non
1012 2887 1200 2978 indigerent
1227 2911 1366 2960 recursu
1385 2891 1426 2960 ad

302 3021 474 3068 summum
510 2998 715 3068 Pontificem.
758 2999 871 3067 Posset
905 2997 1066 3066 nimirum
1107 2998 1246 3090 quilibet
1284 2999 1426 3093 Episco-

301 3129 364 3198 pus
389 3105 495 3175 dioere
521 3134 527 3174 :
554 3106 651 3174 istam
681 3105 788 3197 legem
819 3127 879 3196 pro
907 3128 980 3173 mea
1009 3103 1141 3174 dicecesi
1169 3128 1230 3195 ego
1255 3105 1326 3196 jam
1356 3131 1426 3177 nou
1527 3135 1528 3142 ³

301 3224 442 3307 accepto,
464 3215 516 3284 vel
543 3237 610 3282 non
629 3223 759 3307 accepto
782 3215 845 3282 nisi
871 3236 946 3282 cum
969 3214 1024 3282 tali
1050 3212 1304 3290 modificatione.
1334 3217 1425 3309 Ergo

302 3347 378 3392 cum
403 3347 469 3392 uon
494 3325 620 3416 possint
638 3323 791 3416 Episcopi
816 3322 1004 3416 dispensare
1030 3324 1063 3391 in
1092 3324 1273 3394 canonibus
1295 3347 1355 3394 nec
1369 3349 1426 3396 eos

301 3433 462 3522 relaxare,
479 3457 498 3501 a
523 3432 650 3502 fortiori
666 3442 832 3526 nequeunt
846 3435 918 3504 vim
934 3433 1016 3524 legis
1037 3434 1240 3526 pontificiam
1256 3457 1315 3526 per
1339 3458 1426 3506 nou-

300 3541 554 3632 acceptationem
568 3540 708 3610 irritare.
1425 3557 1429 3566 “

344 3650 427 3716 Item
451 3649 626 3717 concilium
650 3650 801 3740 generale
826 3651 1045 3718 Lateranense
1067 3649 1115 3719 IV
1142 3648 1285 3718 declaret
1298 3651 1426 3720 Roma-

301 3779 380 3825 nam
400 3755 578 3826 Ecclesiam
602 3779 644 3826 ex
658 3755 861 3826 institutione
880 3755 993 3826 divina
1007 3755 1127 3825 habere
1139 3757 1312 3848 potestatis
1328 3758 1426 3828 ordi-

302 3863 405 3931 naries
431 3886 528 3956 super
546 3885 655 3933 omnes
679 3863 764 3932 olias
773 3863 1016 3956 principatum,
1041 3870 1072 3931 et
1086 3862 1179 3931 illam
1195 3886 1263 3932 esse
1279 3877 1425 3935 matrem

302 3982 333 4037 et
355 3971 552 4062 mcqistrom
574 3970 809 4040 universorum
830 3970 952 4040 Christi
969 3969 1129 4039 fidelium.
1157 3969 1221 4040 Sed
1239 3975 1314 4042 dato
1333 3975 1424 4066 quod

301 4077 452 4170 Episcopi
479 4077 605 4168 possint
625 4078 714 4168 leges
726 4079 888 4148 Romanae
904 4077 998 4146 Sedis
1013 4101 1081 4147 non
1103 4087 1282 4171 acceptare,
1298 4081 1422 4152 falsum

303 4184 379 4270 erit,
399 4184 476 4253 huic
499 4185 574 4254 Sedi
598 4194 782 4277 competere
800 4197 999 4278 potestatem
1025 4185 1254 4269 ordinariam·
1279 4198 1423 4280 potestas
