3048 4954
543 507 626 554 runis
648 506 798 554 canonici.
1188 485 1224 548 71

115 677 133 716 ι
158 659 208 720 est
222 671 313 720 mere
327 647 531 741 temporalis,
546 647 625 740 quia
643 654 765 741 spectat
779 647 887 716 solum
901 647 1063 740 justitiam
1079 645 1230 738 legalem,

119 787 137 824 ι
162 758 305 849 qrrietem
328 756 519 850 reipublicae
540 754 767 849 temporalem,
784 763 816 824 et
831 755 1018 824 felicitatem
1034 754 1228 824 naturalem.

117 895 136 932 ι
159 867 244 936 Hinc
261 865 362 935 etiam
377 874 426 934 est
444 865 531 958 quod
547 865 643 957 plura
656 863 821 956 principia
833 871 865 931 et
881 861 1010 954 regulas
1025 863 1131 954 ajune
1144 862 1234 931 civili

118 1005 136 1040 a
165 975 276 1061 iactas,
293 997 432 1044 canones
446 972 595 1042 Ecclesiae
619 971 670 1040 vel
691 972 858 1063 corrigant
883 970 935 1040 vel
949 993 1015 1042 non
1030 969 1205 1040 admittant
1225 999 1233 1040 ι

119 1110 138 1148 ι
163 1081 209 1152 nti
223 1089 313 1169 snnt,
329 1081 450 1174 primo,
467 1103 541 1172 quse
558 1079 656 1148 rebus
671 1078 723 1148 vel
743 1078 891 1171 personis
906 1078 1128 1150 ecclesiasticis
1142 1101 1234 1172 prn-

120 1217 138 1256 ι
157 1189 320 1281 judicium
335 1188 458 1258 iaciunt
474 1216 534 1268 ...;
557 1186 713 1275 secundo,
730 1209 805 1279 quae
832 1194 979 1257 statuunt
993 1186 1117 1282 aliquid
1140 1195 1232 1285 motu

120 1327 138 1364 ι
162 1297 296 1392 proprio
319 1305 412 1366 etex
437 1319 472 1366 se
490 1298 530 1367 ds
553 1295 700 1390 personis
723 1303 780 1364 ant
806 1296 903 1364 rebus
926 1295 1093 1385 Ecclesiae‚
1109 1295 1183 1366 licet
1197 1295 1231 1364 id

120 1435 138 1471 ι
163 1406 382 1476 Enclcsiarnm
397 1403 657 1476 commodumst
677 1404 825 1474 levorem
841 1403 991 1496 respiciat
1000 1431 1009 1494 3
1032 1405 1142 1494 tertio,
1157 1427 1232 1498 qum

119 1545 138 1581 r
162 1515 343 1586 decernunt
356 1513 480 1607 aliquid
497 1515 532 1582 in
547 1512 684 1582 materia
703 1535 792 1580 mere
806 1511 980 1604 spirituali,
997 1513 1141 1606 exempli
1156 1535 1235 1605 gra-

119 1651 135 1689 «
163 1623 219 1711 tia,
243 1625 325 1713 voti,
346 1623 539 1716 juramenti,
563 1629 858 1708 sacramentorum,
886 1629 967 1709 etc.;
998 1629 1126 1713 quarto,
1156 1645 1230 1715 quae

119 1761 138 1799 ι
162 1742 240 1802 sunt
263 1732 358 1802 bonis
380 1731 527 1802 moribus
540 1729 749 1800 adversantia
765 1736 797 1797 et
818 1727 940 1822 absqm
963 1737 1093 1822 peccato
1114 1733 1232 1825 exequi

120 1869 139 1908 ι
162 1842 328 1914 nonlicet.

168 1977 186 2015 a
208 1951 344 2019 Interim
358 1957 469 2020 tamen
482 1950 582 2018 etiam
597 1971 677 2018 snus
693 1948 799 2018 honor
812 1969 870 2043 per
886 1948 941 2039 jus
956 1949 1150 2018 canonicum
1170 1957 1232 2020 stat

120 2088 138 2124 ι
163 2059 294 2150 legibus
321 2059 483 2145 civilibus,
506 2059 627 2152 quippe
655 2080 736 2150 quas
765 2059 799 2127 in
827 2057 1013 2127 subsidium
1042 2081 1129 2152 saepe
1151 2062 1233 2130 sacri

121 2197 138 2233 a
165 2189 303 2236 canonm
316 2177 446 2254 vocant,
472 2188 537 2236 uon
551 2174 680 2236 tantum
706 2175 743 2236 nt
758 2165 1022 2254 ancillantur...,
1050 2168 1107 2237 ssd
1133 2169 1230 2238 etiam

120 2304 138 2342 ι
165 2285 200 2344 ut
214 2275 395 2344 sanctiones
405 2275 569 2344 canonicas
577 2275 664 2367 juris
675 2273 780 2344 civilis
791 2273 966 2343 subtilitate
975 2273 1230 2362 decorentur...;

120 2413 138 2450 ι
162 2385 232 2453 imo
248 2384 350 2454 multa
363 2383 560 2453 Pontificum
577 2382 705 2451 decreta
719 2405 760 2452 ex
777 2381 904 2474 legibus
917 2382 1070 2452 civilibus
1089 2406 1170 2477 pena
1191 2386 1232 2456 nd

121 2492 304 2562 «verbum
335 2493 507 2584 desumpta
543 2500 646 2581 sunt5
679 2490 814 2584 ideoque
844 2489 932 2581 leges
959 2491 1070 2560 civiles
1097 2492 1131 2560 in
1160 2493 1233 2562 loro

120 2633 138 2670 ι
165 2604 266 2672 etiam
296 2603 508 2672 ecclesiastico
537 2601 755 2696 recipientem
786 2609 883 2694 atque
911 2601 1009 2670 etiam
1031 2601 1177 2694 obligant
1197 2605 1232 2673 in

121 2739 139 2777 a
165 2711 370 2800 conscientia,
400 2711 427 2778 si
448 2711 544 2803 justae
566 2711 641 2798 sint,
665 2724 696 2778 et
714 2727 813 2778 saorae
835 2707 1026 2801 Scripturas,
1055 2711 1233 2781 canonibus

121 2847 139 2885 ι
164 2826 198 2886 et
217 2817 310 2888 honis
334 2819 482 2888 moribus
501 2839 566 2886 non
587 2825 779 2910 repugnent.
797 2843 814 2878 r
851 2816 995 2906 (Dissert.
1013 2819 1229 2909 prooemialis,

115 2928 137 3019 ᾖ
154 2931 187 3009 7,
205 2946 237 2993 ιι.
257 2928 320 2994 233
335 2935 366 2994 et
381 2924 462 3018 seq.)

184 3194 225 3244 rn.
237 3205 272 3245 ιιι
283 3205 401 3246 mearat
412 3205 574 3256 rurorncrn,
588 3205 620 3246 ar
636 3206 670 3246 rr
686 3205 893 3246 anomoeorum
907 3205 1013 3248 mnam
1028 3207 1171 3250 mronrsra

470 3287 659 3328 rnarmrnnns
675 3288 714 3328 sir
730 3288 875 3330 ranonoco.

169 3481 276 3552 «Etsi
300 3483 387 3574 J'uris
408 3483 555 3552 canonici
586 3505 707 3572 magna
734 3484 775 3552 sit
804 3482 945 3575 dignitas
971 3493 1003 3554 et
1026 3487 1230 3574 excellentia,

123 3619 140 3656 a
167 3589 374 3683 multumque
390 3599 522 3684 praestet
533 3591 602 3682 juri
624 3591 728 3677 civili,
751 3613 816 3662 non
831 3601 942 3662 tamen
962 3602 1010 3662 est
1023 3595 1234 3666 excellentius

124 3726 141 3765 c
164 3721 256 3768 sacra
272 3697 433 3790 theologia
451 3723 457 3764 :
476 3700 522 3768 ita
548 3699 733 3770 communis
755 3701 813 3790 (1).
832 3727 848 3766 n
879 3701 942 3770 Vel
963 3702 1053 3771 enim
1073 3703 1235 3794 theologia

119 3807 345 3876 consideratur
358 3815 520 3900 quatenus
535 3805 706 3878 includens
731 3819 890 3900 tanquam
917 3817 1043 3900 partam
1068 3811 1235 3903 jurispru-

120 3917 270 3984 dentinm
285 3916 490 4004 eanonicam,
514 3915 565 3984 val
582 3925 741 4007 qnatenus
763 3918 804 3986 ab
825 3939 863 3986 aa
881 3917 1075 3988 discernitur
1096 3928 1127 3988 ot
1140 3943 1235 4012 sepa-

121 4033 225 4092 ratur.
244 4024 280 4094 Si
294 4024 398 4116 prius,
415 4023 596 4096 absurdum
616 4031 665 4092 est
680 4023 801 4113 dicere,
818 4033 944 4118 partem
961 4027 1150 4098 nobiliorem
1166 4053 1235 4100 essa

154 4247 186 4310 tt)
200 4243 373 4310 neidcnstnel,
387 4245 547 4310 proemium,
562 4247 578 4312 5
592 4250 615 4311 t,
628 4259 654 4295 n.
672 4249 709 4298 tr.
