3022 4950
284 495 322 557 30
635 507 810 570 rescimus
833 507 871 554 mr
893 507 1048 556 rsmurus

282 668 384 723 totam
391 675 487 745 posse
503 653 610 721 molto
623 664 709 720 certo
724 652 922 742 dignoscere,
939 675 1007 722 non
1022 660 1071 722 est
1085 675 1178 724 error
1191 681 1201 741 ;
1216 652 1272 722 sed
1284 676 1302 722 e
1314 676 1397 724 cou-

281 773 331 832 tra
351 771 399 831 est
420 761 568 832 doctriua
589 783 680 850 vera,
702 769 734 830 et
757 768 794 829 ut
810 761 883 830 talis
900 763 1118 832 communiter
1138 763 1229 832 omni
1252 769 1398 855 tempore

280 881 418 967 recepta.

324 982 578 1054 Rationalismus
598 989 719 1069 eutem,
738 988 835 1071 prout
849 981 1006 1072 exprimit
1021 989 1164 1073 systema
1184 980 1397 1074 philosopho·

279 1114 355 1161 rum
381 1089 635 1196 acatholicorum
655 1087 765 1157 ultimi
789 1086 914 1174 saeculi,
939 1111 1005 1180 quo
1027 1089 1213 1158 asserebant
1228 1090 1399 1158 hominem

281 1227 345 1272 non
369 1201 482 1272 dobere
493 1213 665 1291 tanquam
680 1221 773 1268 veros
788 1197 963 1267 admittere
985 1199 1051 1268 nisi
1057 1200 1299 1292 propositiones
1312 1223 1399 1292 qoo-

280 1336 355 1382 rum
370 1312 450 1404 epse,
462 1333 523 1403 per
536 1332 632 1378 suom
654 1305 859 1397 intelligendi
875 1307 956 1390 vim,
977 1308 1142 1400 percipiat
1156 1309 1328 1377 veritatem
1344 1310 1399 1376 in-

282 1421 465 1501 trinsecam,
483 1427 532 1487 est
545 1439 637 1486 error
660 1415 874 1486 subversivus
890 1415 979 1504 fidei,
996 1417 1063 1486 imo
1075 1426 1109 1484 et
1122 1417 1241 1486 rationi
1254 1417 1399 1486 naturali

281 1529 478 1599 contrarius.

324 1639 435 1707 Primo
450 1634 584 1729 quidem
598 1633 757 1705 subvertit
772 1641 804 1702 et
819 1631 955 1725 impedit
970 1631 1068 1702 fidem
1084 1634 1173 1702 illam
1195 1643 1397 1726 supernatu-

280 1747 381 1818 ralem
401 1743 442 1812 ad
464 1765 563 1836 quam
581 1765 624 1810 ex
647 1741 798 1830 dogmate
818 1739 975 1810 catholico
997 1740 1149 1810 homiues
1174 1749 1338 1830 tenentur,
1365 1751 1398 1812 et

280 1877 354 1948 quse
369 1852 447 1944 ipsis
462 1874 504 1920 ex
520 1849 625 1939 gratia
641 1871 699 1918 scu
712 1849 838 1916 actione
856 1847 968 1916 diviua
983 1849 1146 1940 possibilis
1161 1860 1192 1918 et
1214 1849 1318 1920 facilis
1333 1859 1395 1920 cst.

278 1966 363 2034 Nam
381 1961 461 2029 dum
483 1957 640 2046 Ecclesia,
663 1956 756 2025 verbi
774 1956 891 2045 grstia,
918 1956 1070 2026 fidelihus
1092 1958 1242 2049 explicite
1258 1958 1397 2028 creden-

279 2075 337 2142 das
351 2069 495 2163 injungit
509 2068 568 2136 hus
584 2067 833 2159 propositiones,
851 2070 949 2147 Doro,
966 2089 1051 2136 unus
1069 2081 1204 2150 notura,
1223 2069 1329 2136 trinos
1349 2083 1396 2137 est
1472 2133 1473 2138 ,

276 2180 449 2275 personas:
470 2177 619 2247 Christus
644 2188 690 2244 cst
711 2175 814 2244 dmul
832 2178 919 2244 Dens
939 2187 970 2244 et
992 2177 1102 2264 homo,
1126 2185 1159 2245 et
1182 2179 1261 2246 alias
1279 2177 1396 2269 hujus-

282 2291 392 2378 modi,
423 2289 519 2380 juxta
547 2284 778 2377 praedictorum
811 2283 1081 2377 philosophorum
1112 2296 1276 2378 systema,
1308 2287 1396 2356 licite
1499 2321 1500 2370 3

279 2409 385 2494 posset
400 2397 537 2490 quilibet
550 2393 756 2464 Christianus
779 2415 834 2461 eas
852 2400 889 2461 ut
908 2401 996 2462 certo
1017 2416 1113 2463 veras
1127 2417 1192 2463 non
1208 2393 1393 2485 admittere,

278 2509 380 2579 donec
393 2506 462 2596 ipse
477 2503 645 2572 intrinsece
660 2501 839 2592 perciperet
852 2502 1016 2591 quomodo
1033 2512 1098 2570 tres
1109 2525 1257 2596 personas
1271 2503 1394 2574 divinae

278 2618 312 2685 iu
327 2637 428 2685 unam
444 2621 610 2696 naturam,
627 2618 659 2678 ct
680 2610 755 2678 duae
778 2619 903 2679 naturae
917 2610 1039 2679 Christi
1053 2611 1089 2680 in
1102 2635 1203 2680 unam
1219 2634 1393 2704 personam
1498 2629 1499 2674 3

276 2730 401 2793 cocant.
430 2719 534 2788 Porro
560 2716 684 2786 nedum
704 2717 791 2784 licite
814 2718 939 2809 possint
963 2718 1141 2788 Christiani
1162 2721 1209 2788 its
1226 2743 1335 2810 agere,
1357 2722 1393 2788 in
1498 2698 1499 2720 ¹

276 2830 510 2902 teterrimume
525 2835 638 2896 contra
655 2825 812 2894 labuntur
827 2825 988 2897 haereseos
1008 2836 1040 2896 et
1060 2827 1258 2897 infidelitatis
1275 2852 1393 2921 pccca-

275 2954 360 3028 tum,
388 2941 496 3008 stetim
523 2959 560 3005 ac
583 2935 623 3004 de
649 2935 768 3004 talibus
794 2935 835 3004 ab
863 2935 1006 3005 Ecclesia
1030 2935 1172 3005 definitis
1187 2937 1339 3006 dubitant
1360 2947 1392 3007 et
1497 3003 1498 3006 ,

276 3050 429 3121 assentire
448 3053 603 3116 renuunt.
634 3043 710 3113 Ideo
733 3052 842 3112 eutem
864 3052 1009 3134 peccant,
1034 3045 1124 3135 quia,
1149 3045 1230 3114 dum
1248 3046 1318 3114 haec
1342 3048 1391 3114 eis
1497 3051 1498 3069 ³

277 3157 438 3231 credenda
452 3162 693 3248 proponuntur,
710 3161 829 3244 praesto
852 3163 900 3221 est
919 3154 978 3221 Dei
998 3155 1173 3244 auxilium,
1196 3164 1231 3222 ut
1257 3177 1316 3248 per
1335 3178 1391 3224 su-

276 3265 516 3363 pernaturalem
541 3285 577 3330 ae
601 3262 712 3353 aliquo
734 3283 832 3342 sensu
857 3259 1079 3330 theandricam
1107 3263 1152 3354 (id
1175 3271 1223 3331 est
1237 3263 1390 3333 divinum
1496 3317 1497 3342 ,

276 3377 376 3447 simul
398 3384 430 3444 et
456 3369 650 3459 humanum)
677 3368 752 3436 fidei
775 3377 896 3455 aetum,
914 3369 1009 3460 plene
1031 3371 1220 3457 assentiant,
1241 3371 1317 3440 litet
1332 3371 1388 3439 iu·
1496 3355 1497 3374 ¹

275 3489 447 3556 triuseeam
467 3481 515 3549 rei
532 3479 700 3547 veritatem
723 3501 781 3568 per
803 3478 915 3547 lumen
938 3479 1085 3548 naturale
1105 3501 1172 3548 non
1194 3479 1387 3572 percipiant.

274 3594 369 3666 Unde
404 3587 587 3658 istiusmodi
617 3586 859 3654 rationalismus
890 3587 1032 3678 (qualem
1060 3586 1262 3676 intelligebat
1286 3587 1388 3656 lean—
1495 3603 1496 3630 ³

274 3706 412 3795 lacques
435 3700 604 3768 Rousscau
628 3695 737 3764 etalii
760 3695 860 3787 hujus
888 3697 1042 3786 temporis
1067 3695 1388 3788 pseudophilosophi)

275 3810 405 3882 veritati
418 3805 583 3877 catholice
608 3825 743 3898 prorsus
763 3815 936 3896 repugnat,
954 3811 1065 3896 estque
1081 3805 1220 3896 proinde
1240 3813 1276 3874 ut
1289 3806 1389 3897 pestis

275 3919 480 4014 rejiciendus.
1494 3901 1495 3942 l

320 4027 469 4098 Secundo
496 4032 657 4114 repugnet
681 4023 778 4090 etism
801 4030 898 4091 recrae
916 4025 1045 4102 rationi.
1073 4025 1178 4094 Multa
1200 4024 1287 4094 enim
1302 4033 1390 4094 certo

276 4143 426 4235 cognosci
444 4149 580 4233 possunt
603 4160 692 4223 vera,
715 4145 746 4204 et
766 4144 803 4204 ut
823 4136 900 4204 telis
923 4136 1052 4206 admitti
1070 4136 1200 4222 dehent,
1223 4138 1303 4228 quin
1329 4158 1388 4204 va-

226 4243 230 4252 ’
273 4253 337 4324 leat
370 4249 550 4319 intellectus
577 4268 689 4315 eorum
726 4243 933 4312 intrinsecam
961 4245 1130 4313 veritatem
1161 4245 1384 4336 introspicere.
1493 4237 1494 4291 l
