3022 4950
506 497 588 544 noers
611 499 762 547 canonici.
1151 487 1187 552 21

82 639 163 732 quod
179 639 408 732 promulgatur
423 661 481 710 seu
495 641 665 710 innotescit
681 669 688 720 ς
718 649 750 710 et
770 641 831 710 hoo
851 642 960 712 latiori
975 667 1072 714 sensu
1088 647 1192 738 potuit

83 751 224 842 l'asqnez
246 750 354 841 legem
375 749 558 820 naturalem
584 771 701 820 vorare
723 749 828 842 ipsam
850 753 1020 822 essentiam
1037 763 1105 823 tum
1119 756 1191 844 Dei,

81 865 148 925 tum
163 857 317 947 bominis,
335 865 404 926 tum
420 858 568 950 ipsorum
584 857 804 928 humanorum
821 868 971 948 actuum5
992 861 1075 931 sicut
1090 873 1120 932 et
1135 887 1191 956 pa·

80 965 164 1033 troni
185 965 352 1036 sententiae
373 988 451 1036 mox
467 965 684 1060 exponenda,
706 987 764 1058 per
777 967 883 1057 legem
899 969 1081 1038 naturalem
1097 971 1195 1040 intel-

79 1073 177 1162 ligere
191 1081 369 1167 potuerunt
390 1073 504 1142 lumen
530 1073 680 1144 naturale
697 1073 833 1144 rationis
848 1074 1014 1165 humanae,
1033 1101 1091 1170 per
1105 1081 1192 1172 quod

78 1182 130 1272 jus
143 1181 291 1252 naturale
305 1181 496 1251 hominibus
509 1181 682 1251 innotescit
696 1190 728 1250 et
743 1182 985 1274 quodammodo
1000 1188 1196 1279 promulga-

82 1301 141 1359 tur.
158 1291 255 1362 Unde
269 1291 304 1360 in
320 1313 359 1360 eo
370 1313 496 1361 errasse
510 1291 642 1362 videtur
656 1292 820 1385 vasquez,
836 1295 926 1386 quod
941 1295 1022 1386 legis
1036 1299 1195 1368 naturalis

81 1399 327 1470 fundamentum
344 1423 404 1492 pro
418 1401 490 1493 ipsa
503 1400 646 1470 naturali
661 1400 733 1491 lege
748 1403 915 1494 acceperit.

122 1514 152 1577 3.
181 1509 300 1578 Plures
322 1509 465 1600 theologi
490 1531 566 1578 cum
583 1508 737 1578 Suarezio
752 1509 859 1600 legem
878 1512 1058 1582 naturalem
1083 1513 1195 1586 dieunt

81 1641 144 1688 esse
172 1617 318 1688 inclitum
339 1641 359 1686 a
381 1624 509 1686 naturae
540 1623 672 1686 auctore
695 1617 762 1686 Deo
784 1617 879 1686 nobis
903 1619 1014 1688 lumen
1041 1623 1192 1711 rationis,

80 1733 172 1818 atque
199 1723 363 1796 dictamen
386 1747 453 1818 quo
473 1722 647 1792 honestum
665 1721 881 1794 discernimus
895 1726 937 1794 ab
957 1725 1141 1818 inhonesto,
1163 1741 1194 1800 et

79 1835 263 1925 judicamus
277 1834 341 1903 alia
356 1855 425 1902 esse
440 1831 580 1922 agenda,
595 1831 659 1900 alia
672 1854 751 1901 vero
765 1832 909 1902 vitanda.
928 1834 992 1904 Sed
1008 1837 1092 1908 sicut
1105 1839 1195 1910 Vas-

82 1929 158 2036 quez
172 1944 259 2036 juris
270 1943 428 2014 naturalis
443 1943 695 2012 fundamentum
711 1965 770 2036 pro
785 1943 857 2035 ipso
867 1943 942 2036 jure
956 1948 1088 2040 accepit,
1106 1950 1197 2020 itaet

81 2053 129 2122 isti
142 2053 294 2124 eamdem
309 2053 493 2122 naturalem
508 2052 615 2142 legem
631 2073 708 2120 cum
723 2051 826 2144 ipsius
841 2053 1102 2146 promulgatione
1117 2082 1198 2129 con-

82 2162 201 2232 fudisse
224 2162 392 2232 videntur.
416 2161 499 2232 Nam
529 2183 588 2254 per
610 2161 723 2230 lumen
747 2161 896 2230 naturale
919 2164 1055 2234 rationis
1077 2175 1196 2238 nostrae

82 2293 143 2340 non
172 2271 210 2340 fit
230 2269 355 2365 aliquid
379 2271 520 2341 vetitum
547 2268 600 2340 vel
622 2269 818 2360 injunctum,
838 2271 963 2340 bonum
979 2274 1031 2343 vel
1047 2277 1196 2358 malum;

21 2463 22 2468 ἵ
81 2381 131 2450 sed
157 2378 246 2472 quod
268 2381 337 2472 jam
364 2387 477 2450 estex
502 2378 680 2448 sebonum
707 2378 760 2446 vel
782 2378 919 2466 malum,
941 2381 1126 2473 injunctum
1146 2387 1198 2455 vel
1264 2414 1267 2423 ’

81 2487 293 2579 prohibitum,
311 2487 468 2578 *agnoscit
492 2485 674 2555 intellectus
695 2493 816 2555 noster.
843 2486 939 2556 Unde
960 2488 1015 2558 lex
1038 2494 1196 2562 naturalis

80 2607 124 2666 est
145 2601 213 2691 jam
239 2599 425 2684 constituta,
450 2595 582 2690 quando
606 2594 741 2664 rationis
762 2595 876 2664 lumen
892 2597 982 2666 illam
995 2599 1090 2669 nobis
1104 2623 1196 2672 reve-

82 2707 141 2793 lat3
169 2729 248 2797 ergo
273 2707 359 2776 istud
386 2707 498 2774 lumen
521 2704 669 2775 naturale
696 2704 883 2773 nullatenus
906 2705 972 2776 dici
998 2717 1101 2800 potest
1128 2735 1197 2782 esse

84 2816 253 2906 ipsammet
273 2816 391 2905 legem.
420 2814 584 2884 Praeterea
601 2814 654 2884 lex
671 2813 782 2882 stricto
797 2835 893 2882 sensu
908 2825 1039 2906 sumpta
1051 2818 1197 2911 implicat

83 2931 186 2992 actum
203 2921 393 3008 voluntatis,
419 2947 485 3014 quo
506 2922 628 3014 aliquis
649 2921 800 3014 superior
819 2922 976 3012 quosdam
998 2931 1089 2993 aetus
1112 2937 1198 2997 vetat

84 3040 134 3098 aut
154 3031 318 3124 praeoipit5
347 3031 437 3123 atqui
466 3030 579 3098 lumen
602 3031 737 3098 rationis
762 3030 929 3118 humanae,
955 3039 1132 3130 respective
1156 3041 1196 3109 ad

84 3138 261 3228 hominem,
279 3163 344 3208 non
359 3147 406 3208 est
421 3141 571 3232 superior
589 3138 714 3230 aliquid
730 3139 792 3231 ipsi
811 3149 923 3210 vetans
937 3153 994 3212 aut
1015 3145 1195 3240 imperans;

85 3250 134 3317 sed
160 3257 287 3320 tantum
314 3272 373 3340 per
397 3247 480 3318 illud
508 3249 655 3317 naturale
676 3249 787 3317 lumen
817 3248 915 3318 bomo
939 3265 1100 3348 praecepta
1129 3281 1196 3328 esse

84 3358 229 3448 quaedam
261 3365 317 3426 aut
342 3357 442 3426 vetita
463 3355 610 3446 agnoscit
637 3364 670 3423 et
692 3357 781 3424 intus
803 3366 966 3428 monetur.
996 3362 1091 3432 Unde
1116 3366 1199 3435 sicut

85 3468 218 3536 nuntius
231 3465 288 3559 qui
304 3487 364 3535 nos
379 3463 532 3534 certiores
552 3464 670 3533 faceret
692 3464 733 3533 de
747 3464 813 3534 lata
833 3465 904 3556 lege
926 3467 1036 3560 aliqua
1058 3495 1077 3540 a
1099 3476 1197 3565 prin-

85 3575 163 3667 cipe,
181 3573 316 3644 minime
339 3571 403 3641 diei
417 3581 524 3664 posset
541 3571 708 3660 legislator
728 3581 785 3640 aut
804 3573 872 3660 lex,
899 3573 944 3644 ita
967 3598 1072 3669 neque
1086 3581 1197 3651 lumen

84 3684 226 3770 rationis,
245 3704 312 3775 quo
325 3681 381 3773 jus
393 3679 542 3750 naturale
555 3679 790 3770 dignoscimus.

126 3799 158 3862 l.
187 3793 247 3864 Jus
271 3790 419 3860 naturale
443 3789 619 3882 dupliciter
642 3789 785 3879 intelligi
809 3797 913 3881 potest
930 3819 938 3859 :
957 3793 1010 3861 rel
1037 3806 1198 3888 quatenns

21 3933 22 3938 ¹
84 3901 240 3971 abstrahit
257 3901 298 3969 ab
317 3901 408 3968 omni
429 3905 502 3968 actu
517 3898 694 3990 superioris
714 3897 840 3991 aliquid
862 3903 1044 3991 statuentis,
1065 3915 1097 3976 et
1110 3908 1200 3978 desi-

86 4019 160 4099 gnat
184 4015 312 4078 tantum
335 4006 562 4097 obligationes,
586 4028 661 4098 qnae
685 4028 725 4073 ex
747 4005 817 4098 ipsa
831 4029 940 4076 rerum
956 4019 1074 4082 natura
1088 4017 1201 4085 oriun-

87 4129 138 4188 tur
158 4129 191 4188 et
214 4118 383 4187 bominem
405 4116 522 4208 ligant,
545 4116 599 4184 vel
619 4123 781 4208 quatenus
804 4115 953 4208 designat
975 4121 1071 4190 etiam
1092 4135 1199 4198 actum

89 4226 301 4316 legislativum
328 4224 519 4318 superioris,
545 4223 674 4294 easdem
697 4224 909 4315 obligationes
929 4226 1117 4302 hominibus
1143 4258 1201 4308 sua
