3048 4954
557 507 640 555 11111
662 508 813 554 11111111.
1205 485 1243 552 03

172 675 190 713 a
211 645 350 718 Easdem
366 647 451 716 vices
467 647 612 716 subierat
626 647 870 737 Pigneroliense
888 643 1067 736 capitulum
1081 673 1090 731 ;
1106 667 1246 737 cumque

128 784 147 822 a
171 757 351 849 Episcopus
362 757 546 826 animarum
559 779 685 844 curam,
697 779 772 848 quae
788 755 921 847 pacifice
934 763 1007 823 ante
1021 778 1145 824 annum
1164 760 1247 826 1803

130 864 213 932 ade
227 865 359 956 capituli
383 864 458 954 jure
481 872 672 956 patronatus
698 865 816 950 luerat,
843 865 1070 956 praepositurae
1095 874 1250 956 perpetuo

128 973 342 1056 «univisset,
368 973 516 1041 canonici
546 973 723 1040 tuebantur
754 972 920 1062 integrum
949 995 1045 1040 snum
1071 971 1126 1063 jus
1153 975 1249 1040 etiam

130 1108 147 1145 a
172 1091 244 1173 post
256 1082 411 1149 unionem
428 1087 592 1172 peractam
607 1080 813 1148 remansisse.
832 1079 1003 1171 Proposito
1017 1080 1119 1169 igitur
1131 1080 1247 1150 dubio:

131 1215 148 1252 a
173 1190 223 1256 Aa
239 1201 362 1256 constet
376 1187 416 1256 de
426 1199 588 1280 perpetua
603 1188 736 1270 unione,
754 1189 804 1256 ita
819 1199 855 1256 ut
867 1190 976 1278 sactus
989 1187 1032 1256 sit
1047 1189 1135 1256 locro
1148 1211 1251 1258 cessa-

131 1323 148 1360 «
174 1295 257 1362 tioni
279 1296 475 1386 capitularis
498 1295 735 1364 nominationis
748 1295 783 1362 in
797 1317 898 1376 casu;
916 1295 1017 1363 Sacra
1033 1294 1253 1386 Congregatio

132 1431 149 1468 a
173 1403 226 1470 die
244 1407 283 1470 11
296 1403 369 1492 julii
384 1407 468 1470 1815
483 1402 651 1496 respondit
666 1431 673 1471 :
691 1403 898 1496 Affirmative
912 1403 947 1470 in
962 1402 1152 1472 omnibus.»
1173 1405 1251 1474 llaec

128 1519 303 1603 postquam
327 1511 596 1580 commemoravit
621 1508 729 1578 Sacra
749 1509 1022 1600 Congregationis
1046 1511 1249 1597 secretarius

128 1620 269 1688 dubium
285 1620 393 1712 quoad
414 1629 615 1713 praetensum
628 1621 684 1712 jus
699 1620 832 1711 capituli
847 1621 1006 1688 Niciensis
1020 1621 1172 1712 proponit
1192 1621 1252 1689 hoc

130 1729 230 1799 modo
248 1758 255 1798 :
273 1733 324 1799 Aa
348 1744 379 1798 et
393 1730 557 1822 quomodo
566 1731 731 1822 parocbia
755 1733 793 1797 S.
814 1734 990 1822 Reparata
1000 1731 1249 1822 111νὶ1111111-

131 1853 185 1908 tus
200 1840 340 1931 capituli
355 1839 553 1909 cathedralis
572 1838 680 1906 adbuc
703 1839 845 1907 chauria
868 1839 923 1918 sit,
949 1861 1004 1906 scu
1013 1838 1128 1930 potins
1144 1839 1251 1908 libera

129 1949 316 2018 collationis
340 1950 497 2042 Episcopi
517 1952 609 2040 sacta
634 1948 760 2040 [1111111
783 1948 990 2038 Responsum
1005 1957 1052 2016 est
1069 1975 1076 2016 ε
1096 1950 1254 2038 Ncqctioe

130 2056 179 2125 ad
190 2058 339 2148 primam
348 2071 495 2148 partem,
512 2057 716 2148 affimativa
738 2053 785 2124 ad
798 2054 986 2122 secundam.
1008 2055 1103 2144 (Vide
1119 2079 1251 2126 causam

130 2167 218 2234 haue
232 2167 268 2234 in
283 2167 450 2234 Thesauro
467 2164 614 2248 resolut.,
633 2173 721 2232 tomo
735 2163 815 2232 anni
833 2166 931 2246 1817,
948 2185 1022 2253 pag.
1044 2163 1110 2254 12.)

178 2275 214 2341 ln
239 2297 337 2343 causa
364 2271 582 2342 Derthonensi
612 2276 651 2339 12
677 2270 869 2363 septembris
894 2274 991 2358 1819,
1017 2273 1254 2343 contendebant

131 2385 281 2454 canonici
304 2383 439 2473 antiqua
458 2405 517 2450 sua
530 2381 607 2471 jura
630 2381 852 2471 suppressioni
865 2388 897 2447 et
909 2381 1098 2449 extinctioni
1114 2383 1254 2451 [tertbe-

133 2492 244 2560 nensis
260 2491 402 2558 ecclesie
417 2499 448 2557 et
463 2488 598 2581 capituli
617 2510 675 2579 per
690 2487 789 2555 Pium
803 2487 878 2570 Vll,
894 2510 982 2554 anno
998 2491 1082 2556 1803
1099 2499 1251 2579 peracta,

133 2599 357 2692 supervixisse
384 2609 416 2667 et
441 2599 481 2666 ad
506 2599 635 2667 noviter
656 2606 801 2668 erectum
826 2607 937 2691 postea
960 2598 1141 2690 capitulum
1164 2609 1253 2670 tran-

12 2767 14 2799 ,
134 2710 242 2796 siisse3
263 2709 343 2777 illud
361 2710 470 2800 ipsum
492 2716 631 2797 negante
646 2709 816 2798 Episcopo.
836 2707 917 2776 llem
935 2709 980 2776 sic
996 2709 1134 2800 exponit
1152 2733 1252 2779 sacrm

134 2820 406 2911 Congregationis
438 2818 575 2887 Consilii
614 2819 806 2886 secretarius
841 2819 885 2910 (in
921 2817 1090 2888 Thesauro
1119 2821 1251 2890 resolui.

135 2939 225 2998 tomo
239 2928 318 2997 anni
337 2932 434 3014 1829,
452 2949 526 3019 pag.
551 2927 622 3016 106)
642 2951 649 2990 :
671 2955 687 2992 u
703 2927 839 2995 Ineunte
854 2927 975 2995 saeclo
989 2949 1046 2996 xrx
1062 2928 1103 2995 ab
1117 2927 1254 2997 adverso

140 3037 260 3122 «lato,
286 3035 373 3128 quod
403 3034 444 3105 oh
465 3035 646 3104 teterrimas
671 3035 771 3125 hujus
794 3035 856 3102 arvi
879 3035 1076 3104 calamitates
1103 3035 1253 3127 plurimae¹

141 3173 157 3209 a
180 3145 389 3214 ecclesiarum
418 3141 581 3212 cathedra
604 3153 680 3212 sunt
699 3153 857 3234 experta,
879 3142 967 3211 band
982 3145 1138 3212 immunis
1153 3147 1258 3214 evasit

143 3281 159 3320 c
181 3253 416 3322 Derthonensis
438 3253 581 3320 ecclesia.
607 3253 785 3320 Enimvero
806 3253 890 3320 inter
906 3251 998 3320 sedes
1013 3254 1211 3345 episcopales
1226 3265 1258 3322 et

143 3391 159 3429 c
182 3363 472 3455 archiepiscopales
485 3385 567 3455 quas
581 3363 660 3430 Pius
673 3363 748 3450 Vll,
771 3363 888 3431 litteris
901 3362 1044 3430 calendis
1056 3363 1142 3454 junii
1158 3368 1255 3452 1803,

145 3500 160 3534 u
184 3480 220 3539 nt
235 3473 388 3561 graviora
404 3494 479 3563 quae
500 3470 651 3538 Ecclesia
668 3468 899 3560 impendebant
924 3470 1105 3540 vitarentur
1124 3471 1256 3560 damna,

145 3606 160 3642 n
183 3578 433 3672 supprimendas
454 3579 563 3667 duxit,
588 3577 823 3646 Dertbonensis
845 3600 975 3668 qnoque
995 3578 1099 3664 sedes,
1122 3579 1258 3670 ejusque

116 3765 121 3774 ¹
145 3713 161 3752 a
184 3687 378 3756 cathedralis
396 3686 540 3756 ecclesiae
561 3684 741 3778 capitulum
768 3685 1032 3754 recensebantur.
1053 3686 1163 3753 Rebus
1181 3697 1259 3754 tan-

147 3825 162 3863 a
185 3796 259 3866 dem
286 3797 489 3888 compositis,
514 3795 601 3864 idem
630 3795 783 3864 Pontifex
812 3795 927 3862 litteris
955 3798 993 3861 16
1022 3795 1259 3866 1111111111-

146 3933 162 3970 «
184 3907 272 3996 gusti
298 3909 382 3974 1817
410 3903 513 3991 datis,
538 3927 614 3973 cum
643 3913 797 3994 cataras,
821 3913 891 3972 tum
920 3905 1017 3972 etiam
1047 3915 1260 3976 memoratam

147 4043 162 4080 a
184 4014 361 4084 Derthonaa
376 4013 486 4081 sedem
511 4012 619 4081 denuo
641 4013 757 4098 erexit,
777 4013 1028 4106 facultatemque
1049 4014 1165 4084 tribuit
1180 4018 1261 4087 uni-

146 4154 163 4192 «
187 4126 302 4218 cviqve
314 4147 353 4193 ea
366 4124 494 4192 noviter
509 4124 620 4191 erectis
636 4124 791 4214 capitulis
805 4123 1059 4207 cathedralibus,
1077 4139 1115 4192 at
1133 4138 1260 4196 statuta
1377 4111 1382 4124 ¹

148 4255 415 4330 «piarumque,
448 4233 540 4300 licita
576 4245 606 4300 et
644 4232 799 4314 honesta,
832 4233 995 4324 sucusque
1024 4237 1202 4306 canonibus
1233 4248 1263 4308 ct
