3064 4952
338 475 400 543 180
691 494 867 542 mscrsms
890 495 928 542 or
950 496 1106 544 rnmcmrs

339 634 546 726 «Episcopis
567 632 749 725 gallicanis,
772 659 873 728 quam
895 638 1034 707 aliarum
1059 637 1319 730 provinciarum,
1344 645 1458 704 conus

337 769 355 808 e
378 742 647 811 consuetudinem
668 751 825 831 reterens,
852 744 948 813 liceat
968 745 1039 812 siue
1062 743 1126 812 viri
1147 743 1456 834 venerabilisPapae

334 877 351 913 s
379 850 471 918 urbis
484 858 617 920 ntemae
635 854 825 922 auctoritate
840 862 975 924 tentare.
992 851 1057 922 Sed
1080 853 1143 922 hoc
1159 853 1225 921 illis
1238 851 1456 942 omnibusque

338 986 355 1022 e
377 980 438 1049 pro
453 958 525 1050 lege
538 960 591 1047 sit,
609 959 773 1053 quidquid
793 962 902 1031 sanxit
916 962 970 1031 vel
984 962 1130 1030 sanxerit
1150 961 1348 1052 Apostolioae
1365 958 1457 1028 Sedis

336 1095 355 1132 c
377 1069 592 1138 auctoritas»
622 1069 743 1160 (Editio
769 1071 1010 1141 Ballerinorum
1027 1082 1053 1140 t.
1076 1072 1108 1159 1,
1138 1093 1171 1162 p.
1200 1073 1283 1157 642,
1310 1069 1457 1162 Operum

206 1205 212 1214 ·
332 1177 435 1246 sanes
448 1177 567 1248 monn
582 1178 719 1270 ungu).

377 1287 472 1354 Aorno
495 1289 570 1354 567.
592 1325 638 1340 -
659 1287 797 1357 Consilii
820 1289 1011 1358 Turonensis
1033 1289 1270 1358 testimonium.
1293 1326 1339 1341 -
1359 1287 1458 1357 Post—

332 1417 433 1487 quam
458 1417 582 1465 canone
609 1400 651 1464 2⁰
673 1396 783 1466 retulit
812 1406 931 1466 statuta
957 1397 1112 1492 quredam
1141 1397 1322 1468 innocentii
1353 1396 1382 1482 1,
1413 1397 1457 1466 sic

332 1503 522 1572 concludit:
550 1530 568 1570 e
591 1503 673 1586 Quis
699 1502 905 1574 sacerdotum
936 1515 1049 1575 contra
1078 1505 1206 1574 decreta
1232 1503 1312 1572 talis
1341 1525 1458 1596 quasa

332 1609 417 1678 Sede
431 1610 616 1701 Apostolica
630 1622 869 1702 processerunt,
886 1634 983 1703 agere
995 1615 1197 1705 praesumntt
1259 1611 1301 1680 Et
1312 1633 1455 1702 qnorum

331 1729 506 1789 auctorum
520 1720 629 1791 valere
644 1722 747 1812 possit
761 1723 959 1814 pradicatio,
979 1723 1042 1790 nisi
1058 1747 1141 1815 quos
1156 1721 1257 1791 Sedes
1270 1721 1458 1813 Apostolica

332 1850 462 1919 semper
479 1837 536 1896 sut
556 1828 745 1916 intromisit,
768 1838 824 1900 aut
844 1831 1050 1923 apocryphos
1069 1830 1156 1918 tecit,
1173 1837 1205 1897 et
1226 1830 1339 1899 Patres
1355 1830 1457 1898 nostri

331 1933 394 2003 hoc
418 1957 548 2027 semper
573 1934 820 2025 custodierunt,
840 1937 928 2030 quod
942 1961 1059 2007 eorum
1082 1937 1237 2030 praecepit
1256 1937 1456 2007 auctoritas?

332 2041 398 2110 Nos
412 2064 491 2131 ergo
505 2041 567 2111 hoc
582 2054 774 2136 sequenm,
792 2045 880 2138 quod
889 2045 943 2114 vel
957 2044 1133 2137 Apostolus
1146 2045 1283 2132 Paulus,
1302 2046 1356 2114 vel
1369 2045 1457 2136 Papa

333 2151 540 2220 innocentius
562 2152 687 2241 statuit,
712 2154 747 2221 in
772 2154 952 2223 canonibus
976 2154 1096 2223 nostris
1119 2155 1309 2242 inserentes,
1335 2162 1457 2222 stutue-

336 2291 423 2354 mus,
440 2277 531 2337 eto...
557 2294 574 2332 s
598 2269 762 2361 (Collectio
777 2271 892 2340 concil.
909 2270 1027 2358 Mansi,
1046 2279 1070 2338 t.
1088 2270 1147 2357 IX,
1164 2293 1197 2362 p.
1217 2273 1307 2358 998.)

378 2379 473 2446 Anno
497 2381 574 2444 787.
593 2417 638 2432 -
652 2379 803 2470 Pelagius
823 2381 851 2448 ΙΙ
865 2380 955 2472 Papa
966 2381 1112 2448 decrevit
1125 2389 1162 2448 ut
1177 2378 1371 2448 subdiaconi
1384 2385 1457 2447 aute

333 2484 571 2554 ordinationem
605 2489 735 2556 uxorati
761 2487 804 2557 sd
835 2488 1032 2558 servandam
1065 2488 1298 2558 continentiam
1329 2488 1458 2578 obliga-

333 2605 461 2678 rentur,
478 2603 516 2663 ut
530 2603 666 2662 testatur
680 2605 811 2665 moetus
825 2596 1005 2687 Gregorius
1018 2597 1157 2686 Magnus
1175 2595 1269 2686 (libro
1278 2595 1324 2664 111
1336 2595 1456 2686 Epist,

333 2701 468 2792 epistola
483 2706 523 2769 ³4
542 2702 660 2771 veteris
674 2704 853 2793 editionis).
872 2704 919 2772 De
934 2727 1001 2798 quo
1015 2705 1124 2796 etipse
1136 2712 1267 2772 sauctus
1278 2703 1459 2793 Gregorius

333 2806 474 2898 Magnus
495 2810 542 2877 ita
559 2811 698 2879 statuit:
722 2839 737 2876 s
761 2812 792 2878 A
812 2813 965 2903 prasenti
983 2811 1035 2882 die
1055 2811 1223 2904 Episcopis
1236 2812 1393 2880 omnibus
1408 2812 1458 2880 di-

337 2943 355 2980 s
378 2924 485 3002 catur,
517 2924 555 2986 ut
582 2917 712 2985 nullum
738 2917 976 2990 subdiaconum
1006 2921 1111 2990 iacere
1140 2929 1361 3012 praesument,
1394 2923 1456 2988 nisi

337 3049 355 3088 e
378 3023 436 3114 qni
456 3046 491 3091 se
509 3025 677 3094 victurum
697 3034 782 3094 caste
809 3029 996 3118 promiserit
1019 3054 1037 3093 »
1063 3027 1149 3119 (Lib.
1175 3029 1189 3094 l
1213 3026 1455 3118 Epistolarum,

334 3129 428 3222 epist.
448 3133 516 3220 42).

378 3239 416 3305 ln
455 3240 667 3331 sequentibus
701 3243 830 3310 seculis
865 3243 945 3312 adeo
979 3242 1148 3313 mundam
1182 3243 1386 3330 testimonia,
1425 3253 1460 3312 ot

334 3369 614 3438 supervacaneum
640 3370 775 3440 prorsus
795 3362 878 3420 esset
896 3351 954 3420 illa
974 3360 1133 3421 retexere.
1158 3350 1240 3420 Tota
1255 3350 1358 3420 moles
1371 3351 1459 3421 Cor-

334 3456 425 3546 poris
436 3454 520 3546 juris
540 3456 686 3525 canonici
700 3455 785 3546 ¹hanc
800 3459 932 3548 praxim
948 3467 1103 3539 testetur;
1119 3465 1151 3528 et
1169 3457 1243 3528 ideo
1261 3459 1296 3525 in
1311 3459 1459 3551 quinque

335 3562 500 3654 prioribus
533 3571 661 3631 tantum
689 3563 820 3633 saeculis
844 3565 1142 3636 demonstrandum
1171 3564 1331 3634 duximus
1362 3564 1458 3635 diets

334 3669 525 3760 legislativas
540 3673 705 3762 potestatis
719 3674 926 3744 exercitium.

380 3779 453 3848 Non
469 3803 580 3871 parvas
600 3782 800 3851 auctoritatis
815 3793 864 3854 est
877 3783 964 3876 spud
980 3783 1127 3854 eruditos
1142 3784 1278 3853 historia
1290 3783 1460 3854 Romano-

300 3875 301 3880 *
335 3911 412 3956 rum
437 3887 636 3958 Pontificum
657 3892 719 3960 sub
738 3894 872 3963 nomine
900 3895 993 3963 Libri
1010 3894 1215 3987 pontificalis
1238 3903 1326 3965 uota.
1351 3895 1458 3978 Quam

335 3997 363 4065 si
382 3997 474 4067 odire
489 3998 643 4088 velimus,
661 4000 742 4070 alios
763 4012 884 4094 prester
900 4012 1099 4073 memoratos
1114 4003 1316 4096 reperiemus
1331 4003 1458 4072 Roma-

337 4127 397 4173 nos
426 4106 611 4194 Pontifices,
643 4108 702 4199 qui
730 4109 765 4177 in
792 4112 1015 4181 remotissima
1048 4109 1241 4204 antiquitate
1267 4117 1457 4202 potestatem

333 4212 551 4312 legislativum
578 4225 806 4286 exercuerunt.
834 4219 898 4288 Eos
918 4221 963 4289 sic
983 4221 1127 4291 breviter
1151 4227 1295 4288 recenset
1317 4219 1456 4288 Joannes
