3048 4954
545 499 627 542 runis
650 499 801 542 existimer.
1173 475 1230 540 tot

114 645 244 728 pernota
257 637 301 704 sit
316 649 412 728 prout
428 647 559 705 enarrat
572 635 713 706 dieriunr
728 637 749 706 ῑ
753 638 828 705 Ami
846 637 885 705 de
897 640 930 706 la
946 639 1095 728 reliqion.
1114 639 1236 707 Habuit

115 745 236 835 quippe
250 767 320 835 prae
337 744 487 813 munibus
503 743 696 812 documento
709 745 906 829 authentice,
924 745 996 814 iicet
1010 769 1051 812 ex
1064 745 1237 836 prudentie

27 897 28 900 π
116 857 241 926 siluerit
265 881 285 924 a
308 879 374 948 quo
396 865 428 924 et
449 857 614 948 quomodo
641 857 703 948 ipsi
728 857 922 926 documenta
942 857 1011 925 haee
1031 857 1235 926 commodate

27 951 28 1022 Ῐ
117 965 192 1032 siut.
208 967 373 1034 Caeterum
389 965 430 1034 ud
447 966 596 1034 archivio
609 965 784 1034 ministerii
798 965 949 1034 lectorem
966 987 1031 1034 non
1048 966 1235 1050 remisisset,

117 1074 178 1140 nisi
194 1073 228 1140 in
245 1073 307 1140 hoe
321 1073 468 1142 archivio
484 1081 595 1142 estere
611 1071 697 1141 dieta
712 1073 905 1142 documento
923 1073 1018 1164 plane
1032 1082 1235 1166 compertum

26 1169 28 1248 ἶ
116 1181 294 1252 habuisset.

661 1373 704 1440 V.

113 1569 245 1630 Fortunio,
259 1581 337 1633 quum
350 1567 430 1618 edidit
445 1573 471 1617 et
483 1569 619 1618 reditatum
638 1569 747 1618 asseruit
760 1566 870 1617 diarium
890 1568 914 1618 te
926 1569 1066 1628 Moniteur,
1082 1569 1186 1618 diverse
1202 1571 1242 1617 est

145 1659 179 1708 eb
201 1659 246 1708 iiie
265 1673 342 1722 quem
358 1672 450 1708 revere
462 1658 581 1708 recitavit
598 1657 740 1708 cardinatis
752 1659 862 1722 negatus
870 1673 878 1720 ;
893 1662 917 1707 et
932 1658 959 1708 in
973 1657 1024 1708 hue
1039 1657 1184 1722 posteriore
1197 1657 1241 1706 de-

146 1753 207 1798 sunt
218 1747 300 1798 verbe
311 1748 368 1800 hmo
384 1763 391 1798 z
403 1750 431 1798 de
444 1763 475 1798 ue
486 1747 622 1811 dee-operat
633 1761 664 1797 eu
676 1760 775 1798 oucutte
791 1747 905 1798 muniere
925 1763 978 1798 uun
991 1746 1085 1808 dvorte,
1100 1747 1203 1798 onom
1215 1749 1240 1796 et

144 1837 286 1904 perstrepe:
299 1838 331 1886 de
345 1825 454 1903 I’tiplr'se
464 1838 603 1902 pellicere.

161 2056 187 2122 1.
205 2056 365 2123 Formuln
379 2056 503 2122 inserta
519 2055 553 2121 io
567 2051 675 2121 diario
691 2051 720 2118 le
731 2051 906 2118 Moniteur.
916 2077 985 2115 -o
1000 2051 1239 2144 Jean-Bnptiste

121 2163 324 2260 «Capramp
348 2162 514 2248 Cardinnl,
537 2161 643 2253 pretre
667 2157 707 2226 de
733 2141 867 2248 l'Eglise
895 2159 1067 2244 Romaim,
1089 2160 1190 2248 Legat
1218 2181 1240 2227 o

26 2255 27 2260 ¹
122 2271 264 2338 uiatore
290 2270 336 2338 du
365 2269 572 2358 Saint-Siege
602 2267 803 2359 apostolique
835 2269 953 2357 auprds
985 2265 1025 2334 de
1056 2267 1238 2358 Nepoleon-

122 2403 138 2443 r
161 2379 357 2470 Bonnperte,
373 2378 516 2470 premier
541 2376 654 2444 consul
671 2375 710 2442 de
724 2375 755 2444 lo
781 2373 987 2464 Republiqne
1002 2373 1041 2440 de
1056 2373 1192 2459 Frenee,
1210 2381 1240 2440 et

25 2499 26 2502 ’
124 2513 139 2549 u
161 2489 280 2578 suprius
295 2485 335 2554 de
351 2485 382 2554 la
397 2487 506 2553 nation
521 2484 695 2569 trunonise;
714 2483 762 2550 les
781 2482 885 2550 meins
903 2503 961 2547 sur
977 2503 1029 2548 rna
1043 2480 1193 2571 poitrine,
1208 2481 1240 2571 je

123 2595 235 2686 «jure
261 2603 293 2662 et
320 2601 462 2684 promets
488 2614 545 2659 sur
574 2613 626 2658 mn
657 2590 766 2683 parole
791 2589 831 2658 de
853 2588 1006 2658 Cardinal
1032 2597 1063 2655 et
1090 2611 1146 2656 sur
1174 2612 1240 2655 mes

25 2793 26 2796 Ἴ
125 2701 276 2770 «ordros
305 2701 424 2786 sacres,
455 2722 497 2768 uu
526 2699 665 2792 premier
694 2695 805 2766 consul
834 2696 874 2764 de
904 2695 936 2762 ln
966 2695 1171 2787 Republique
1200 2696 1240 2763 de

25 2799 26 2882 J
125 2837 141 2875 r
162 2811 299 2896 Frenee,
317 2833 381 2901 que
393 2810 425 2900 je
441 2810 639 2879 n’exercerei
661 2831 727 2876 mes
742 2807 904 2875 fonctions
915 2805 956 2874 de
975 2805 1077 2895 Legat
1088 2812 1119 2872 et
1134 2825 1197 2898 que
1209 2805 1241 2896 je

25 2903 26 2908 ¹
123 2946 139 2985 o
163 2919 304 2988 n'userai
321 2921 377 2988 des
393 2919 526 2987 faeultds
541 2918 599 3008 qni
617 2915 717 2984 m'ont
743 2917 793 2984 ete
815 2915 985 2984 necordees
1008 2935 1067 3006 per
1083 2913 1113 2980 le
1129 2911 1241 2982 Saint-

125 3053 141 3092 1
164 3026 260 3117 Siege
275 3028 444 3119 epr'nutunt
464 3025 504 3092 de
527 3033 630 3115 temps
646 3047 709 3116 qne
733 3023 765 3112 je
785 3023 869 3089 serni
896 3023 977 3090 dens
992 3021 1024 3088 la
1038 3020 1242 3113 Republiqne

125 3159 141 3200 e
163 3143 195 3203 et
211 3135 292 3226 qu'il
308 3134 411 3224 plairn
426 3155 468 3201 au
484 3132 627 3224 premier
642 3131 775 3216 oonsnl;
796 3130 835 3197 de
857 3137 941 3197 sorte
958 3127 1150 3220 qu’nussitdt
1163 3129 1243 3219 qu'il

125 3267 140 3306 u
166 3241 291 3310 m’nnra
304 3239 414 3308 notifie
424 3263 459 3306 sn
471 3239 615 3324 nolonte,
624 3237 657 3329 je
670 3237 836 3328 deposersi
852 3235 1092 3326 sur-le-ehamp
1106 3243 1137 3302 et
1147 3235 1243 3302 d'une

125 3376 141 3412 o
166 3351 310 3417 mani‘ere
334 3347 543 3434 eonvenoble,
560 3370 601 3416 en
625 3369 675 3415 ses
696 3345 813 3431 moins,
831 3345 860 3412 le
883 3345 957 3412 titre
973 3353 1003 3411 et
1019 3343 1065 3411 los
1081 3343 1183 3412 droits
1203 3342 1242 3410 de

126 3459 278 3548 «Legat.

171 3594 187 3630 u
211 3567 258 3634 De
274 3565 360 3656 plus,
378 3565 509 3656 lorsque
533 3587 587 3633 me
610 3565 750 3653 legation
772 3585 843 3631 sem
869 3561 957 3648 finie,
980 3562 1012 3652 je
1036 3561 1199 3630 remettrei
1226 3565 1244 3629 ὲ

126 3701 142 3738 u
166 3673 249 3743 celui
265 3674 322 3764 qni
339 3695 390 3742 me
406 3695 477 3741 seru
492 3673 625 3762 designo
641 3695 700 3764 pnr
715 3672 745 3739 le
760 3671 901 3762 premier
926 3669 1040 3738 consul
1065 3669 1104 3737 de
1126 3670 1158 3736 ln
1179 3669 1245 3738 tte-

127 3810 143 3848 α
166 3783 323 3874 publique
337 3781 376 3849 de
390 3781 526 3864 Franco,
548 3781 594 3848 les
615 3781 771 3872 registres
794 3785 969 3847 contenent
996 3785 1069 3846 tous
1088 3777 1135 3845 les
1159 3785 1245 3845 netes

128 3913 228 3981 oque
242 3889 359 3980 j'aurni
386 3889 472 3974 faits,
498 3897 530 3956 et
552 3911 669 3956 encore
693 3909 757 3980 qne
781 3885 993 3978 j'observerni
1015 3886 1062 3953 les
1086 3885 1243 3954 eonstitu-

129 4025 144 4060 ι
167 3999 263 4083 tions,
278 3999 325 4064 les
342 3995 415 4083 lois,
431 3995 478 4064 ies
494 4003 609 4064 stetuts
622 4003 654 4064 et
668 3996 715 4064 les
730 4017 846 4085 usnges
871 3993 911 4063 do
933 3995 965 4062 ln
979 3993 1196 4086 Repubiique,
1214 4003 1245 4062 et

131 4133 147 4169 «
169 4131 230 4198 que
244 4108 277 4199 je
294 4129 334 4176 ne
349 4105 518 4194 derogerui
535 4127 573 4172 en
589 4127 715 4174 aucune
730 4105 875 4173 muniere
897 4109 915 4172 d
937 4103 1097 4171 l'nutoritd
1121 4112 1152 4170 et
1172 4107 1190 4172 d
1215 4105 1244 4170 la

133 4241 149 4276 (ι
168 4214 356 4303 juridiction
372 4213 417 4280 dn
436 4222 692 4302 gouveruement
713 4211 754 4280 de
770 4213 800 4279 le
816 4211 1032 4304 Re'pubiique,
1047 4233 1115 4277 ausc
1129 4209 1242 4292 deuito,
