3042 4946
300 499 360 564 tut
803 523 909 570 mons.

358 663 503 726 propositio
523 662 559 712 ⁴¹.
580 662 725 728 Episcopos
746 675 776 712 eo
796 662 847 713 due
868 663 983 716 cnutus
1007 665 1124 727 instituit,
1144 670 1172 717 nt
1193 666 1337 718 Ecclesium

387 739 461 786 sutm
475 737 610 798 regerent;
630 733 664 785 its
683 737 720 796 ut,
736 735 768 784 de
786 735 846 797 juro
863 734 962 799 divino,
980 735 1100 802 regendis
1118 737 1195 789 veriis
1214 737 1337 790 Ecclesia

388 807 503 872 pertibus
517 806 646 856 ordinarie
660 805 819 871 preficiendi
833 807 887 858 sint
898 807 1020 874 Episcopi
1038 845 1335 861 ........
1368 817 1408 862 tto

356 878 554 942 proposcisent.
572 876 715 942 Episcopos
733 879 843 930 instituit
861 879 989 942 enricus,
1002 885 1030 932 ut
1051 879 1195 932 Ecclesium
1216 886 1336 946 regerent

387 963 435 1014 per
448 947 576 1015 triplicem
596 950 750 1012 poteststcm
761 964 769 998 s
781 949 894 1000 docendi
908 963 1003 1016 nempe
1015 966 1062 1002 seu
1075 952 1230 1018 megisterii,
1241 955 1336 1004 suncti-

388 1021 484 1072 liceudi
497 1033 543 1070 sou
555 1018 704 1080 sacerdotii,
716 1024 742 1069 et
753 1020 915 1084 gubernandi
926 1035 972 1072 ssu
987 1021 1175 1088 jurisdictionis
1204 1058 1211 1072 .
1246 1061 1252 1073 .
1288 1062 1294 1072 .
1328 1059 1334 1074 .
1368 1027 1407 1073 tit

356 1095 498 1160 Propositio
512 1094 549 1143 θ’.
563 1091 740 1144 Eicrcrchinm
760 1106 778 1142 ι
795 1105 823 1144 se
843 1092 997 1155 institutum,
1010 1097 1036 1145 et
1053 1097 1215 1146 constantem
1230 1094 1336 1160 Episco-

387 1168 437 1232 pis‚
452 1166 610 1232 presbyteris
627 1169 653 1215 et
672 1163 806 1226 ministris,
825 1165 967 1229 complevit
987 1167 1104 1218 Christus
1125 1167 1149 1218 ci
1170 1165 1335 1232 preficiendo

387 1241 473 1304 ceput.
490 1250 640 1302 supremum
661 1249 756 1300 nempe
778 1241 906 1301 pestorem
928 1250 978 1288 seu
1001 1238 1179 1302 monarchum,
1199 1251 1335 1290 romonum

386 1309 537 1364 pontificem
539 1342 1333 1362 ....................
1367 1313 1410 1360 tit

292 1433 361 1486 cip.
372 1431 415 1481 111.
430 1427 467 1478 De
478 1435 599 1490 supremo
613 1423 715 1485 pectore
730 1433 776 1470 seu
795 1420 946 1482 moneretis,
959 1433 1038 1484 quern
1055 1419 1169 1473 Curinus
1181 1419 1336 1472 hierarchi„

385 1515 402 1551 e
415 1513 442 1550 se
454 1495 576 1548 institute
589 1495 616 1543 el
625 1491 672 1542 toti
683 1491 809 1542 Ecclesles
823 1491 963 1557 preposuit
997 1529 1334 1542 ,,,,,,,,,
1368 1495 1410 1542 523

356 1589 499 1657 propositio
517 1584 554 1636 1¹.
567 1584 696 1633 Romanus
713 1579 831 1632 pontifex
845 1579 884 1633 est
896 1581 928 1633 de
941 1583 999 1648 jure
1018 1582 1107 1634 divino
1121 1583 1199 1634 totius
1213 1582 1336 1634 uecteeie

385 1664 471 1727 capnt,
483 1653 747 1715 ascensoriorum,
760 1666 820 1703 cum
833 1653 911 1719 plene
921 1655 1046 1719 potestate
1059 1654 1232 1706 universnlcus
1244 1653 1335 1706 Eccle-

385 1737 449 1787 siem
461 1726 594 1795 poscendi,
606 1725 714 1790 regendi
729 1739 759 1776 sc
772 1725 936 1790 gubernandi
954 1761 1334 1776 ..........
1369 1727 1411 1774 tsi

356 1801 547 1871 proposuisse.
566 1801 680 1848 tlomeno
701 1795 819 1848 pontifici
839 1796 952 1848 contulit
971 1795 1087 1848 Christsrs
1103 1797 1209 1862 plenem
1222 1799 1335 1862 poteste-

385 1885 436 1930 tem
454 1869 579 1940 poscendi
597 1868 756 1934 regendique
774 1881 805 1920 ec
819 1868 985 1932 gubernandi
1004 1869 1142 1934 ipsammet
1162 1867 1335 1920 hierarchiam

384 1945 510 2000 divinitus
528 1941 681 2002 institutam,
693 1939 719 1990 id
735 1938 947 2004 est‚Episcopos.
963 1940 1130 2004 presbyteros
1148 1944 1174 1991 et
1192 1939 1333 1990 ministros.
1368 1941 1409 1988 tit

355 2017 499 2086 propositio
514 2015 551 2063 θ’.
564 2011 708 2072 Qunmdem
726 2011 827 2062 ordinis
845 2014 1000 2074 potestetcm
1019 2024 1075 2062 non
1095 2011 1207 2076 subJecit
1219 2010 1336 2063 Christus

382 2085 491 2144 Eumeni
505 2082 637 2136 pontificis
649 2081 765 2142 erhitrio,
777 2081 863 2146 quood
875 2081 1033 2132 soliditatem
1036 2117 1333 2132 ........
1367 2083 1408 2128 ott

354 2158 497 2226 propositio
511 2155 547 2204 δ’.
563 2152 591 2204 ld
610 2157 697 2204 tumen
717 2165 770 2203 non
790 2146 900 2217 i'mpcdlt
920 2151 983 2216 quin
1002 2166 1064 2203 roro
1089 2167 1166 2203 sensu
1186 2153 1264 2216 plenu
1283 2151 1336 2202 dici

384 2231 469 2283 retem
479 2229 506 2278 et
518 2238 609 2276 revere
623 2223 656 2274 sit
669 2223 777 2273 Romani
788 2223 922 2274 pontilicis
934 2227 1047 2287 potestcs
1058 2224 1230 2274 universalem
1243 2224 1335 2274 Eccle-

383 2304 448 2354 sium
461 2295 595 2364 poscendi,
608 2293 716 2360 regendi
735 2307 765 2344 sc
785 2295 949 2359 gubernandi
951 2331 1333 2345 ..........
1367 2295 1409 2342 5st
1501 2327 1502 2346 r

356 2373 493 2440 Propositio
513 2369 550 2420 δ’.
562 2365 683 2428 Quemvis
700 2367 813 2418 voluerit
831 2367 950 2418 Christus
967 2368 1109 2419 Ecclesiem
1129 2382 1201 2419 suem
1219 2367 1251 2418 nb
1273 2367 1333 2432 Epi·

383 2445 470 2511 scopis
483 2441 539 2506 regi
557 2454 588 2491 ec
609 2438 709 2500 doceri,
725 2443 802 2503 etque
821 2440 848 2490 in
868 2439 937 2492 hunc
951 2440 1030 2492 linem
1044 2441 1100 2506 ipse
1123 2453 1168 2490 eos
1182 2438 1333 2496 instituerit.

384 2523 500 2586 ipsorum
513 2519 600 2565 tumen
612 2511 799 2577 jurisdictionis
812 2516 837 2564 et
846 2513 988 2579 magisterii
1000 2515 1124 2578 potestas,
1136 2515 1191 2564 tots
1203 2509 1334 2577 dependet

383 2607 399 2643 c
420 2591 536 2640 Romano
557 2583 680 2636 pontifice
690 2599 699 2647 ;
720 2585 755 2635 its
778 2589 815 2648 ut,
834 2585 964 2639 abnuente
986 2587 1064 2650 prpe,
1084 2586 1171 2636 nullus
1189 2583 1333 2650 Episcopus

384 2675 441 2714 enm
455 2657 571 2725 legitime
589 2669 712 2708 exercere
726 2657 812 2708 velent
829 2691 1331 2709 .............
1367 2657 1414 2702 525
1500 2691 1501 2700 ,

353 2731 496 2801 Propositio
513 2729 551 2780 θ’.
564 2729 694 2778 Romanus
712 2727 856 2793 Episcopus
877 2731 915 2780 est
933 2729 1063 2794 superior,
1077 2743 1125 2780 rex
1143 2707 1168 2779 et
1184 2727 1261 2792 ceput
1277 2737 1333 2776 om·

382 2808 454 2860 nium
475 2802 584 2854 eliorum
603 2799 803 2866 Episcoporum,
821 2814 875 2852 non
895 2805 996 2852 tuntum
1018 2800 1104 2865 quood
1123 2799 1332 2866 innodictionem

383 2882 409 2930 et
433 2871 618 2960 megisteriunn,
639 2871 685 2922 scd
709 2871 786 2922 etiem
809 2872 895 2936 quom
915 2870 1089 2922 secerdotium
1111 2885 1156 2921 seu
1178 2871 1331 2936 poscentem
1406 2943 1413 2954 ³

354 2947 500 3085 przprwo
508 2981 545 3064 ⁴1¹⁶.
561 2979 690 3066 {lominus
700 2977 873 3065 connexos
887 2979 1016 3080 superior,
1030 2978 1206 3077 rex'et'capur'
1216 2975 1331 3063 oninium
1366 2941 1413 2987 Μ

382 3091 581 3156 Episcoporum‚
592 3085 645 3136 sire
657 3083 770 3148 divisim,
783 3085 837 3137 eive
854 3087 990 3139 collective
1004 3089 1166 3151 sumptorum
1199 3122 1206 3134 .
1242 3121 1247 3132 .
1283 3121 1288 3132 .
1325 3121 1331 3132 .
1368 3085 1413 3130 598

290 3197 360 3248 GAl‘.
382 3191 426 3242 tv.
447 3188 483 3237 De
499 3183 651 3236 hierarchiis
674 3182 820 3248 occlusisti,
839 3185 866 3235 id
890 3189 938 3248 est,
953 3199 1021 3250 quse,
1037 3189 1118 3238 semel
1138 3187 1222 3253 posits
1243 3163 1333 3240 divine

382 3258 475 3312 Chrisu'
490 3255 661 3316 institutione,
677 3269 724 3319 per
740 3255 919 3307 auctoritorem
939 3255 1062 3308 Eeclseiae
1082 3257 1169 3310 evolvi
1183 3261 1332 3324 potuerunt,

382 3335 409 3383 et
423 3329 455 3380 de
470 3329 538 3378 tecto
550 3327 661 3377 evolute
681 3330 741 3377 sunt
743 3362 914 3377 .....
926 3329 929 3342 ·
950 3365 1331 3379 ..........
1366 3333 1412 3378 eso

353 3411 493 3478 pmpcsitio
511 3409 549 3458 1¹.
562 3407 648 3458 Semel
661 3407 744 3473 posits
762 3407 849 3458 divino
864 3409 988 3461 Ecclesiae
1007 3410 1193 3462 constitutione
1214 3412 1332 3476 superins

381 3481 612 3548 descripts,erolvi
624 3478 715 3546 potuit,
726 3485 752 3531 et
761 3479 794 3532 de
807 3478 875 3533 lecto
885 3482 988 3534 evolute
998 3486 1036 3534 est
1046 3483 1195 3535 hierarchis
1205 3484 1331 3549 &eduum

381 3551 579 3622 episcopalium.
621 3587 1330 3605 ..................
1365 3559 1411 3605 5³0

351 3627 495 3694 propositio
507 3625 545 3674 2⁸.
558 3625 623 3674 item
637 3622 723 3674 evolvi
741 3623 835 3689 potuit,
847 3627 872 3674 et
885 3623 918 3674 de
930 3623 997 3677 tscto
1016 3626 1120 3678 evolute
1134 3631 1173 3678 est
1186 3627 1331 3678 hierarchis

381 3696 508 3764 gestuum
524 3691 742 3758 presbyteralium
758 3693 807 3744 suli
819 3693 949 3760 Episcopo
952 3733 1331 3749 ..........
1365 3704 1407 3749 ssi

350 3769 494 3835 propositio
508 3769 545 3817 θ’.
561 3767 626 3817 ltem
638 3763 723 3816 evolvi
735 3765 828 3830 potuit,
842 3765 913 3817 etde
926 3767 994 3819 teoto
1012 3770 1117 3822 evolutu
1135 3773 1174 3820 eet
1186 3769 1332 3821 hierarchis

377 3838 566 3907 jurisdictionis
581 3871 1329 3893 ...................
1364 3847 1406 3892 set
1497 3823 1498 3856 ³

350 3912 494 3979 propositio
508 3909 545 3960 t'.
560 3911 624 3960 ltem
644 3909 728 3959 evolvi
746 3909 840 3973 potuit,
856 3913 882 3960 ct
897 3908 930 3960 de
949 3909 1016 3962 lecto
1039 3913 1143 3964 evolute
1162 3917 1201 3963 est
1219 3912 1331 3978 perticu-

378 3983 440 4035 teris
451 3978 599 4033 hierarchis
608 3979 822 4043 iurisdictionelis
832 3979 987 4032 tomitierum
1000 3980 1202 4047 religiosorum.
1238 4023 1244 4034 .
1279 4021 1285 4033 .
1320 4021 1328 4032 .
1360 3987 1404 4033 stt

350 4052 548 4120 properatost
570 4052 634 4103 ltem
659 4051 744 4102 evolvi
764 4051 857 4117 potuit,
877 4057 902 4103 et
924 4052 956 4102 de
975 4053 1044 4104 tecto
1064 4055 1168 4105 evolute
1189 4056 1228 4106 est
1245 4055 1332 4120 ntique

379 4123 524 4177 hierarchis
534 4121 673 4188 digniutis.
683 4137 728 4172 seu
742 4123 808 4173 meri
819 4122 928 4174 lionoris
946 4126 972 4173 el
982 4123 1165 4188 precedentis
1199 4163 1204 4175 .
1239 4164 1246 4176 .
1281 4165 1287 4176 .
1323 4165 1329 4176 .
1362 4131 1405 4178 53¹·
1496 4163 1497 4200 3

349 4197 491 4263 Propositic
510 4197 548 4245 θ’.
567 4196 634 4246 Item
653 4195 739 4246 evolvi
762 4195 853 4259 potuit,
873 4195 951 4247 etde
973 4200 1040 4247 incto
1062 4197 1165 4248 evolute
1183 4201 1223 4248 est
1245 4197 1331 4263 ntique

379 4266 531 4322 subsidtcrie
542 4265 689 4318 hierarchis
702 4265 803 4318 ordinis
821 4302 1329 4322 .............
1362 4275 1406 4322 scs
1496 4241 1497 4266 ³
