3064 4952
312 539 374 608 lll.
664 561 837 608 raterii-us
862 559 898 606 or
921 561 1074 608 rurserrns

310 702 448 792 alicujus
467 701 608 792 regionis
632 702 784 794 Episcopi
803 702 1020 770 universalem
1035 702 1178 792 aliquam
1200 697 1323 768 summi
1339 696 1430 765 Pon·

309 809 405 878 tiliois
432 809 694 878 constitutionem
724 810 923 879 dioecesanos
953 833 1029 879 suos
1053 808 1157 878 celare
1183 814 1357 894 tentarent,
1374 809 1431 872 ni-

311 917 488 986 hilominus
508 917 543 986 iu
569 939 607 986 ea
630 917 763 1008 regione
777 927 842 987 tam
859 918 1011 1011 perfecte,
1025 919 1092 987 imo
1108 915 1283 1010 aliquando
1298 913 1430 1007 periec-

310 1026 388 1111 tius,
414 1033 600 1094 nosceretur
626 1025 682 1092 illa
695 1026 895 1113 constitutio,
923 1049 1022 1118 quam
1037 1027 1064 1093 si
1079 1026 1191 1094 luisset
1205 1024 1246 1092 ab
1259 1021 1432 1114 Episcopis

310 1133 526 1226 promulgata.

355 1247 387 1310 2¹
405 1244 551 1335 Objcctio
569 1243 731 1336 :Semper
753 1243 848 1314 debet
864 1244 935 1314 lieri
957 1245 991 1312 in
1015 1243 1195 1337 provinciis
1212 1241 1323 1333 aliqua
1342 1239 1433 1308 uoti·

310 1351 417 1420 ficatio
438 1351 641 1439 authentica3
660 1352 716 1421 sed
732 1353 839 1420 omnis
852 1352 1030 1422 notificatio
1044 1351 1244 1438 authentica,
1264 1357 1313 1418 est
1339 1348 1435 1440 ipsa-

311 1469 377 1528 met
403 1459 636 1550 promulgatio;
675 1481 753 1550 ergo
783 1481 911 1552 semper
938 1459 1119 1552 requiritur
1148 1457 1367 1552 promulgatio
1395 1457 1433 1522 in

311 1567 497 1660 provinciis.
524 1566 726 1659 —Semper
753 1566 849 1636 debet
875 1568 948 1636 lieri
979 1567 1155 1637 notificatio
1181 1565 1367 1636 authentica
1395 1565 1434 1631 in

310 1675 487 1768 provinciis
512 1703 520 1742 ι
546 1673 712 1765 distinguo
736 1703 743 1742 :
768 1673 801 1743 id
831 1685 891 1764 est,
924 1676 1037 1746 haberi
1067 1676 1162 1746 debet
1188 1675 1223 1744 in
1252 1673 1435 1767 provinciis
1529 1747 1530 1754 q

310 1784 533 1852 testimouium
567 1781 698 1875 aliquod
736 1792 862 1853 certum
892 1784 933 1853 de
963 1786 1034 1875 lege
1065 1786 1178 1854 Romae
1207 1783 1432 1875 promulgata,

311 1892 450 1962 concedo
479 1892 660 1982 mojorem:
692 1893 724 1961 id
754 1903 814 1980 est,
845 1895 939 1964 debet
965 1895 1036 1964 fieri
1071 1895 1253 1964 auctoritati
1278 1892 1436 1985 Episcopi

310 2002 530 2093 promulgatio
554 2004 684 2096 proprie
710 2004 808 2093 dicta,
836 2027 920 2096 nego
936 2007 1107 2098 majorem.
1125 2005 1226 2097 Atqui
1241 2003 1351 2072 omnis
1366 2025 1435 2070 au-

310 2109 451 2179 thentica
477 2109 652 2181 notificatio
674 2122 722 2182 est
740 2115 878 2206 ipsamet
891 2116 1111 2206 promulgatio
1131 2143 1138 2182 ε
1156 2136 1240 2204 nego
1254 2113 1431 2180 minorem.

311 2217 392 2286 Nam
418 2218 445 2285 si
472 2239 530 2310 per
553 2219 743 2290 circularem
770 2221 950 2314 Episcopus
976 2229 1111 2291 testetur
1136 2230 1261 2290 tantum
1286 2241 1320 2287 se
1338 2241 1436 2286 acce-
1530 2231 1531 2280 1

310 2325 393 2418 pisse
423 2324 518 2393 talem
547 2328 809 2396 constitutionem
835 2327 1046 2420 pontificiam,
1079 2351 1215 2398 monens
1242 2351 1302 2420 per
1328 2327 1435 2394 solam

311 2433 605 2522 promulgationem
630 2435 744 2503 Romae
768 2435 885 2504 iactam
909 2458 1023 2504 omnes
1052 2437 1111 2505 hac
1139 2434 1365 2504 constitutione
1393 2432 1436 2499 li-

312 2539 398 2628 gari,
426 2547 458 2606 et
485 2561 519 2606 se
546 2541 737 2609 circularem
770 2542 897 2610 mittere
923 2543 957 2610 iu
978 2544 1116 2632 gratiam
1137 2564 1251 2612 eorum
1275 2541 1333 2632 qui
1348 2539 1436 2608 forte

311 2651 405 2717 aliter
428 2650 576 2717 notitiam
598 2672 664 2717 non
690 2649 897 2740 recepissent,
913 2649 1082 2717 circularis
1104 2649 1161 2718 illa
1177 2671 1242 2718 non
1256 2657 1340 2717 esset
1354 2669 1436 2738 pro·

312 2757 395 2826 fecto
417 2757 648 2848 promulgatio,
671 2767 703 2826 et
728 2767 811 2826 esset
835 2767 942 2826 tamen
971 2759 1190 2828 testimonium
1211 2757 1376 2826 sufficiens
1391 2755 1434 2824 ad

313 2876 433 2935 certam
458 2866 538 2955 legis
561 2866 790 2956 cognitionem.
820 2867 900 2935 ltem
915 2868 942 2934 si
958 2866 1062 2936 dimin
1079 2867 1222 2937 referant
1236 2889 1354 2936 novam
1369 2863 1436 2934 ali-

313 2997 411 3067 quam
439 2975 562 3044 bullam
587 2974 801 3068 pontificiam,
825 2977 906 3046 sicut
922 2999 1050 3069 semper
1065 2977 1137 3045 fita
1154 2976 1256 3046 multo
1273 2985 1433 3068 tempore,

312 3091 344 3151 et
368 3081 458 3150 nulla
481 3082 607 3151 oriatur
631 3082 671 3150 de
697 3081 943 3154 authenticitate
969 3083 1128 3153 dubitatio
1153 3093 1210 3152 aut
1232 3083 1433 3168 reclamatio,

313 3200 345 3260 et
368 3191 502 3284 quidam
526 3190 565 3261 de
592 3190 690 3278 clero,
707 3191 859 3261 adeundo
871 3193 1068 3285 Episcopum
1082 3192 1136 3262 vel
1150 3193 1325 3279 Nuntium,
1342 3189 1437 3259 didi-

315 3300 418 3370 cerint
443 3323 498 3369 eos
525 3301 681 3392 recepisse
710 3302 911 3393 exemplaria
930 3303 1127 3390 authentica,
1151 3305 1244 3371 etsie
1260 3309 1438 3396 spargatur

314 3407 429 3476 notitia
456 3408 491 3474 in
519 3409 702 3496 universos,
732 3418 763 3476 et
789 3409 843 3478 lex
860 3410 1024 3501 pontificia
1039 3411 1171 3501 incipiat
1186 3410 1220 3477 in
1235 3410 1365 3502 praxim
1382 3431 1438 3476 re-

316 3513 404 3601 duci,
433 3514 525 3584 uulla
550 3515 655 3584 aderit
681 3516 911 3607 promulgatio,
943 3528 975 3586 et
1004 3527 1111 3586 tamen
1134 3518 1196 3586 erit
1210 3517 1438 3586 testimonium

316 3622 469 3692 omnibus
491 3621 655 3691 sufficiens
681 3621 720 3692 de
735 3625 943 3714 promulgato
955 3626 1070 3694 Romae
1085 3625 1212 3695 decreto
1225 3625 1282 3695 illo
1296 3625 1439 3718 pontili-

316 3733 377 3800 cio.
408 3731 497 3820 Ergo
522 3731 655 3800 omuino
679 3731 798 3800 lalsum
823 3741 871 3802 est
882 3734 1135 3802 notificationem
1151 3733 1385 3820 authenticam,
1403 3731 1439 3800 id

316 3850 377 3928 est,
403 3839 616 3908 sufficientem
645 3839 901 3909 testificationem
925 3841 965 3910 de
989 3842 1117 3910 decreto
1129 3841 1239 3933 aliquo
1256 3839 1438 3933 pontificio,

319 3948 390 4018 lieri
416 3971 482 4017 nou
506 3947 655 4040 possein
680 3948 869 4040 provinciis,
898 3950 960 4018 nisi
974 3972 1033 4041 per
1047 3949 1344 4042 promulgationem
1359 3971 1441 4041 spe-

319 4059 445 4127 cialem.

366 4173 397 4235 3·
417 4166 564 4257 objectio
581 4191 591 4232 .·
607 4165 680 4234 Nou
702 4168 881 4258 requiritur
895 4175 1023 4236 tautum
1037 4169 1110 4237 talis
1124 4167 1344 4261 promulgatio
1362 4191 1440 4259 quae

322 4283 471 4370 procuret
496 4283 615 4344 certam
642 4275 789 4343 notitiam
813 4276 853 4343 de
868 4276 951 4364 lege,
972 4276 1028 4344 sed
1041 4277 1176 4367 insuper
1192 4277 1263 4344 talis
1277 4299 1344 4368 quo
1358 4297 1442 4370 pru-
