3048 4954
546 487 628 534 rcnrs
651 487 801 532 circuiet.
1193 463 1229 530 91

116 645 133 685 u
159 621 352 712 perstitisset
372 626 458 715 (1)...
483 625 639 708 Quinimo
660 627 687 696 si
711 650 762 696 res
783 627 925 718 penitius
943 628 1178 714 consideretur,
1198 627 1234 694 in

115 755 134 792 s
157 733 372 802 conventione
395 736 474 803 anni
502 738 600 823 1801,
618 745 704 804 certe
724 721 893 805 Pohtificis
920 733 1012 804 mens
1037 745 1068 804 et
1095 736 1176 804 ratio
1197 757 1235 804 ea

117 866 134 902 e
159 863 227 908 non
244 842 319 929 tuit,
336 853 373 912 nt
388 845 497 913 stricte
513 868 550 914 uo
571 846 701 938 proprie
723 845 887 937 loquendo
909 846 1001 915 sedes
1023 843 1231 939 episcopales,

117 949 302 1040 «capitula
328 959 360 1019 et
382 953 544 1044 parochie
571 954 612 1021 ad
637 953 777 1022 nihilum
806 953 1045 1044 redigerentur.
1076 953 1234 1022 Direxeta

118 1055 250 1124 «enim
278 1057 446 1129 Pontificis
473 1061 624 1130 voluntas
652 1085 671 1130 a
707 1061 886 1152 majoribus
915 1085 990 1152 qum
1020 1059 1234 1129 imminebant

117 1189 134 1228 s
158 1163 313 1234 Ecclesiae
331 1169 437 1254 malis,
454 1191 623 1262 perperam
640 1171 681 1240 ad
697 1193 734 1238 ea
749 1169 998 1262 protenderetur
1013 1192 1088 1262 qum
1104 1176 1234 1260 tempo-

117 1298 135 1336 α
158 1295 237 1340 rum
253 1273 399 1345 absoluta
423 1276 595 1345 necessitas
617 1277 703 1348 haud
727 1277 919 1367 exigebat...
945 1277 994 1346 En
1016 1275 1135 1368 quibus
1156 1297 1233 1343 con-

117 1405 135 1444 «
159 1379 299 1450 cludunt
314 1382 424 1452 omnia
445 1385 578 1476 capituli
597 1386 675 1478 jura
700 1409 737 1452 ac
761 1384 946 1477 privilegiu,
973 1384 1109 1476 ideoque
1135 1381 1233 1451 etiam

118 1515 136 1552 e
158 1489 334 1580 antiquum
355 1490 410 1581 jus
432 1500 634 1583 patronatus,
662 1493 763 1561 veluti
788 1492 930 1584 quodam
951 1491 1140 1584 postliminii
1159 1491 1233 1582 jure

117 1625 135 1663 n
158 1596 203 1666 ed
223 1597 324 1667 vitam
340 1601 485 1688 rediisse,
502 1612 534 1671 et
551 1625 638 1672 nnnc
653 1603 687 1670 in
702 1625 761 1671 suc
778 1603 893 1672 robore
907 1602 1092 1670 consistere.
1109 1626 1126 1664 s

164 1733 184 1772 u
205 1707 284 1776 Haee
297 1709 459 1779 contutari
475 1711 592 1800 sategit
608 1711 800 1803 Episcopus.
822 1712 908 1779 Ante
927 1710 1048 1796 omnia,
1076 1709 1150 1777 licet
1167 1731 1233 1777 non

118 1841 136 1880 n
160 1816 300 1908 deneget
319 1839 358 1887 ea
372 1841 447 1911 qnae
471 1820 533 1889 sub
550 1819 667 1910 gallicu
685 1819 905 1890 dominatione
930 1827 1021 1908 geste
1047 1827 1136 1902 sunt,
1162 1815 1233 1886 ille·

119 1953 136 1988 n
161 1926 280 2015 gitima
299 1938 331 1994 et
354 1927 477 1996 nullius
499 1927 625 1998 roboris
646 1928 819 2013 exstitisse,
836 1935 944 1996 tamen
960 1925 1151 2019 excipienda
1165 1948 1236 1994 mo-

118 2045 219 2104 nnet
242 2058 318 2128 qnae
352 2036 519 2106 Pontificis
549 2037 738 2106 auctoritate
772 2043 892 2104 statuta
922 2043 1018 2121 sunt;
1050 2034 1236 2128 cujusmodi

118 2175 135 2213 n
160 2145 226 2214 fnit
239 2167 327 2213 nova
342 2144 522 2212 Galliarum
538 2143 714 2214 dioecesum
734 2143 990 2234 circumscriptio
1009 2166 1083 2212 cnm
1109 2143 1236 2212 ceteris

117 2285 134 2322 s
160 2256 240 2326 inde
260 2258 452 2328 subsecutis.
479 2258 656 2349 Enimvero
683 2255 877 2327 Pontificem
901 2258 935 2324 in
962 2265 1028 2326 tota
1058 2255 1236 2325 christinus
1311 2235 1317 2252 ’

117 2393 135 2428 n
160 2365 331 2454 republica
345 2365 478 2457 plenum
498 2367 602 2457 juset
624 2366 801 2457 imperium
823 2365 969 2434 obtinere
985 2387 1082 2434 nemo
1095 2363 1234 2434 catholi-

119 2501 136 2536 n
161 2497 221 2541 cus
241 2474 304 2542 ibit
329 2474 496 2544 inficias...
525 2475 624 2545 Nullo
652 2473 747 2542 tirmo
776 2473 990 2542 fundamento
1018 2473 1153 2542 fulcitur
1180 2474 1235 2565 jus

118 2609 136 2646 n
161 2582 251 2672 quod
268 2581 346 2650 dieti
361 2583 509 2652 canonici
523 2581 761 2652 contenderunt
776 2590 963 2650 memoratas
984 2580 1231 2650 nominationis:

12 2723 13 2772 3
120 2719 137 2756 n
162 2714 230 2760 non
246 2691 380 2783 quidem
396 2691 622 2760 reviviscentia
644 2691 773 2784 jurium
791 2690 918 2782 antiqui
940 2689 1084 2781 capituli,
1108 2712 1183 2780 qnae
1199 2699 1235 2758 ut

120 2833 133 2856 ·
162 2798 421 2867 luculentissime
436 2808 615 2868 constater
631 2798 815 2891 apostolicis
828 2797 927 2867 bullis
943 2798 993 2867 Pii
1009 2797 1082 2885 Vll,
1101 2820 1235 2889 prorsus

121 2935 137 2974 n
160 2907 307 2976 extincta
321 2917 397 2975 sunt
408 2909 528 2999 ubsque
544 2907 611 2976 ullo
624 2906 838 2976 successionis
853 2915 1027 2999 praetextu.
1037 2958 1058 2974 ..
1076 2906 1112 2976 Si
1124 2906 1234 2998 pristi-

121 3043 137 3082 n
161 3038 245 3084 num
260 3025 380 3085 statum
404 3015 601 3103 consideres,
617 3015 669 3084 tric
685 3015 815 3107 penitus
831 3014 955 3084 deletus
971 3023 1002 3083 et
1015 3036 1149 3084 eversus
1164 3023 1231 3094 est;

123 3125 294 3195 «sivero
327 3145 447 3192 novam
478 3124 633 3215 respicias
663 3145 774 3192 rerum
805 3123 1037 3209 conditionem,
1069 3123 1234 3192 decretum

123 3233 344 3326 «episcopale
368 3233 446 3300 anni
477 3235 560 3300 1803
587 3233 631 3325 (2)
651 3232 733 3300 nihil
756 3233 866 3302 obesse
891 3241 1004 3324 potest.
1033 3233 1116 3301 Cum
1145 3233 1233 3300 enim

124 3340 344 3410 eluculenter
375 3339 527 3408 Pontifex
558 3341 626 3408 suis
648 3339 764 3408 litteris
792 3331 977 3431 apostolicis
1004 3340 1232 3433 parochiarum

125 3477 141 3514 n
162 3450 384 3542 provisionem
408 3447 520 3517 liberae
541 3447 778 3540 Episcoporum
799 3449 945 3540 potestati
967 3449 1149 3541 reliquerit,
1163 3448 1232 3540 jum

126 3587 140 3622 n
163 3583 227 3628 non
246 3567 317 3626 erat
330 3559 364 3625 in
379 3557 531 3650 Episcopi
555 3557 717 3626 Columna
736 3557 887 3626 facultate
908 3567 1020 3627 contra
1040 3557 1232 3650 explicitum

125 3697 140 3732 r
162 3669 267 3760 ipsius
290 3667 458 3736 Pontificis
482 3672 674 3736 mandatnm
699 3666 826 3752 venire3
856 3664 915 3734 hac
935 3666 1076 3734 enimin
1097 3689 1132 3735 re
1152 3665 1233 3733 nihil

150 4014 181 4074 tt)
200 4011 254 4060 Hoc
271 4010 293 4059 si
315 4025 406 4061 rernm
425 4015 503 4072 esset,
516 4009 566 4062 soll
582 4011 704 4077 Episcopi
722 4012 838 4076 perunte
858 4011 967 4062 ecclesie
987 4011 1019 4062 ab
1038 4025 1106 4061 anno
1120 4015 1178 4062 rsit
1197 4013 1234 4062 lc·

121 4086 1232 4213 pfflmwdmmwmmmmmmmmmmffimm

130 4177 154 4210 rtt
206 4200 212 4210 .

151 4243 182 4301 ,ty
194 4240 292 4304 Nempe
305 4252 356 4304 quo
370 4239 513 4305 Episcopus
527 4241 652 4292 Columna
665 4244 806 4305 agnoverat
816 4241 858 4306 jus
869 4256 885 4293 a
896 4241 1009 4307 cupituto
1023 4244 1188 4308 pretensum.
