3048 4954
322 491 361 554 98
676 509 850 555 rnarrarus
874 511 911 554 na
935 509 1089 556 rnrucrrus

319 648 384 718 Nec
402 646 645 740 mibidubium
669 659 716 716 est
741 651 821 742 quin
847 657 1031 717 constanter
1051 650 1084 716 iu
1108 648 1198 715 bunc
1227 667 1359 713 sensura
1386 643 1444 712 tu-

320 767 393 826 tura
416 755 457 824 sit
481 757 695 826 tribunalium
717 780 928 827 romanorum
956 758 1080 848 praxis.
1111 756 1205 826 Unde
1226 777 1291 823 nou
1312 762 1443 822 tuntum

320 865 432 934 solidis
450 865 643 954 rationibus,
669 863 726 934 sed
750 869 847 936 etiam
865 867 1055 936 auctoritate
1072 867 1141 956 jam
1160 865 1237 932 uixa
1256 862 1334 930 satis
1350 860 1445 929 vide-

320 981 375 1040 tur
390 997 488 1065 quam
506 974 546 1042 de
560 975 720 1045 hodierno
732 976 807 1067 jure
822 977 983 1066 gallicano
997 978 1163 1045 tenuimus
1177 975 1333 1045 doctrina.

368 1087 399 1148 5·
414 1083 498 1150 Hinc
512 1082 625 1152 videre
639 1093 687 1152 est
702 1083 780 1177 quid
797 1085 1003 1154 sentiendum
1020 1085 1061 1152 sit
1076 1084 1115 1152 de
1133 1082 1352 1176 quorumdam
1369 1101 1446 1172 sys-

319 1201 454 1279 temate,
477 1193 533 1284 qui
555 1193 749 1286 perdurasse
777 1194 883 1284 prisca
905 1194 1113 1262 ecclesiarum
1138 1191 1326 1284 privilegia,
1349 1190 1446 1258 etad

321 1301 468 1370 ecclesias
490 1302 604 1370 eodem
628 1302 794 1371 moraliter
819 1303 982 1371 territorio
1011 1301 1273 1393 circumscriptas
1295 1321 1448 1367 manasse

320 1409 530 1480 contendunt.
557 1410 679 1479 Dicunt
694 1411 814 1480 scilicet
832 1434 1000 1481 summum
1014 1411 1218 1496 Pontificem,
1236 1416 1370 1502 propter
1383 1431 1448 1476 ex-

320 1519 570 1588 traordinariam
595 1521 744 1610 urgentis
775 1522 973 1589 necessitatis
999 1518 1300 1601 circumstantiam,
1328 1524 1446 1584 aucto·

319 1627 413 1696 ritate
436 1627 613 1697 sufficiente
635 1630 831 1698 instructum
860 1631 959 1699 fuisse
982 1629 1023 1698 ad
1052 1626 1303 1721 supprimendas
1325 1647 1447 1694 omnes

319 1734 499 1804 Galliarum
523 1735 685 1822 ecclesias;
715 1737 890 1829 privilegia
912 1750 1022 1806 autem
1048 1737 1212 1828 ipsarum,
1241 1733 1381 1802 eumad
1409 1733 1446 1800 id

320 1865 385 1911 non
402 1852 533 1934 urgeret
547 1845 737 1932 necessitas,
756 1867 822 1913 uon
838 1846 982 1937 potuisse
996 1845 1164 1937 pontificio
1180 1843 1309 1910 decreto
1324 1841 1443 1910 deleri.

319 1952 400 2033 Qum
421 1951 566 2021 doctrina
586 1953 681 2022 etiam
698 1953 740 2023 ad
764 1955 893 2047 praxim
909 1955 943 2022 in
958 1954 1155 2046 quibusdam
1171 1951 1365 2020 dioecesibus
1379 1951 1446 2019 de·

320 2057 416 2128 ducta
438 2068 505 2127 est:
528 2083 688 2129 comesam
708 2073 785 2130 sunt
800 2084 917 2153 nempe
936 2063 976 2130 ad
998 2059 1217 2130 contrahenda
1234 2059 1447 2129 matrimonia

319 2164 574 2257 dispensationes
595 2178 713 2238 sancta
739 2167 816 2238 Sedi
837 2177 1029 2257 reservate,
1047 2191 1113 2238 non
1127 2192 1169 2237 ex
1187 2167 1314 2236 indulto
1330 2169 1446 2257 ponti·

320 2274 414 2362 ficio,
445 2277 500 2345 sed
524 2277 601 2370 quia
626 2278 704 2346 olim
728 2279 819 2346 sedes
846 2279 1055 2370 Episcopatus
1082 2279 1218 2346 istarum
1251 2275 1445 2344 dimcesiunr
1513 2303 1514 2360 ,

318 2383 503 2473 gaudebant
541 2385 713 2477 privilegio
748 2387 863 2455 talium
907 2387 1186 2478 dispensationum
1215 2382 1446 2454 concedenda·
1513 2367 1514 2380 ¹

317 2515 404 2560 rum.
428 2493 576 2562 Fuerunt
596 2504 703 2562 autem
723 2493 910 2564 istiusmodi
939 2494 1184 2562 matrimoniaa
1209 2499 1318 2560 s'aucta
1340 2490 1442 2579 Sede,

319 2601 450 2690 quando
466 2624 517 2669 res
531 2601 572 2669 ad
587 2602 691 2692 ipsam
708 2603 832 2693 perlata
845 2613 904 2689 est,
921 2601 955 2669 iu
971 2601 1077 2671 radice
1092 2609 1214 2668 sauata.

363 2715 436 2784 Jam
459 2737 536 2784 vero
559 2717 649 2783 omni
666 2739 799 2808 prorsus
821 2717 1033 2786 fundamento
1051 2716 1183 2785 destitui
1204 2723 1342 2806 systema
1358 2712 1445 2782 illud

319 2823 405 2892 facili
427 2826 557 2914 negotio
574 2826 746 2894 evincitur.
771 2826 854 2894 Nam
869 2825 956 2917 quod
972 2848 1037 2895 non
1053 2829 1153 2917 possit
1166 2847 1314 2892 summus
1326 2823 1445 2892 Ponti-

242 2919 253 2938 ”
320 2932 375 3000 fex
389 2955 502 3001 omues
516 2933 654 3024 alicujus
673 2934 766 3024 regui
788 2935 951 3020 ecclesias,
976 2934 1057 3026 ipsis
1072 2956 1137 3002 nou
1149 2931 1442 3019 consentientibus,

321 3040 449 3108 decreto
462 3041 678 3132 supprimere,
694 3041 755 3111 hoc
769 3041 905 3132 quidem
919 3042 1063 3134 aliquam
1080 3064 1149 3133 prae
1164 3064 1199 3110 se
1215 3039 1445 3109 verisimilitu·
1511 3089 1512 3098 η

320 3149 410 3217 dinis
428 3149 567 3241 speciem
581 3149 715 3218 ferebat.
743 3149 947 3242 Sequebatur
969 3151 1056 3220 euim
1077 3151 1197 3220 invicte
1212 3173 1254 3218 ex
1274 3147 1446 3218 Gallicana

322 3257 481 3343 doctriua,
499 3279 573 3348 quae
585 3257 678 3325 docet
695 3259 815 3348 Papam
830 3257 972 3328 invalide
987 3281 1084 3349 agere
1097 3267 1212 3326 contra
1227 3265 1371 3348 receptos
1387 3281 1445 3327 ca·

321 3390 423 3434 nones
438 3376 470 3434 et
485 3367 636 3456 prubutas
649 3365 799 3456 antiquas
816 3365 1024 3435 ecclesiarum
1044 3363 1309 3452 consuetudines,
1327 3375 1364 3435 ut
1378 3389 1446 3434 ex·
1510 3435 1511 3460 3

321 3495 432 3566 presse
442 3473 610 3541 infamosa
622 3473 837 3542 declaratione
849 3474 926 3542 anni
940 3477 1025 3542 1682
1037 3474 1199 3543 sancitum
1212 3472 1328 3542 furerat.
1345 3473 1445 3544 Unde
1510 3469 1511 3492 ¹

322 3606 381 3651 nec
395 3582 584 3652 mirandum
599 3583 680 3654 adeo
695 3591 756 3672 est,
773 3588 830 3652 sed
844 3586 952 3676 potius
965 3583 1240 3676 compatiendum,
1252 3584 1310 3653 Pio
1326 3583 1390 3654 VII
1401 3585 1446 3654 ad

322 3696 584 3786 suppressionem
594 3695 801 3765 ecclesiarum
810 3695 925 3766 Galliae
938 3719 1006 3765 sese
1018 3695 1210 3787 accingenti,
1229 3693 1362 3784 triginta
1371 3705 1447 3764 octo

326 4025 339 4056 a
357 4007 503 4060 necesaria
524 4019 718 4071 conseguenaa3
735 4005 830 4071 poiche
848 4020 876 4056 se
894 4007 916 4056 si
931 4005 1096 4072 distruggers
1113 4006 1132 4056 il
1147 4007 1222 4058 titolo
1241 4006 1268 4057 dt
1287 4021 1338 4057 uua
1353 4007 1448 4058 Cbiesa

327 4108 340 4138 a
358 4105 408 4143 con
422 4091 481 4140 tutti
495 4089 503 4140 i
516 4087 669 4153 privilegus
680 4088 771 4150 diruti,
780 4094 806 4140 et
816 4088 989 4154 prerogatire,
1003 4103 1078 4140 come
1091 4094 1187 4154 potera
1203 4089 1347 4140 intenderet
1358 4089 1408 4140 che
1424 4091 1447 4140 si
1508 4145 1509 4164 ,

325 4187 338 4218 α
356 4171 488 4223 volessero
499 4169 609 4220 lasoisre
622 4169 650 4220 in
659 4169 731 4234 piedi
742 4169 767 4220 le
781 4168 972 4234 consuetudini,
985 4171 1066 4222 molto
1078 4169 1123 4234 piu
1133 4184 1160 4220 se
1171 4170 1300 4220 contrarie
1313 4171 1362 4220 alte
1374 4172 1446 4234 teggi
1508 4171 1509 4199 r

326 4274 340 4308 a
356 4255 470 4324 generali
484 4253 553 4306 della
564 4245 675 4304 Gbiesat
691 4269 704 4300 a
