3072 4948
593 501 674 547 rurrrs
696 501 846 546 esnonrcr.
1210 483 1272 548 379

166 639 273 729 presi.
291 676 335 690 -
356 639 531 730 Postquam
558 638 676 710 seilicet
701 639 851 732 quiedam
877 639 1125 712 consuetudines
1147 641 1274 732 legibus

166 745 385 816 ecclesiasticis
405 747 575 816 contraries
596 747 632 816 in
652 746 751 816 variis
767 747 966 837 regionibus,
984 747 1102 816 sciente
1115 756 1148 816 et
1162 745 1275 817 silente

166 851 250 922 Sede
272 853 469 944 Apostolim,
496 854 718 942 invaluerunt,
739 876 804 924 non
825 875 900 924 raro
918 855 1092 945 contigisse
1111 853 1272 944 ridemus,

166 967 204 1028 ut
226 981 374 1030 summus
392 961 556 1049 Pontifex,
577 963 630 1032 vel
649 961 894 1032 sminenu'ssimi
919 962 1207 1052 congregationum
1221 987 1274 1034 ro-

166 1091 341 1138 manorum
364 1067 567 1158 cardinales,
590 1070 695 1161 rugeli
718 1069 893 1156 declarare,
916 1091 958 1138 sn
972 1069 1052 1138 tales
1066 1070 1276 1140 consuetudi-

167 1201 239 1265 nes,
259 1185 368 1271 utpote
383 1178 569 1271 plusquam
585 1177 865 1271 quadragenariis,
881 1178 1026 1270 legitime
1041 1187 1153 1248 contra
1170 1180 1274 1272 legem

166 1285 439 1378 praescripserint,
463 1287 650 1377 negativum
674 1309 865 1380 responsum
884 1287 1063 1356 emiserint.
1093 1286 1192 1356 Plura
1211 1311 1275 1356 ox-

165 1401 237 1462 tsnt
258 1392 447 1486 hujusmodi
470 1393 723 1480 declarationum
744 1395 904 1486 exemplu.
929 1395 1040 1465 Unum
1062 1403 1119 1464 aut
1138 1394 1275 1464 alterum

166 1509 293 1570 tantum
316 1501 527 1590 adducemus,
552 1525 591 1570 ea
614 1502 781 1592 seligendo
802 1524 876 1594 qnae
898 1503 1065 1572 materiam
1085 1511 1223 1594 tangunt
1242 1503 1275 1572 in

167 1611 282 1682 Galliis
307 1633 394 1682 nunc
414 1611 508 1682 valde
533 1611 686 1704 agitatam
711 1640 719 1680 ι
747 1621 858 1680 ntrnrn
886 1633 1002 1704 nempe
1025 1612 1168 1703 legitime
1190 1635 1276 1705 prm-

166 1719 354 1810 scripserint
372 1719 621 1790 consuetudines
640 1717 907 1812 quadragenariae
924 1725 1038 1789 contro
1050 1703 1160 1789 'bullus
1174 1721 1275 1788 sancti

166 1827 220 1896 Pii
236 1827 280 1914 V,
304 1827 478 1898 Clementis
492 1827 569 1898 VIII
591 1836 623 1897 et
644 1829 768 1898 Urbani
783 1827 859 1897 VIII
879 1826 967 1896 cinos
984 1848 1054 1895 rem
1073 1827 1272 1918 liturgicum.

166 1935 205 2004 ln
226 1935 355 2004 dimcesi
373 1936 566 2005 Novaniensi
590 1960 610 2005 a
631 1936 847 2028 quodraginta
867 1944 1007 2027 quatuor
1025 1935 1119 2002 annis
1132 1935 1277 2028 praedic-

168 2050 276 2111 tarum
301 2042 466 2112 bullarum
490 2043 660 2136 dispositio
684 2042 791 2135 quood
818 2041 959 2111 edendos
985 2041 1086 2111 libros
1109 2041 1277 2134 liturgicos

167 2175 234 2220 non
251 2153 356 2222 inerat
375 2153 562 2239 observem
590 2152 788 2245 postulatum
807 2151 937 2219 tandem
954 2161 1014 2238 est,
1030 2164 1145 2219 utrum
1159 2152 1278 2220 etiam-

167 2284 253 2330 nunc
277 2261 403 2330 sonori
424 2260 561 2330 debeant
584 2261 744 2330 roccone
768 2259 1009 2328 corstitutioncs
1027 2259 1220 2351 pontificis,
1247 2273 1279 2329 et

166 2391 212 2436 an
228 2379 475 2460 trorrsqressores
485 2390 605 2460 poenos
620 2368 703 2436 inibi
718 2367 863 2458 inflictos
876 2367 1060 2434 namnam.
1083 2365 1181 2434 Sacra
1199 2388 1277 2436 vero

167 2477 303 2546 Rituum
316 2477 537 2568 congregatio,
554 2475 607 2545 die
623 2480 642 2543 7
658 2475 773 2568 aprilis
790 2477 887 2562 1832,
903 2474 1070 2544 Cardinali
1085 2476 1278 2545 Novaniensi

165 2585 326 2676 Episcopo
349 2583 527 2676 respondit,
548 2583 738 2676 pontificios
763 2582 1006 2652 concitationes
1028 2583 1062 2651 in
1087 2605 1144 2652 sno
1166 2583 1280 2652 rodere

162 2714 367 2783 pennorrcre,
392 2704 424 2759 et
446 2691 585 2760 abnurm
605 2713 668 2760 non
690 2713 754 2759 esse
774 2689 994 2759 tolerandum.
1019 2690 1108 2781 Ergo
1127 2691 1201 2759 licet
1221 2714 1279 2783 per

168 2805 209 2870 II
233 2823 335 2870 annos
359 2799 500 2870 siluisset
520 2799 620 2870 Sedes
636 2799 832 2892 Apostolica,
859 2821 925 2870 non
949 2807 1057 2868 tamen
1075 2807 1280 2869 consenserat

167 2909 245 2981 hnic
272 2909 515 2996 consuetudini;
547 2909 692 3002 alioquin
720 2909 778 2976 illa
803 2907 1004 2978 consuetudo
1030 2930 1096 2977 non
1124 2907 1281 3000 potuisset

167 3017 233 3088 dici
258 3019 387 3101 abusos,
415 3028 446 3086 et
469 3017 568 3087 bullen
594 3018 739 3110 praeiatae
766 3039 831 3086 non
857 3016 1042 3086 debumsent
1065 3017 1221 3086 declarari
1244 3018 1279 3086 in

168 3149 229 3196 sno
247 3126 362 3195 robore
374 3147 582 3218 permonere,
603 3124 659 3193 sed
679 3123 818 3193 restitui.
840 3125 945 3215 (Hanc
959 3123 1207 3193 declarationem
1221 3147 1279 3216 per

168 3242 338 3304 extensum
357 3233 435 3302 vide
457 3235 491 3302 in
511 3240 622 3302 nostro
645 3239 784 3301 trectatu
803 3232 843 3301 de
857 3235 936 3300 lure
958 3231 1122 3323 litnrpioo,
1141 3238 1231 3322 parte
1246 3235 1278 3320 I,

169 3365 239 3436 cop.
258 3347 290 3430 2,
308 3343 329 3434 ξ
345 3347 377 3432 3,
394 3342 446 3411 vel
461 3342 496 3411 in
510 3341 696 3410 collectione
711 3340 929 3427 Gardellisns,
945 3349 969 3408 t.
986 3339 1075 3425 VIII,
1091 3361 1127 3432 p.
1145 3338 1234 3429 177.)

214 3453 294 3521 Item
315 3473 420 3544 nuper
440 3450 651 3520 Revereudus
673 3451 795 3537 Lottin,
818 3445 1010 3517 cathedralis
1028 3446 1280 3516 Cenomanensis

168 3560 204 3630 in
227 3559 331 3630 Gadis
352 3559 537 3645 canonicus,
562 3557 669 3651 quood
692 3557 890 3627 breviarium
914 3563 946 3623 et
971 3553 1099 3623 missale
1121 3554 1280 3626 Cenoma·

168 3668 280 3736 nensis
291 3666 454 3753 Ecclesim,
471 3673 583 3735 contra
599 3665 809 3757 profetarum
824 3663 989 3732 bullarum
1004 3661 1279 3755 praescriptionem

168 3775 312 3860 inducta,
339 3774 525 3866 postulavit,
549 3785 663 3842 utrum
686 3769 880 3863 hujusmodi
898 3769 1036 3862 litnrpia
1056 3770 1091 3838 oi
1102 3769 1280 3861 prescrip-

169 3885 268 3954 tionis
289 3906 344 3951 scn
364 3881 603 3952 consuetudinis
624 3881 789 3950 seculoris
807 3877 899 3971 fucta
924 3879 968 3947 sit
991 3877 1148 3969 leyitima,
1174 3879 1223 3946 ito
1243 3890 1282 3946 art

168 3993 265 4062 trodio
287 3990 421 4084 quilibet
441 3989 589 4060 sacerdos
614 3987 866 4058 Cenomanensis
884 3987 987 4080 pessit
1011 4008 1084 4054 cam
1106 3998 1179 4053 tnta
1198 4008 1279 4053 con-

168 4099 302 4170 scicntia
315 4103 462 4167 sonore?
475 4098 516 4168 Et
528 4119 618 4166 sacra
628 4096 768 4166 Rituum
783 4091 1125 4185 congregotio,die10
1138 4091 1279 4184 januarii

173 4213 271 4296 1852,
296 4208 540 4278 rescribendum
559 4207 696 4294 censuit,
720 4206 879 4298 nepetino.
906 4204 993 4296 Ergo
1010 4202 1084 4272 licet
1098 4207 1184 4272 lanto
1200 4209 1281 4270 tern-
