3022 4950
25 445 27 494 l

25 549 27 592 l

549 539 631 586 runis
654 507 805 586 crdourcr.
1193 523 1233 586 27

25 641 27 726 l
117 675 346 746 demonstrari.
376 679 464 768 Ergo
490 679 599 770 primo
623 680 745 749 lactum
771 681 924 773 praesenti
945 681 1115 750 hominum
1136 683 1235 750 statui

25 829 26 832 κ
117 785 302 880 proprium,
323 808 364 854 ex
386 809 452 878 quo
465 795 741 876 argumentantur
754 789 1027 875 traditionalistae,
1046 788 1087 857 ad
1101 790 1236 860 solven-

119 890 194 958 dam
208 893 422 981 questionem
437 893 478 961 de
494 894 720 986 possibilitate,
737 918 804 964 non
819 897 916 966 valet.

163 1005 196 1068 2⁰
217 1002 353 1070 Factum
374 1003 469 1090 illud,
490 1025 607 1094 nempe
636 1004 696 1071 Ilei
717 1005 861 1095 primum
888 1012 920 1073 et
945 1012 1056 1096 postca
1076 1006 1236 1074 societatis

25 1195 26 1202 ρ
120 1109 359 1180 abextrinseco
380 1111 536 1198 docentis,
564 1113 700 1180 minime
718 1113 863 1182 excludit
883 1113 1064 1182 doctrinam
1086 1137 1236 1184 commu-

25 1213 26 1216 '
120 1241 190 1286 nem
217 1229 427 1306 asserentem,
451 1243 509 1312 per
536 1221 603 1292 vim
625 1221 828 1313 percipiendi
852 1221 914 1289 sihi
937 1221 1104 1313 propriam
1128 1221 1236 1291 homi-

119 1349 191 1395 nem
204 1351 400 1417 cognoscere
414 1338 485 1397 tum
502 1331 609 1422 prima
623 1329 785 1422 principia
799 1328 953 1401 intuitive
969 1327 1144 1417 evidentia,
1163 1338 1234 1399 tum

118 1439 278 1530 principia
310 1441 393 1531 legis
421 1442 593 1530 naturalis,
624 1450 694 1510 tum
725 1439 866 1531 denique
893 1439 1015 1523 omnia,
1046 1462 1119 1531 quae
1150 1447 1235 1508 recte

25 1547 26 1550 ’
119 1549 345 1618 ratiocinando
369 1557 456 1620 certo
483 1550 649 1619 discernit.
677 1549 762 1618 Nam
785 1547 917 1639 quando
938 1547 1083 1638 primum
1108 1547 1236 1615 Adamo

119 1675 230 1724 reeens
242 1663 362 1744 creato,
380 1658 448 1726 sive
464 1659 553 1726 intus
572 1658 640 1725 sive
661 1657 702 1724 ab
723 1656 906 1724 extrinseco
929 1655 1057 1723 locutus
1072 1662 1120 1722 est
1134 1655 1234 1739 Deus,

118 1762 169 1831 vel
189 1764 261 1854 ipse
287 1763 435 1834 Adamus
460 1765 602 1856 percepit
625 1773 657 1832 et
677 1765 782 1832 Deum
801 1763 864 1830 sibi
886 1763 1044 1848 locutum,
1066 1771 1097 1830 ct
1111 1785 1149 1830 ca
1163 1785 1237 1854 quee

119 1873 179 1964 ipsi
195 1873 257 1942 bac
271 1875 434 1944 locutione
449 1875 535 1944 dicta
550 1883 640 1962 sunt,
663 1873 716 1943 vel
732 1895 809 1942 ιιοιι.
828 1873 863 1942 Si
880 1875 1034 1965 percepit,
1051 1873 1164 1965 utique
1179 1895 1237 1964 per

119 2006 215 2052 suum
240 1986 456 2073 intellectum;
482 2009 549 2054 non
574 1986 663 2054 enim
688 1993 793 2078 potest
817 1983 916 2054 bomo
943 1982 1047 2072 magis
1070 1983 1236 2074 percipere

119 2114 175 2159 seu
202 2091 384 2182 intelligere
405 2115 463 2186 per
483 2093 683 2162 intellectum
710 2091 856 2179 alterius,
882 2113 981 2183 quam
1007 2113 1066 2182 per
1091 2090 1235 2159 alienum

118 2200 250 2269 oculum
264 2200 387 2270 videre.
404 2201 439 2269 Si
454 2224 519 2270 non
534 2202 690 2293 percepit,
706 2222 785 2290 ergo
797 2223 863 2268 non
880 2199 984 2288 magis
998 2198 1060 2289 ipsi
1076 2197 1118 2266 ad
1133 2197 1237 2266 iacul-

119 2319 222 2380 tatum
235 2311 454 2381 evolutionem
471 2312 597 2404 profuit
611 2312 724 2381 divina
737 2312 870 2396 locutio,
882 2332 982 2402 quem
999 2310 1026 2378 si
1041 2308 1081 2376 ed
1094 2309 1235 2400 lapidem

117 2417 246 2488 locutus
274 2419 390 2488 fuisset
414 2421 513 2490 Deus.
541 2421 621 2488 Item
649 2420 727 2488 dum
755 2419 900 2512 quotidie
929 2419 1063 2486 societas
1092 2416 1237 2485 humana

118 2537 315 2599 crescentem
332 2531 508 2622 parvulum
522 2530 710 2621 alloquitur,
733 2528 784 2596 vel
801 2515 883 2619 puer
903 2524 1079 2618 aliquando
1104 2524 1234 2594 tandem

118 2637 254 2729 percipit
269 2637 356 2706 etad
372 2661 406 2706 se
418 2639 492 2706 steri
506 2639 715 2724 locutionem,
727 2644 759 2705 et
774 2659 842 2706 rem
859 2657 916 2728 per
931 2634 1126 2704 locutionem
1141 2635 1235 2701 istam

119 2745 180 2812 sibi
195 2743 328 2832 dictam,
346 2746 398 2814 vel
412 2769 491 2815 non.
508 2746 544 2814 Si
558 2745 706 2838 percipit,
724 2746 835 2838 utique
851 2767 908 2836 per
924 2767 1021 2812 suum
1037 2741 1234 2811 intellectum

118 2852 157 2920 ad
173 2853 236 2921 hoc
252 2854 497 2946 percipiendum
513 2855 688 2922 valentem.
707 2853 743 2923 Si
759 2853 931 2944 posterius,
953 2874 1020 2920 uon
1036 2851 1144 2940 magis
1158 2872 1236 2941 pro-

119 2959 205 3028 ficiet
224 2961 352 3029 socialis
366 2961 488 3030 locutio
507 2963 549 3030 ad
573 2984 727 3053 puerum,
752 2983 852 3054 quam
870 2960 912 3028 ad
934 2961 1084 3030 arborem
1099 2959 1231 3027 directe.

119 3069 184 3136 Nec
199 3079 307 3160 posset
325 3071 459 3139 societas
474 3069 579 3138 facere
599 3085 636 3138 ut
655 3092 738 3163 puer
753 3067 947 3138 reflectendo
970 3067 1165 3156 intelligeret
1185 3067 1235 3135 bis

121 3177 185 3246 duo
200 3177 279 3246 dere
294 3179 453 3270 quinque,
466 3188 523 3247 aut
535 3189 661 3273 partem
677 3200 746 3248 esse
761 3177 918 3269 majorem
930 3185 1008 3247 toto.
1026 3177 1114 3266 Ergo
1129 3199 1236 3244 reme-

120 3294 185 3370 uet,
203 3287 364 3354 societatis
385 3287 712 3355 communicationem
729 3294 760 3354 et
782 3284 1006 3375 magisterium
1021 3307 1090 3352 esse
1103 3283 1234 3375 quidem

121 3394 154 3461 in
178 3395 329 3485 presenti
356 3394 528 3466 hominum
560 3403 646 3464 stetu
670 3395 932 3489 praerequisitam
956 3393 1171 3478 occasionem,
1201 3399 1237 3461 ut

120 3501 319 3593 percipiendi
334 3503 471 3572 facultas
493 3503 634 3572 excitata
653 3513 745 3572 aetus
765 3503 996 3573 determinatos
1012 3502 1130 3588 eliciat,
1146 3511 1177 3570 et
1192 3502 1237 3568 sic

121 3612 270 3680 notiones
292 3611 400 3679 varies
419 3611 555 3702 quilibet
581 3610 681 3680 homo
706 3613 869 3704 acquiret;
895 3612 1030 3680 minime
1053 3633 1131 3680 vero
1158 3610 1237 3679 tales

121 3721 268 3790 notiones
282 3745 301 3789 a
317 3719 519 3813 colloquente
533 3727 565 3788 et
576 3719 710 3788 docente
725 3721 797 3788 sive
812 3719 957 3787 tradente
972 3719 1121 3788 societate
1135 3740 1236 3810 puero

120 3828 210 3919 injici
225 3836 257 3896 et
271 3829 365 3920 quasi
380 3827 422 3896 ab
440 3827 622 3896 extrinseco
643 3825 785 3895 infundi.
815 3826 903 3916 Ergo
925 3849 1001 3895 cum
1021 3825 1104 3894 lacto
1125 3847 1238 3894 neces—

121 3936 214 4005 sariae
230 3937 357 4005 socialis
369 3936 554 4024 locutioniS,
569 3937 653 4004 bene
664 3943 725 4004 stat
734 3935 882 4004 doctrina
894 3936 1089 4023 communis,
1106 3933 1237 4004 tradens

122 4045 287 4114 notionem
303 4046 384 4135 legis
401 4045 558 4114 naturalis
577 4067 647 4114 esse
670 4045 795 4114 bomini
814 4045 951 4114 inditam
971 4053 1003 4114 et
1020 4045 1061 4113 ab
1086 4044 1156 4137 ipse
1177 4065 1236 4112 ne-

123 4161 195 4220 tura
210 4153 354 4240 insitam,
373 4175 442 4241 seu,
458 4161 496 4220 ut
513 4151 592 4221 dicit
604 4162 734 4221 sauctus
747 4153 883 4242 Paulus,
897 4151 1051 4222 cordibus
1065 4152 1236 4222 hominum

124 4261 322 4354 inscriptam.
346 4263 430 4331 Nam
452 4261 654 4354 percipiendi
678 4263 727 4331 vis
743 4263 826 4333 inest
845 4263 970 4332 bomini
985 4261 1047 4332 hoe
1063 4262 1133 4353 ipso
1149 4263 1236 4355 quod
