3048 4954
306 521 365 588 tta
656 539 831 586 rescimus
854 539 891 583 nn
914 536 1068 584 amaneus

350 709 367 744 ιι
396 680 449 747 Ab
463 679 534 770 ipsa
549 679 811 770 promulgatione
824 677 1008 746 constitutae
1025 674 1213 768 hujusmodi
1228 673 1327 766 pacis,
1340 693 1420 738 con-

307 815 324 852 ιι
350 788 445 876 queri
456 808 531 854 cum
547 786 705 878 propbeta
724 786 826 854 coacti
842 785 966 853 luimus
982 807 1068 853 :ecce
1086 783 1120 852 io
1129 805 1215 875 poce
1228 777 1419 850 amaritatdo

306 921 324 960 ιι
349 917 422 962 meo
438 894 661 962 amarissimo.
677 895 784 976 Quam
797 917 875 963 sanc
888 893 1141 964 amaritudinem
1155 914 1221 960 noa
1232 887 1420 958 dammum-

305 1029 322 1066 ιι
346 1001 452 1070 vimus
467 1002 608 1093 ipsisque
618 1002 783 1094 fratribus
805 1003 926 1072 nostris
947 1014 1071 1070 ammte
1089 1003 1247 1069 Romaene
1269 995 1421 1066 Ecclesia

307 1135 324 1174 ιι
349 1109 593 1191 cardinalibus,
623 1110 657 1178 io
682 1109 878 1178 allocutione
892 1108 939 1179 ud
952 1110 1037 1200 ἰριοε
1049 1107 1167 1176 babitu
1181 1107 1217 1174 ia
1231 1103 1421 1174 comestoris

309 1243 326 1280 ιι
350 1217 417 1286 diei
432 1221 474 1285 24
497 1217 583 1286 maii
604 1217 805 1305 anmi18023
822 1217 1041 1308 siqnificmrtes
1058 1217 1190 1299 scilicet,
1211 1239 1250 1284 eu
1267 1213 1425 1306 procud-

307 1353 324 1392 ιι
345 1327 477 1417 potione
491 1326 664 1394 manulius
680 1327 773 1395 initae
787 1327 994 1395 conventioni
999 1324 1145 1418 adjectos
1155 1325 1255 1416 mose
1266 1322 1423 1392 crtimlos

306 1461 323 1498 ιι
347 1435 475 1525 iqrrotos
488 1433 600 1515 Nobis,
617 1457 697 1525 quos
712 1435 829 1502 statim
844 1434 1115 1526 improbavimus.
1133 1433 1177 1502 lis
1190 1429 1350 1526 siquidem
1365 1453 1424 1496 or-

305 1569 324 1607 ιι
347 1542 455 1610 ticulis
479 1564 547 1610 non
573 1543 681 1611 solum
701 1543 854 1611 erectio
877 1542 1048 1612 catholicae
1062 1541 1228 1632 reliqioreis
1241 1561 1280 1606 ec
1290 1536 1425 1630 pontias

308 1675 326 1714 ι
349 1648 481 1716 libertos
496 1649 532 1716 in
547 1649 705 1716 maximis
714 1649 960 1742 potissimisque
974 1647 1282 1733 remorcodimitur‚
1299 1666 1372 1737 quae
1387 1643 1425 1712 in

307 1783 324 1820 ιι
348 1757 417 1848 ipso
439 1757 659 1824 conventionis
674 1757 821 1840 ceordic,
839 1771 877 1826 ut
896 1758 998 1850 ipsius
1012 1758 1097 1826 dosis
1110 1767 1141 1824 et
1153 1753 1422 1847 flammantem,

308 1890 324 1928 ιι
347 1861 451 1931 verbm
481 1875 617 1944 asserto,
637 1875 753 1954 pacto,
771 1865 940 1956 membro
960 1863 1146 1933 solemmter
1157 1865 1288 1954 sucrot‚·
1309 1881 1425 1928 voum

308 1997 325 2036 ιι
348 1993 461 2039 eorum
476 1970 672 2061 quibusdam
688 1973 761 2063 ipsa
774 1974 877 2042 etiam
891 1972 986 2041 baud
991 1973 1115 2063 procul
1121 1972 1292 2064 impetitur
1306 1971 1425 2038 Evan-

308 2107 325 2146 ιι
348 2081 428 2170 qelii
442 2079 605 2150 doctrino.

354 2215 371 2254 ιι
396 2187 486 2256 ldem
509 2211 639 2280 quoque
655 2189 717 2257 luit
732 2191 841 2259 exitus
857 2190 1082 2260 conventionis
1097 2211 1195 2280 quam
1213 2209 1288 2256 cum
1308 2185 1426 2254 italicae

310 2325 327 2362 ιι
356 2297 545 2390 reipublicae
562 2297 725 2387 gubernio
740 2299 912 2386 inivimus,
937 2301 980 2368 iis
998 2299 1077 2392 ipsis
1097 2297 1241 2366 articulis
1254 2294 1427 2364 arbitraris
1521 2277 1522 2294 ἵ

309 2433 326 2472 ι
355 2430 492 2498 prorsus
519 2431 556 2476 oc
581 2429 735 2498 perverse
755 2431 812 2502 per
834 2433 997 2479 summam
1022 2417 1250 2503 potentemque
1275 2402 1427 2472 fraudem

311 2541 327 2580 ιι
353 2524 450 2606 atque
467 2515 621 2606 iujuriam
636 2516 867 2608 interpretatis,
884 2518 1007 2609 quibus
1029 2518 1071 2585 ab
1089 2514 1269 2584 arbitrariis
1288 2533 1429 2604 perver-
1520 2597 1521 2604 ἵ

311 2647 328 2686 ιι
354 2623 462 2711 sisque
489 2621 1242 2714 pactionuminterpretationibussummopere
1265 2641 1430 2710 praecave·
1520 2663 1521 2703 p

312 2754 329 2792 ιι
355 2749 510 2796 ramus.»

353 2836 569 2904 Docuunnruu
583 2836 675 2906 X.-
682 2839 847 2907 Articulus
861 2840 975 2908 tertius
990 2837 1177 2908 corrcordoti
1189 2836 1274 2904 unni
1283 2838 1431 2903 1817.-

309 2945 550 3015 Goncordatum
571 2948 650 3014 anni
675 2951 758 3015 1817
776 2951 966 3018 executione
986 2950 1102 3019 caruit.
1128 2949 1172 3016 At
1195 2956 1340 3016 remanet
1363 2968 1432 3014 va·
1519 3029 1520 3032 Ἴ

309 3053 417 3144 letque
432 3055 567 3123 omnino
582 3063 739 3145 tanquam
761 3055 993 3127 documentum
1009 3058 1212 3127 historicum.
1230 3054 1324 3125 Unde
1340 3053 1368 3121 si
1394 3055 1431 3120 in

310 3182 348 3228 eo
363 3159 568 3250 exprimatur
583 3151 662 3251 quid
677 3160 717 3229 de
732 3163 876 3231 articulis
891 3165 1055 3254 organicis
1069 3164 1205 3234 senserit
1216 3160 1315 3231 Sedes
1333 3183 1430 3251 apos·
1518 3239 1519 3242 Ἴ

200 3359 203 3364 ¹
311 3266 420 3354 tolica,
438 3266 558 3336 valebit
574 3267 708 3358 hujusce
722 3270 909 3339 concordati
926 3281 1035 3342 textus
1054 3272 1095 3340 ad
1110 3268 1315 3363 probandum
1332 3267 1431 3336 talem
1518 3280 1519 3330 t

311 3397 426 3444 revera
446 3375 545 3444 luisse
566 3376 659 3446 dictae
675 3377 772 3448 Sedis
788 3383 995 3452 sententiam.
1012 3384 1115 3451 Porro
1134 3381 1222 3450 illius
1244 3377 1431 3450 concordati
1518 3373 1519 3418 ³

312 3484 468 3553 articulus
485 3489 502 3551 3
518 3485 564 3553 sic
579 3486 696 3556 habet:

361 3620 378 3658 ιι
402 3594 608 3664 Lesarticles
621 3595 686 3664 dits
709 3598 917 3690 orqam'ques,
933 3600 990 3691 qui
1007 3600 1117 3669 iurent
1140 3597 1214 3667 faits
1236 3597 1373 3664 dl'insu
1390 3594 1434 3663 de
1517 3625 1518 3669 ι

317 3729 334 3768 ι
364 3703 408 3772 Sa
423 3703 580 3792 Saintes,
602 3713 635 3773 et
654 3705 782 3796 publiea
802 3731 878 3778 saus
891 3733 950 3778 aon
976 3709 1057 3795 avis,
1075 3709 1106 3776 lc
1131 3711 1148 3774 8
1169 3705 1253 3776 avril
1275 3707 1371 3791 1802,
1390 3727 1436 3775 en

317 3841 334 3878 ιι
365 3814 470 3881 meme
496 3823 600 3906 temps
626 3837 690 3907 qne
716 3817 747 3885 le
770 3819 943 3888 concordat
967 3818 1012 3886 du
1039 3822 1079 3886 15
1104 3817 1212 3909 juillet
1239 3817 1336 3902 1801,
1358 3823 1438 3882 sont

320 3945 336 3983 ι
361 3921 499 4009 abroges
513 3943 554 3988 en
570 3944 606 3989 ce
626 3923 726 4014 qu’ils
740 3934 797 3992 ont
820 3926 861 3994 de
876 3927 1035 3997 contraire
1054 3931 1075 3995 a
1093 3926 1126 3995 la
1148 3923 1293 3994 doctrine
1320 3931 1351 3990 el
1364 3943 1437 3991 aux
1516 3993 1517 3996 ,

319 4053 336 4092 ιι
361 4026 423 4096 lois
437 4027 478 4095 de
493 4009 637 4117 l'lt'lglise.
657 4059 673 4094 n

359 4135 419 4203 llis
446 4135 555 4204 verbis
583 4145 691 4228 aperte
717 4139 894 4210 declaravit
921 4141 1022 4212 Sedes
1045 4141 1238 4233 apostolica,
1264 4139 1439 4229 organicos

316 4241 481 4332 articulos,
512 4264 577 4311 non
600 4251 726 4314 tantum
751 4249 821 4339 ipsa
846 4248 948 4318 inscia
970 4258 1002 4318 et
1016 4248 1203 4318 nullatcnus
1216 4245 1439 4318 consentiente
