3072 4948
290 483 352 548 loc
644 499 820 548 mauranus
841 501 880 546 ur
902 499 1058 547 eumenus

293 667 309 704 a
334 650 404 710 tum
427 639 505 710 satis
527 639 590 709 luit
610 660 668 732 per
689 639 787 708 Pium
803 638 849 710 Ν
864 640 1060 708 Pontificem
1075 639 1110 707 in
1128 659 1167 706 ea
1181 635 1409 707 coustitutioue
1507 687 1508 708 .

292 775 309 814 u
333 771 408 841 quae
430 749 544 840 incipit
563 746 757 817 Benedictus
779 751 878 828 Deus,
900 757 934 816 et
954 770 1031 840 quae
1046 747 1082 815 iu
1097 745 1164 816 linc
1176 745 1316 816 Consilii
1332 745 1411 814 solet

293 885 310 923 a
332 856 465 943 excudi,
488 864 521 926 et
541 855 626 925 libro
648 856 792 926 smuudo
812 856 954 925 Romani
973 855 1114 925 Bnllarii
1128 855 1328 924 continetur.
1354 853 1411 922 llla

292 995 309 1032 o
332 965 465 1059 quidem
491 966 628 1056 abrogat
653 965 765 1034 omnia
785 988 861 1057 quae
880 966 1084 1036 Tridentium
1103 963 1230 1056 syuodo
1248 963 1412 1032 matralia

292 1099 401 1144 «esse
427 1073 621 1160 videantur;
647 1073 788 1166 ideoque
812 1074 945 1165 singula
969 1073 1116 1165 ejusdem
1144 1072 1283 1142 Consilii
1306 1073 1412 1163 capita

291 1211 308 1250 a
332 1183 430 1252 simul
449 1182 667 1272 amplectitur,
691 1189 724 1248 et
737 1180 863 1250 nullius
877 1180 975 1250 efficit
988 1179 1145 1250 momenti
1161 1179 1412 1248 consuetudines

292 1319 308 1357 a
332 1313 407 1384 quoe
433 1291 521 1380 leges
539 1290 667 1381 aliquas
690 1289 725 1356 in
744 1288 861 1358 iisdem
876 1289 1038 1381 capitibus
1051 1287 1260 1380 praescriptas
1274 1288 1408 1356 violent.

292 1427 308 1466 o
332 1399 368 1468 ld
384 1398 484 1467 etiam
500 1396 715 1466 confirmatur
734 1419 775 1465 ex
791 1396 1014 1464 controversie
1027 1420 1047 1464 e
1060 1397 1194 1465 Pitouio
1210 1395 1284 1464 viro
1297 1395 1410 1463 claris·

291 1535 308 1574 a
331 1508 417 1574 simo
431 1504 608 1597 proposita,
623 1527 684 1597 pro
696 1525 762 1596 qua
775 1526 838 1573 uos
850 1505 973 1595 pariter
988 1504 1076 1573 haud
1091 1504 1251 1594 exiguum
1265 1503 1410 1572 letiorem

291 1643 308 1682 a
332 1615 580 1706 insumpsimus.
606 1613 689 1682 Nam
708 1613 763 1682 ille
786 1637 845 1707 pro
867 1637 902 1682 re
915 1613 1089 1704 diligenter
1103 1611 1324 1682 examinanda
1337 1621 1411 1680 tan-

292 1745 430 1815 aquam
457 1722 565 1790 senior
588 1725 672 1790 inter
694 1721 803 1792 Cun'ae
826 1723 1027 1790 Patrouosa
1055 1744 1147 1790 sacra
1172 1743 1308 1790 romana
1326 1720 1411 1788 llota

291 1859 307 1896 a
332 1831 475 1899 delectus
494 1829 573 1915 luit3
599 1828 693 1898 uobis
707 1851 839 1922 quoqne
859 1830 891 1899 id
908 1831 1078 1921 negotium
1091 1831 1262 1916 traditum,
1278 1829 1337 1921 qui
1350 1829 1410 1898 Ju-

291 1939 434 2008 autoris
459 1938 567 2008 locum
591 1938 676 2005 iuter
703 1937 942 2008 consistoriales
966 1939 1140 2007 advocatos
1161 1937 1364 2006 tenebamus.
1389 1963 1406 2000 s

290 2049 494 2139 (Benedictus
508 2047 601 2132 XIV,
619 2047 781 2116 Institutio
796 2052 850 2128 co,
871 2071 903 2115 n.
922 2050 968 2138 7.)

332 2156 563 2224 Controversia
582 2155 718 2222 celebris
741 2154 781 2223 de
799 2178 865 2247 qua
885 2156 931 2224 ibi
945 2156 1091 2248 loquitur
1105 2157 1301 2224 Benedictus
1315 2149 1407 2242 XIV,

287 2275 319 2334 et
340 2265 436 2356 cujus
458 2261 634 2332 tractandae
656 2265 828 2355 provincia
852 2263 982 2333 duobus
996 2263 1164 2334 advocatis
1177 2264 1286 2335 Curiae
1301 2287 1409 2332 roma·

288 2397 353 2460 nee,
375 2373 505 2442 Pitouio
524 2371 645 2440 scilicet
664 2379 696 2439 et
709 2372 772 2464 ipsi
787 2372 998 2442 Lembcrtiuo
1016 2374 1210 2465 (qui‘postea
1227 2371 1292 2439 fuit
1304 2373 1408 2440 Reue-

287 2483 392 2550 dictus
410 2479 501 2570 XIV)
529 2503 549 2546 a
573 2501 664 2548 secra
687 2479 771 2548 Rota
793 2479 990 2550 demandata
1008 2490 1068 2567 est,
1091 2489 1161 2548 crat
1180 2481 1270 2549 ista:
1297 2489 1407 2548 utrum

287 2587 488 2658 consuetudo
507 2587 670 2656 contraria
691 2587 959 2656 immemorabilis
977 2588 1136 2657 eximeret
1150 2611 1170 2657 a
1184 2587 1255 2676 lege
1269 2587 1408 2654 Triden-

289 2696 356 2764 tino
376 2717 442 2786 qua
461 2693 686 2784 prescribitur
711 2717 890 2764 concursus
909 2697 944 2763 iu
966 2695 1152 2787 provisione
1171 2695 1407 2764 beneficiomm
1510 2719 1512 2746 ⁴

288 2813 477 2873 curatorum
502 2801 804 2893 jurispatronatus
831 2804 1049 2873 ecclesiastici.
1081 2805 1140 2873 Illa
1165 2825 1244 2874 vero
1270 2805 1407 2895 quaestio

288 2908 494 3004 particularis
508 2907 690 2976 necessario
704 2907 842 2978 ducebat
856 2910 897 2978 ad
911 2910 996 2979 hauc
1011 2911 1247 3000 generaliorem
1265 2939 1273 2978 :
1297 2919 1406 2979 utrum

286 3015 411 3086 inituri
437 3015 562 3107 possint
583 3013 775 3084 Tridentino
799 3019 930 3086 decreta
956 3039 1013 3109 per
1035 3018 1214 3086 contrarias
1234 3025 1408 3086 cousuetu-

288 3127 422 3194 diucs...
447 3123 495 3192 De
518 3145 583 3214 qua
606 3123 653 3190 sic
675 3123 824 3194 Pitonius
850 3123 902 3216 (de
927 3126 1156 3194 controversiis
1176 3127 1404 3210 Patrouomm,

289 3245 311 3302 t.
331 3237 362 3321 1,
379 3231 531 3321 allegatio
548 3235 579 3313 5,
598 3253 673 3322 pag.
691 3235 731 3299 30
744 3257 753 3317 ;
768 3231 848 3300 edit.
866 3233 1005 3320 Parmae,
1025 3233 1123 3322 1719)
1145 3261 1153 3302 ;

336 3340 545 3410 «Enimvero
568 3337 776 3408 convincitur
798 3338 926 3409 tellude
943 3342 1130 3431 argumenti
1152 3343 1186 3408 in
1201 3341 1273 3432 ipsa
1286 3363 1406 3434 suppo-

293 3479 310 3517 a
333 3451 452 3518 sitione
476 3446 761 3534 immemorabilis,
783 3470 858 3538 quae
883 3457 993 3518 tamen
1015 3449 1049 3516 in
1070 3447 1132 3518 hoc
1148 3448 1285 3518 articulo
1300 3451 1405 3516 neuti-

294 3585 311 3624 α
333 3579 432 3650 mam
448 3555 519 3624 dari
535 3565 591 3624 aut
606 3553 742 3646 allegari
756 3554 853 3623 valet.
871 3556 912 3624 Et
927 3555 1159 3646 distinguendo
1175 3563 1334 3645 tempora,
1351 3565 1407 3624 aut

294 3699 310 3734 a
335 3670 487 3738 volumus
511 3667 680 3736 desumere
701 3667 993 3737 immemorabilem
1013 3693 1034 3736 a
1048 3669 1406 3760 paromanarium

292 3805 310 3844 u
332 3787 507 3868 numquam
529 3775 754 3868 superveniret
777 3776 945 3867 dispositio
966 3777 1118 3864 Concilii,
1139 3787 1172 3846 ct
1191 3788 1240 3846 est
1255 3778 1405 3870 impossi-

295 3916 313 3954 α
335 3887 419 3966 bile;
437 3887 605 3978 quiscum
620 3909 658 3954 eo
674 3896 818 3978 tempore
831 3891 978 3957 nondum
995 3888 1032 3956 iu
1046 3888 1124 3955 orbe
1135 3887 1292 3957 catholico
1303 3890 1404 3957 iutro-

293 4023 309 4060 «
334 3996 430 4064 ducta
452 3996 566 4064 luisset
590 4017 675 4063 nova
699 3996 805 4063 torma
823 3997 1016 4088 providendi
1033 4019 1091 4088 per
1106 4018 1315 4084 concursum,
1330 4019 1404 4064 cou-

293 4131 310 4170 u
333 4113 502 4196 sequenter
522 4125 587 4172 nou
610 4103 753 4195 percipio
766 4103 932 4195 quomodo
948 4108 1037 4174 nasci
1053 4107 1193 4198 potuerit
1207 4110 1404 4174 cousuetudo

294 4239 310 4282 u
334 4233 390 4280 seu
410 4209 613 4301 prescriptio
630 4209 798 4280 exclusiva
818 4211 934 4280 lormae
950 4233 1128 4282 concursus
1141 4221 1317 4304 autequam
1331 4233 1401 4282 uas·
