3022 4950
269 477 308 542 58
622 495 795 542 rurerrrus
819 495 857 541 ua
880 495 1032 542 rainerus

266 639 390 725 raliori,
407 640 463 731 jus
484 638 678 707 canonicum
699 659 795 706 sensu
817 635 961 728 quodam
984 637 1095 705 stricto
1123 633 1306 727 nuncupari
1333 655 1388 701 eas

268 757 396 816 tantum
418 749 519 837 leges,
546 769 621 838 qua
640 746 683 815 ab
708 745 897 815 auctoritate
916 744 1129 814 ecclesiastica
1149 765 1341 836 supremam
1356 749 1389 808 et

265 856 485 924 universalem
506 851 768 949 jurisdictionem
791 851 932 922 habento
951 854 1083 921 sancita
1099 861 1199 939 snnt;
1224 873 1292 919 non
1308 871 1388 919 vero

267 963 366 1053 leges,
382 986 457 1055 quae
483 987 503 1030 a
522 961 656 1054 prealato
677 960 824 1030 inferiori
843 961 929 1028 intra
952 963 1033 1029 lines
1053 957 1289 1053 jurisdictionis
1303 979 1387 1042 suae,

268 1070 360 1138 verbi
375 1071 492 1160 gratia,
506 1071 550 1140 ab
568 1070 726 1162 Episcopo
742 1069 776 1136 in
792 1092 851 1138 sua
865 1067 1008 1158 dioecesi,
1029 1067 1192 1138 feruntur.
1216 1065 1308 1135 Sicut
1330 1087 1390 1134 nec

270 1179 331 1247 sub
355 1179 618 1248 denominatione
642 1178 729 1270 juris
755 1177 860 1246 civilis
884 1173 1118 1269 comprehendi
1139 1174 1243 1244 solent
1271 1180 1391 1242 statuta

267 1287 475 1378 particularia
492 1286 695 1355 inferiorum
719 1287 973 1375 magistratuum
997 1285 1032 1351 in
1053 1281 1209 1351 districtis
1230 1280 1315 1360 suis;
1332 1279 1391 1348 sed

269 1402 397 1463 tantum
415 1393 504 1484 leges
522 1393 690 1485 primarim
713 1392 879 1485 potestatis
901 1391 1008 1461 civilis
1023 1389 1213 1460 auctoritate
1237 1387 1388 1458 munitm.

269 1503 393 1595 Hicque
424 1524 537 1570 seusus
566 1501 732 1578 exclusive
770 1501 1002 1592 intelligendus
1038 1506 1085 1568 est
1114 1495 1245 1591 quaudo
1281 1519 1392 1565 sermo

269 1612 308 1677 fit
345 1608 385 1677 de
422 1631 555 1702 corpore
585 1609 676 1700 juris
703 1609 852 1678 cononici
873 1635 882 1676 :
907 1629 1025 1700 corpus
1056 1606 1146 1676 enim
1172 1628 1238 1674 non
1276 1604 1393 1694 ingre-

269 1715 406 1787 diuntur
432 1717 520 1808 leges
557 1739 644 1786 mere
675 1715 888 1810 episcopales,
921 1726 952 1784 ct
980 1715 1053 1786 alias
1083 1711 1295 1806 hujusmodi,
1328 1713 1393 1780 nisi

270 1833 459 1903 auctoritate
487 1831 584 1902 Sedis
616 1830 810 1923 Apostolicae
840 1836 976 1900 mutatae
1007 1827 1130 1896 luerint
1155 1827 1190 1893 iu
1215 1825 1269 1918 jus
1295 1847 1392 1892 oom—

273 1964 384 2009 mune.

315 2053 347 2116 7.
380 2049 488 2120 Potest
514 2047 732 2119 nihilominus
763 2047 837 2139 quis
865 2046 921 2139 jus
947 2045 1142 2114 canonicum
1159 2066 1274 2114 vocare
1300 2067 1392 2111 com-

270 2158 457 2250 plexionem
476 2157 590 2248 legum
606 2157 760 2226 omnium
778 2154 1080 2240 ecclesiasticarum,
1107 2151 1139 2220 id
1164 2159 1223 2239 est,
1253 2159 1323 2220 turn
1351 2151 1393 2218 ab

271 2266 451 2336 universali
465 2265 631 2358 superiore
656 2263 884 2350 ecclesiastico,
910 2272 981 2332 turn
1001 2263 1100 2332 ctiam
1116 2285 1136 2330 a
1150 2259 1295 2352 praelatis
1308 2259 1393 2328 infe-

270 2375 414 2445 rioribus
442 2374 705 2463 constitntarum,
734 2383 765 2442 et
792 2371 867 2442 huic
895 2371 1064 2466 conceptui
1087 2393 1147 2441 suo
1162 2367 1394 2460 definitionem

272 2493 381 2578 aptaro
396 2485 560 2556 idoneam.

318 2594 377 2664 His
391 2595 596 2687 prenotatis,
613 2595 654 2661 sit

315 2712 508 2784 Paorosrrro.
535 2750 579 2764 -
597 2715 656 2780 dus
675 2711 871 2780 canonicum
891 2733 958 2780 non
985 2721 1070 2778 recte
1091 2708 1249 2800 definitur
1266 2735 1277 2774 .·
1297 2710 1395 2778 Gom-

266 2820 381 2910 plocio
406 2821 516 2910 ioquin
530 2818 764 2911 positivorum,
794 2841 877 2910 quac
897 2817 1038 2910 propria
1061 2816 1260 2886 auctoritate
1277 2838 1396 2884 sancc-
1507 2823 1508 2832 ’

274 2941 353 2996 runt
362 2929 471 3020 primi
482 2929 632 2998 Ecclesia
640 2942 791 3019 pastores
804 2927 861 3017 (1).

318 3042 402 3111 Nam
426 3043 484 3134 qui
504 3042 550 3112 sic
566 3041 738 3128 definiunt,
756 3041 808 3110 vel
824 3043 884 3110 sub
898 3049 1055 3132 conceptu
1068 3039 1152 3131 juris
1166 3039 1315 3108 canonici
1336 3040 1395 3107 in·
1507 3073 1508 3090 κ

272 3151 409 3220 cludunt
427 3159 557 3219 tantum
582 3151 669 3240 leges
692 3149 777 3241 juris
794 3149 990 3218 communis
1015 3157 1046 3215 et
1069 3148 1110 3215 ab
1133 3147 1322 3216 anctoritate
1338 3171 1394 3215 su·
1507 3221 1508 3226 ἵ

274 3280 389 3350 prema
403 3268 434 3327 et
449 3257 625 3327 universali
640 3256 789 3326 Ecclesiae
799 3257 959 3343 firmatas,
975 3254 1028 3324 vel
1042 3255 1177 3348 insuper
1191 3255 1279 3346 leges
1295 3253 1394 3324 etiam

274 3368 426 3460 speciales
453 3367 665 3458 praelatorum
696 3367 914 3452 inferiorum
947 3365 1037 3458 atqui
1065 3365 1100 3433 iu
1128 3374 1267 3457 utroque
1296 3387 1394 3434 sensu
1507 3397 1508 3410 2

276 3484 383 3566 peccat
398 3497 512 3544 corum
529 3475 685 3544 definitio.

318 3585 356 3652 lu
372 3584 472 3674 priori
487 3583 621 3675 quidem
637 3606 735 3654 seusu
751 3611 758 3651 :
774 3583 942 3675 Episcopis
965 3583 1055 3650 enim
1076 3581 1177 3651 tribui
1197 3603 1263 3650 non
1278 3580 1397 3652 debent
1507 3587 1508 3596 ’

276 3692 365 3780 leges
377 3692 462 3782 juris
475 3691 675 3777 communis,
702 3691 730 3758 si
749 3691 819 3759 vim
843 3715 938 3760 suam
959 3713 1024 3759 non
1039 3691 1080 3758 ah
1096 3689 1277 3781 Episcopis,
1298 3689 1354 3758 sed
1377 3715 1397 3758 a
1507 3707 1508 3728 ³

276 3799 344 3868 solo
363 3800 513 3868 Romano
537 3801 696 3871 Pontifice
716 3801 805 3890 leges
832 3821 946 3870 omnes
971 3800 1041 3867 istae
1064 3797 1223 3886 habeant;
1245 3797 1335 3890 atqui
1351 3799 1398 3866 ita
1507 3781 1508 3818 l

276 3917 323 3976 est
339 3935 346 3975 :
361 3929 440 3976 nam
453 3931 494 3976 ex
510 3908 574 3977 illis
585 3907 854 4000 quamplurimae,
871 3929 989 3998 nempe
1000 3906 1186 3994 decretales,
1204 3905 1313 3975 asolis
1327 3907 1396 3975 Ro-

303 4167 338 4228 (t)
354 4165 535 4217 Definitionum
548 4165 629 4227 ittam,
642 4177 720 4230 quarn
732 4163 774 4214 htc
788 4163 962 4225 confutamus,
980 4163 1060 4214 tradit
1081 4175 1174 4215 recens
1196 4165 1313 4216 Manuale
1331 4165 1396 4230 juris
1507 4141 1508 4233 i

275 4248 402 4312 canonici,
419 4253 523 4299 auctore
539 4251 668 4313 tequam,
681 4261 696 4300 a
709 4248 787 4302 Sacra
801 4245 1007 4313 congregatione
1029 4245 1125 4296 Indicia
1139 4246 1315 4311 reprobatum.
