3072 4948
246 450 314 516 382·
595 467 769 514 rnscrnrns
791 467 828 514 oa
852 467 1001 516 renuens

245 623 365 692 torrem,
384 627 478 698 nego.
498 607 598 698 Atqui
614 609 755 700 nepponi
772 611 884 700 nequit
899 613 1029 701 Papam
1050 609 1128 678 cette
1143 632 1206 678 esse
1220 629 1353 678 causam

238 718 470 811 permissivum
485 717 672 808 aliquorum
684 730 907 810 peecatorum,
929 721 1030 788 etiam
1044 719 1177 812 quando
1190 720 1236 788 sie
1250 719 1357 788 multo

239 830 344 921 plura
367 841 398 898 et
411 827 567 918 praeiere
581 843 747 920 praecem
763 829 1045 921 proculcatione
1058 830 1208 899 Ecclesiae
1223 829 1356 898 notabi-

246 939 321 1007 liter
333 937 482 1018 consulit,
499 947 637 1028 negatur
652 947 684 1006 et
698 938 833 1008 omnino
847 937 965 1008 fabum
981 947 1039 1008 est.
1052 939 1188 1026 ¹Bonum
1203 935 1355 1007 Ecclesiae

245 1055 277 1114 et
297 1045 417 1116 summi
437 1045 604 1114 Pontificis
621 1043 766 1115 officium
785 1043 922 1114 madent
937 1053 1080 1115 econtra
1096 1055 1128 1114 et
1143 1045 1307 1138 postulant
1321 1050 1356 1112 ut

248 1153 457 1243 mmmm.

693 1345 848 1402 PUNCTUll
871 1346 913 1400 Vl.

646 1491 682 1542 De
714 1505 843 1543 consensu
873 1492 956 1556 legali.

290 1691 475 1759 Consensus
497 1679 616 1758 dieitur
638 1689 762 1781 legalis,
784 1688 916 1781 quondo
929 1711 1078 1758 summus
1092 1689 1242 1758 Pontifex
1256 1690 1356 1779 igno-

247 1805 296 1866 rat
318 1793 594 1882 consuetudinem,
621 1805 653 1864 et
676 1797 811 1866 illinon
829 1800 990 1866 consentit
1003 1799 1069 1866 nisi
1085 1819 1144 1892 per
1157 1799 1357 1868 volontatem

247 1906 431 1996 generalem
450 1927 516 1997 quo
528 1905 599 1974 vult
617 1927 731 1976 omnes
744 1905 994 1976 consuetudines
1010 1905 1216 1976 rationabiles
1230 1915 1261 1975 et
1276 1906 1358 1997 legi-

248 2017 325 2086 time
347 2017 553 2110 prescriptae
576 2019 688 2087 firmos
708 2041 777 2088 esse
801 2026 833 2087 et
852 2019 921 2087 vim
941 2019 1025 2108 legis
1047 2017 1203 2088 obtinere.
1227 2017 1358 2109 Snppo-

248 2125 337 2193 nitur
358 2133 465 2194 nutem
485 2147 613 2217 semper
630 2126 665 2193 in
687 2147 817 2194 summo
833 2125 989 2196 Pontilioe
1005 2125 1155 2196 voluntas
1170 2125 1239 2194 haec
1254 2147 1360 2214 gene-

248 2233 338 2322 ralis,
362 2243 432 2304 tum
453 2235 529 2326 quia
551 2236 595 2302 ita
619 2234 761 2326 postem
782 2234 932 2304 linteis
954 2235 1090 2322 bonnm,
1114 2243 1185 2303 tum
1208 2233 1285 2326 quia
1303 2234 1361 2325 jus

248 2343 449 2431 canonicum,
471 2365 491 2410 c
509 2351 618 2411 sancto
632 2341 716 2412 Sede
731 2343 988 2434 promulgatum,
1009 2365 1067 2412 nec
1085 2343 1121 2410 in
1137 2341 1197 2411 hoc
1210 2363 1360 2434 unquam

247 2457 422 2536 mutatum,
448 2471 600 2540 expresse
625 2449 769 2518 decernit
791 2449 967 2518 servandas
990 2449 1162 2544 predictas
1184 2458 1362 2518 consuetu-

247 2557 350 2626 dines.

244 2721 248 2732 .
291 2665 338 2734 De
362 2687 521 2734 consensu
542 2673 650 2734 autem
673 2663 768 2755 legali
793 2687 859 2734 non
884 2665 993 2756 egitrn
1018 2663 1081 2733 nisi
1105 2687 1180 2734 oum
1202 2665 1311 2733 deficit
1325 2667 1362 2734 in

248 2793 376 2841 summo
395 2770 551 2841 Pontifioe
572 2772 713 2860 cognitio
736 2771 1005 2840 consuetudinis:
1033 2769 1068 2840 Si
1087 2773 1178 2840 enim
1196 2771 1286 2840 illam
1302 2795 1361 2842 eo-

247 2888 380 2970 gnoscat
406 2887 438 2946 et
460 2879 649 2965 consentiet,
671 2877 740 2970 ejus
762 2899 938 2948 consensus
957 2887 1005 2946 est
1026 2879 1217 2969 personalis,
1241 2878 1358 2968 idest,

248 3009 414 3079 expressio
427 2985 478 3056 vel
493 2987 623 3056 tacitm.

293 3093 437 3175 Quaestio
464 3101 513 3161 est
540 3093 624 3162 inter
653 3092 799 3162 doctores
825 3099 1050 3180 controversa,
1079 3101 1190 3160 utrum
1219 3092 1362 3162 sufficiet

249 3223 424 3274 censemus
436 3200 550 3290 legalis
562 3200 604 3269 cd
617 3200 847 3270 conterendam
862 3200 929 3270 vim
944 3200 1025 3290 legis
1040 3199 1278 3268 consuetudini.

294 3312 454 3381 Putaruut
480 3308 582 3400 aliqui
607 3308 858 3378 consuetudines
882 3331 903 3375 e
927 3307 1078 3398 Principe
1103 3307 1269 3396 ignomtas
1292 3331 1361 3376 non

249 3441 342 3513 posse
365 3419 436 3488 vim
457 3417 540 3507 legis
562 3416 711 3508 adipisci,
736 3439 795 3486 nec
809 3415 946 3508 proinde
964 3414 1180 3484 sufficientem
1198 3437 1267 3485 esse
1282 3439 1361 3486 con-

250 3552 381 3600 sensum
401 3528 494 3596 illnm
517 3527 701 3618 generalem
724 3529 779 3619 qui
800 3526 914 3616 legalis
932 3523 1062 3596 dicitnr.
1087 3524 1241 3615 Allegsnt
1260 3547 1362 3619 qnos·

249 3640 325 3708 dnm
354 3639 444 3707 Rotae
465 3659 607 3706 romanae
632 3637 810 3706 decisiones
836 3659 917 3730 quas
939 3636 1003 3704 sibi
1028 3635 1137 3704 lavere
1159 3635 1359 3721 existimant,

250 3757 282 3816 et
311 3744 530 3814 auctoritatem
559 3745 683 3814 Glossae
714 3744 749 3812 in
777 3753 874 3834 capnt
903 3743 1056 3812 ultimum
1086 3741 1173 3810 ocuti
1201 3741 1242 3810 de
1273 3745 1364 3812 Corr-

250 3852 429 3933 suetude'oe,
465 3852 522 3920 lib.
562 3857 576 3918 1
617 3851 844 3920 Decrotnlium.
887 3851 1049 3920 Praeterea
1085 3851 1132 3918 sic
1166 3862 1286 3940 urgent
1319 3873 1361 3920 ex

251 3963 375 4031 ratione
393 3987 401 4027 ι
427 3960 513 4030 idem
537 3959 658 4050 requiri
679 3958 773 4027 debet
791 3980 850 4049 pro
867 3959 1099 4028 consuetudine
1115 3958 1183 4028 vim
1200 3958 1284 4048 legis
1302 3958 1361 4026 ha·

251 4071 360 4155 bento,
383 4089 482 4160 quom
504 4088 565 4158 pro
587 4066 659 4156 lege
677 4065 839 4156 qualinam
858 4068 949 4158 atqm
967 4067 1060 4135 nulla
1073 4066 1128 4136 lex
1145 4069 1243 4136 stetui
1258 4076 1290 4136 et
1304 4068 1360 4134 vi-

252 4198 328 4272 gere
353 4181 455 4268 potest
479 4174 648 4263 ignorante
672 4173 843 4264 Principe;
870 4195 949 4264 ergo
973 4197 1033 4244 nec
1057 4176 1123 4246 ulla
1145 4175 1356 4250 consuetudo.
