3068 4948
315 439 375 504 :tte
667 457 841 504 rnrcrsrus
865 457 902 502 nn
926 457 1078 502 sarnensis

357 600 521 669 Probatur
536 603 567 665 8⁰
578 597 686 666 -Eu
698 597 867 666 communi
875 596 1096 688 probatorum
1112 609 1285 666 auctorum
1300 589 1428 666 commss

312 733 360 777 su.
379 709 483 775 -Ita
506 715 636 775 sanctus
650 705 817 774 Thomas:
839 705 996 788 Quamvis
1017 727 1066 772 res
1080 705 1231 775 Ecclesia
1246 706 1312 773 sint
1335 709 1428 798 Papa

313 827 349 884 ut
361 814 554 906 principalis
568 813 810 904 dispernamus,
827 835 892 880 non
906 823 1105 880 tamencum
1119 813 1191 904 ejus
1205 827 1243 880 ut
1263 812 1391 881 domini
1403 825 1429 880 et

311 922 499 1016 possessoris
522 922 566 1010 (2.
586 925 618 1006 t,
637 944 670 1012 q.
700 925 775 1007 1011,
797 943 816 987 a
833 924 845 987 1
866 917 906 991 ad
923 921 968 1008 7).
986 921 1089 988 Porro
1110 920 1279 989 Doctorcm
1297 921 1430 1011 Angeli-

313 1055 387 1100 cnm
416 1029 619 1112 adducendo,
640 1036 740 1098 totam
768 1029 834 1096 tere
858 1027 1002 1096 scholam
1027 1028 1210 1096 citavimus.
1236 1031 1430 1098 Immensum

216 1152 218 1156 “
313 1140 402 1208 illam
425 1137 666 1206 canonistarum
692 1135 778 1204 idem
803 1134 1044 1204 concinentium
1070 1135 1189 1204 nubem
1212 1135 1265 1203 bic
1280 1136 1431 1205 exhibere

314 1271 419 1340 neque
445 1246 608 1339 possibile,
638 1267 743 1337 nsque
768 1243 984 1312 necessarium
1010 1252 1069 1311 est.
1096 1243 1215 1336 Aliqua
1229 1252 1358 1312 tantum
1372 1253 1431 1311 tes-

313 1359 452 1427 timonia
475 1358 514 1426 de
535 1356 682 1424 doctrina
708 1357 742 1424 in
757 1355 886 1441 Galliis,
903 1356 1000 1423 etiam
1019 1362 1164 1446 tempora
1178 1353 1431 1424 Constantiensis

315 1467 444 1536 concilii
458 1466 635 1551 obtinente,
653 1463 876 1554 subjiciemus.

360 1575 413 1644 Sic
427 1572 667 1642 Cameracensis
686 1569 958 1663 A'rcbiepiscopus
974 1572 1089 1640 Petrus
1105 1571 1227 1664 d'Ailly
1251 1573 1362 1663 (quun
1385 1581 1431 1638 to-

316 1686 381 1752 tins
402 1706 470 1750 snas
486 1681 642 1752 doctrinm
658 1688 830 1773 patronum
854 1681 1011 1750 Gallicani
1026 1682 1059 1749 in
1082 1681 1227 1750 medinm
1242 1680 1430 1766 adducunt),

315 1794 349 1860 in
370 1790 539 1882 opusculo,
569 1811 655 1857 anno
680 1791 762 1856 1116
790 1789 871 1858 lecto
896 1797 927 1857 ct
942 1790 1106 1881 publicato
1127 1790 1161 1856 in
1178 1791 1315 1882 ipsamet
1329 1789 1431 1858 Cons-

315 1898 467 1968 tantiensi
480 1896 606 1987 synodo
625 1924 632 1964 1
649 1901 744 1988 Papa
755 1898 835 1987 jure
850 1901 963 1988 potuit
978 1897 1202 1966 ordinationes
1215 1898 1391 1988 majorum
1406 1909 1432 1964 et

316 2007 525 2076 electivarum
551 2005 754 2095 dipnitatum
775 2027 813 2072 ac
839 2005 1027 2074 collationes
1043 2006 1187 2074 ellonem
1209 2005 1432 2096 beneficiorum

317 2115 379 2184 sibi
399 2127 430 2182 et
445 2113 636 2206 Apostolieu
652 2112 732 2181 Sedi
749 2135 922 2193 reservare,
940 2113 1019 2204 quia
1034 2113 1102 2182 bac
1117 2112 1346 2205 antiquissimo
1359 2118 1433 2205 jure

317 2225 379 2293 sibi
393 2222 627 2315 competebant.
650 2225 725 2290 Hae
741 2222 841 2289 etiam
860 2245 925 2289 non
946 2222 1052 2289 solum
1066 2223 1148 2312 jure
1163 2222 1360 2291 universalis
1374 2221 1432 2290 ad-

318 2330 569 2400 ministrationis
594 2329 728 2420 papalis
755 2341 935 2420 potuerunt
962 2341 1152 2420 competere,
1182 2330 1239 2398 sed
1265 2329 1370 2398 etiam
1399 2353 1433 2396 ee

317 2439 451 2530 speciali
460 2461 571 2518 eausa,
589 2436 717 2504 ratione
738 2437 885 2504 materia
898 2424 1062 2527 subjectae,
1084 2449 1197 2528 utpote
1210 2439 1288 2530 quia
1305 2439 1432 2529 inferio

319 2571 367 2616 res
390 2548 427 2616 in
442 2549 509 2615 suis
525 2545 741 2625 electionibus,
759 2558 790 2612 ct
803 2544 968 2613 ordinarii
979 2545 1148 2613 collatores
1159 2547 1193 2612 in
1209 2547 1433 2637 beneficiorum

319 2655 545 2724 collationibus
573 2651 804 2733 abutebantur,
831 2664 862 2720 et
882 2653 1150 2744 perpotentiam
1178 2654 1331 2722 laicalem
1356 2675 1433 2743 sape

314 2767 394 2855 jure
419 2786 477 2831 suo
499 2785 565 2830 non
584 2762 681 2830 libere
706 2763 758 2829 uti
772 2761 1063 2853 permittebantur,
1090 2785 1145 2829 seu
1170 2763 1284 2854 aliqua
1305 2761 1435 2854 speciali

319 2872 446 2939 ratione
471 2870 568 2963 (apud
594 2871 669 2940 Von
692 2869 750 2936 der
771 2869 888 2955 Hardt,
913 2869 1012 2938 Cone.
1041 2870 1167 2956 Consu,
1189 2879 1224 2937 t.·
1238 2871 1297 2956 Vl,
1314 2895 1350 2964 p.
1372 2875 1429 2958 50}.

319 2976 412 3047 Unde
437 2977 623 3046 Gallicanus
646 2976 701 3044 ille
716 2975 856 3061 Praesul,
884 2999 981 3068 quem
999 2976 1110 3045 nullus
1123 2987 1209 3046 certe
1224 2978 1310 3045 inter
1326 2999 1432 3046 assen-

319 3095 437 3155 tatores
461 3094 492 3153 et
506 3085 629 3153 colicos
651 3085 747 3174 Papae
763 3085 959 3170 numerabit,
973 3085 1028 3177 jus
1044 3085 1315 3154 reservandornm
1333 3088 1431 3154 bene-

323 3194 471 3261 bciornm
493 3191 612 3282 triplici
633 3191 727 3259 titulo
747 3192 904 3260 Romame
921 3190 996 3259 Ssdi
1019 3191 1230 3260 tribuendum
1249 3193 1430 3262 fatebatur:

321 3301 417 3371 titulo
445 3321 560 3390 nempe
587 3298 781 3367 universalis
804 3297 1111 3386 administrationis,
1141 3301 1265 3370 ratione
1295 3301 1431 3371 materia

321 3408 484 3499 subjectu,
500 3416 531 3475 ct
547 3406 634 3497 quod
647 3407 702 3498 jus
717 3405 798 3475 illud
813 3407 912 3498 Papae
926 3416 1009 3475 essct
1025 3407 1301 3500 antiquissimum.

366 3517 517 3584 Alterum
541 3514 698 3582 doctrinm
725 3515 759 3581 in
785 3514 892 3583 Gallia
921 3513 1063 3604 vigentis
1090 3525 1215 3603 testem,
1243 3520 1431 3610 praclamm

322 3622 510 3709 Rebnffum,
533 3621 730 3690 audiamus:
757 3625 851 3714 Papa
871 3623 953 3713 jure
972 3625 1204 3713 proventionis
1219 3627 1332 3694 omnia
1348 3626 1432 3694 bars-

319 3733 397 3821 ficr'o
416 3742 524 3822 potest
545 3732 701 3819 conferre,
726 3751 802 3796 cum
826 3742 914 3798 totus
934 3729 1077 3798 mundus
1097 3731 1139 3798 sit
1160 3732 1304 3801 dioecesis
1324 3737 1430 3824 Papa.

326 3838 414 3906 Unde
435 3859 500 3904 non
522 3850 568 3905 est
592 3836 728 3916 mirum,
757 3836 843 3905 siin
869 3860 929 3906 sua
954 3836 1093 3920 dioecesi,
1121 3840 1223 3907 etsie
1243 3863 1309 3930 per
1334 3853 1432 3909 totum

323 3943 484 4014 mundum
503 3945 645 4034 conferre
659 3943 765 4034 possit
786 3944 831 4034 (in
848 3945 1015 4032 concord,
1031 3946 1080 4014 tit.
1103 3945 1143 4015 de
1158 3948 1327 4016 Mandatis
1341 3969 1431 4039 apos-

323 4053 437 4132 tolicis,
455 4051 649 4120 adverbum
666 4052 827 4132 Gravare,
846 4053 1042 4145 paragraph.
1063 4058 1093 4140 1,
1109 4078 1142 4147 p.
1161 4058 1237 4143 686,
1254 4055 1429 4142 1111111115-

323 4162 416 4248 duni,
440 4160 550 4252 11109).
