3064 4952
598 519 679 565 suars
702 519 852 566 canonici.
1217 499 1280 564 235

166 682 225 752 per
250 667 350 728 totam
371 658 456 727 hanc
478 659 671 729 saeculorum
686 659 803 728 seriem
816 659 937 751 injuste
951 665 983 726 et
996 657 1171 750 eontrajua
1185 667 1280 728 natu-

165 770 233 838 rale
246 767 464 838 obedientiam
481 769 549 838 suis
567 768 695 858 legibus
710 770 896 860 exegissent
911 768 1110 860 legislatores
1124 767 1277 840 Romani.

167 876 233 947 Sed
245 878 308 948 hoc
320 877 574 948 verisimilenon
588 885 647 966 est,
662 883 693 945 et
706 877 809 968 gratis
821 898 955 969 prorsus
963 885 1171 946 assereretur.
1186 877 1280 960 Quod

166 989 254 1056 euim
275 989 311 1056 in
335 1011 370 1057 re
395 989 475 1058 tanti
491 988 648 1058 momenti
661 995 693 1057 et
715 995 781 1057 tam
795 988 938 1080 practica
953 1009 1039 1056 unus
1051 1009 1093 1055 ex
1108 988 1281 1080 precipuis

166 1097 250 1166 inter
273 1119 386 1166 omnes
409 1096 523 1166 mnndi
548 1096 685 1190 populos
705 1117 746 1164 ne
759 1095 944 1187 suspicatus
959 1093 1092 1186 quidem
1108 1101 1157 1164 est
1172 1094 1211 1164 ad
1227 1097 1281 1188 jus

165 1205 312 1274 naturale
334 1205 508 1297 pertinere,
535 1203 698 1274 immerito
720 1204 934 1274 sustineretur
950 1224 1020 1272 esse
1040 1203 1169 1295 dejure
1185 1211 1280 1271 natu-

165 1313 238 1382 rali.
268 1311 331 1382 Sed
358 1312 493 1382 relative
516 1311 625 1404 adjus
641 1312 800 1401 naturale,
818 1310 904 1380 idem
920 1319 968 1379 est
982 1309 1021 1380 de
1036 1309 1164 1402 legibus
1179 1311 1281 1379 eccle-

165 1420 302 1490 siasticis
326 1443 363 1488 ae
387 1419 427 1489 'de
450 1417 579 1511 legibus
594 1418 748 1488 civilibus
762 1417 870 1510 quoad
886 1417 1180 1510 promulgationem
1194 1415 1282 1487 sulli-

164 1527 320 1607 eientem;
347 1549 427 1617 ergo
454 1525 611 1620 praediata
623 1526 764 1596 Romani
777 1525 906 1617 imperii
922 1525 1034 1618 praxis
1049 1532 1158 1616 aperte
1172 1525 1282 1593 innuit

166 1657 232 1704 non
261 1657 330 1704 esse
359 1632 398 1703 de
422 1633 496 1726 jure
514 1633 656 1704 naturali
681 1633 894 1702 necessariam
924 1632 958 1700 in
978 1632 1155 1725 provinciis
1170 1633 1281 1723 legum

165 1743 407 1836 pontificiarum
422 1743 728 1836 promulgationem.

208 1851 266 1920 111⁰
281 1856 535 1921 Demonstratur
557 1851 655 1920 thesis
680 1873 720 1919 eu
734 1862 858 1919 natura
866 1851 1146 1942 promulgationis
1170 1854 1282 1920 Romae

162 1963 261 2051 factae
282 1973 314 2030 et
333 1960 657 2029 circumstantiarum
677 1959 772 2028 illam
786 1959 1027 2028 comitantium.
1046 1999 1089 2012 -
1104 1959 1149 2029 Ut
1161 1981 1281 2028 eonve-

166 2070 292 2138 nienter
315 2069 483 2162 perveniet
507 2077 595 2139 certa
621 2069 763 2159 cognitio
787 2067 828 2137 de
848 2067 919 2158 lege
938 2068 1003 2136 lata
1017 2077 1049 2136 et
1062 2068 1279 2160 promulgata,

165 2201 231 2247 non
256 2200 391 2248 necesse·
407 2187 455 2245 est
476 2186 512 2246 ut
537 2199 650 2245 omnes
669 2177 780 2245 fideles
805 2178 840 2245 in
862 2174 1015 2245 universo
1035 2176 1113 2245 orbe
1129 2176 1278 2268 dispersi,

165 2286 368 2374 simultanee,
400 2285 433 2354 id
460 2294 520 2371 est,
552 2283 666 2354 eodem
695 2283 747 2353 die
772 2293 803 2352 et
816 2281 928 2353 eadem
953 2283 1045 2372 hora,
1063 2282 1281 2376 cognitionem

165 2393 253 2462 illam
284 2394 464 2485 acquirant.
494 2391 580 2462 lllud
606 2392 695 2462 euim
723 2415 827 2484 neque
848 2413 906 2483 per
928 2391 1221 2484 promulgationem
1246 2394 1281 2461 in

167 2503 342 2593 provinciis
368 2501 508 2571 obtineri
537 2501 629 2588 solet,
656 2501 722 2569 imo
747 2521 805 2568 nee
819 2507 940 2592 potest3
964 2506 1035 2567 tum
1051 2500 1127 2592 quia
1143 2501 1279 2593 provin-

166 2610 223 2680 ciae
255 2611 503 2704 propinquiores
528 2609 623 2678 eitius
653 2631 752 2702 quam
780 2607 968 2678 remotiores
995 2608 1144 2676 notitiam
1169 2610 1277 2701 acqui·

166 2726 255 2806 runt,
281 2728 374 2788 etex
397 2719 472 2810 jure
495 2719 637 2788 naturali
664 2718 797 2786 minime
823 2716 1153 2810 prohibenturlegem
1169 2718 1279 2786 statim

166 2837 329 2919 acceptare
352 2834 384 2894 et
408 2827 631 2918 promulgare,
648 2849 707 2895 nec
727 2833 877 2894 tenentur
893 2833 1062 2917 expectare
1073 2823 1159 2893 diem
1174 2836 1206 2894 et
1220 2825 1281 2895 ho-

166 2957 236 3004 ram
266 2935 385 3028 quibus
413 2935 629 3004 remotissima
659 2935 828 3026 provincia
857 2933 1151 3026 promulgationem
1167 2933 1277 3020 laciet3

167 3051 235 3112 tum
256 3041 334 3134 quia
353 3040 557 3134 promulgari
579 3041 693 3134 nequit
706 3041 760 3110 lex
774 3042 886 3111 eadem
902 3040 982 3110 horo
997 3040 1031 3109 in
1046 3041 1197 3110 omnibus
1210 3064 1281 3110 om-

166 3152 243 3220 nino
273 3148 420 3243 ejusdem
453 3147 598 3218 diaecesis
627 3148 791 3242 parochiis
817 3157 849 3216 et
866 3149 960 3235 loeis3
979 3155 1049 3217 tum
1064 3150 1141 3240 quia
1156 3148 1281 3218 etiamsi

166 3259 209 3328 ita
231 3259 266 3327 in
292 3257 444 3326 omnibus
464 3256 626 3348 parochiis
649 3257 913 3348 promulgaretur
934 3256 1044 3350 aliqua
1068 3257 1279 3326 determinata

166 3367 259 3454 hore,
286 3365 380 3435 multi
405 3363 517 3433 fideles
532 3386 598 3433 non
626 3363 775 3434 adessent
788 3373 820 3434 et
834 3364 980 3434 notitiam
996 3387 1061 3433 non
1079 3365 1283 3457 acquirerent

167 3476 230 3544 nisi
261 3473 436 3568 posterius;
468 3481 537 3542 tum
564 3474 641 3565 quie
668 3472 774 3565 quoad
801 3472 890 3564 leges
906 3473 1142 3566 Episcoporum
1156 3483 1188 3544 et
1203 3497 1281 3544 con-

167 3583 317 3653 ciliorum
341 3579 590 3676 provincialium
616 3580 763 3651 doctores
788 3603 901 3650 omnes
916 3590 953 3650 ut
966 3591 1091 3650 certum
1107 3582 1282 3652 admittunt

167 3689 313 3760 sufficere
338 3690 632 3782 promulgationem
652 3691 687 3758 in
703 3689 876 3782 principali
890 3698 947 3759 aut
960 3689 1194 3783 principalibus
1206 3693 1281 3785 qui-

166 3797 304 3866 busdam
327 3797 419 3886 lucis,
435 3819 494 3890 pro
509 3797 735 3888 legislatorum
750 3797 887 3867 arbitrio
901 3804 957 3866 aut
968 3806 1095 3891 recepta
1109 3808 1281 3870 cousuetu-

167 3907 253 3976 dine.
284 3905 378 3977 Unde
408 3915 445 3975 ut
472 3906 697 3974 conuenienter
721 3905 892 3998 perueniat
909 3906 1053 3996 cognitio
1067 3906 1236 3997 legislatio
1251 3917 1282 3979 et

167 4014 381 4107 promulgatae
401 4013 442 4082 ad
464 4036 594 4082 ornnem
619 4013 899 4101 communitatem,
922 4013 1122 4082 hortantum
1139 4017 1282 4108 requiri-

167 4132 232 4214 tur,
248 4134 280 4192 et
292 4122 378 4192 bono
394 4122 561 4192 communi
572 4120 737 4208 Ecclesiae,
747 4128 780 4189 et
788 4120 985 4210 legislatoris
996 4143 1092 4211 scopo
1104 4121 1234 4210 sufficit,
1246 4133 1282 4192 ut

170 4233 207 4302 ad
228 4253 492 4324 unamquamque
506 4229 708 4320 provinciam
730 4229 872 4319 cognitio
894 4228 964 4298 haec
987 4236 1072 4297 certo
1086 4240 1282 4322 perventura
