3022 4950
285 473 325 536 26
637 495 812 540 rnacrnros
834 495 872 542 nn
895 494 1049 540 Patronus

281 642 335 702 tus
352 633 451 702 fuerit
464 644 495 703 et
511 635 721 724 intellexerit,
741 646 829 709 certo
843 644 1047 729 compertum
1063 636 1222 714 hahemus
1233 657 1275 706 ex
1287 635 1398 730 Scrip-

283 750 359 810 tura
374 764 465 811 sacra
480 754 512 811 et
527 743 678 834 dogmate
694 746 863 833 catholico,
886 767 992 836 neque
1012 744 1135 814 factum
1155 744 1237 814 illud
1258 753 1400 834 negetur

283 859 341 919 aut
358 853 473 942 negari
494 859 610 944 potest.
636 856 716 925 ltem
737 855 824 947 quod
846 855 982 948 quilibet
1000 855 1100 923 homo
1115 854 1151 922 in
1166 853 1320 945 praesenti
1334 853 1401 922 hu-

287 981 392 1029 manae
415 969 540 1031 naturae
561 963 744 1034 conditione
765 965 953 1056 parentibus
977 973 1009 1031 et
1029 963 1178 1032 societate
1202 961 1349 1053 indigeat
1363 973 1401 1032 ut

285 1067 479 1138 evolvantur
499 1071 603 1163 ipsius
623 1071 790 1141 facultates
817 1079 849 1141 ct
873 1069 1041 1142 distinctas
1070 1071 1219 1140 notiones
1238 1071 1399 1164 acquirat,

284 1172 329 1244 ita
345 1185 392 1264 ut,
414 1177 582 1248 deficiente
600 1183 691 1250 omni
713 1179 823 1250 sociali
842 1180 1016 1266 locutione,
1043 1179 1230 1269 magisterio
1245 1189 1276 1247 et
1296 1180 1402 1271 juva-

284 1283 387 1372 mine,
398 1309 464 1355 non
478 1295 606 1358 tantum
618 1288 784 1358 distinctas
794 1297 826 1358 et
839 1289 977 1358 reflexas
992 1288 1140 1356 notiones
1150 1287 1329 1378 acquirere,
1344 1287 1401 1356 sed

287 1413 327 1458 ne
353 1393 465 1464 vivere
479 1397 610 1488 quidem
633 1399 746 1490 possit,
769 1407 817 1468 est
838 1399 935 1468 etiarn
952 1397 1073 1466 facturn
1087 1396 1292 1489 experientia
1306 1419 1403 1465 conr-

285 1510 414 1592 pertum
430 1512 461 1571 et
475 1504 563 1596 quod
579 1515 676 1596 negat
687 1507 810 1575 nullus.

330 1612 374 1678 At
391 1634 468 1680 vero
483 1615 646 1706 possibilis
668 1616 851 1706 concipitur
867 1613 1012 1684 collectio
1028 1614 1213 1702 hominurn,
1230 1615 1287 1707 qui
1303 1613 1406 1682 simul

286 1718 433 1808 instato,
449 1744 548 1812 quem
568 1723 716 1814 perfectae
736 1724 840 1792 aetatis
859 1745 1026 1811 vocamus,
1049 1729 1248 1792 crearentur.
1276 1723 1319 1790 Hi
1342 1745 1405 1790 en-

289 1833 354 1895 tem
381 1837 493 1898 utrum
518 1853 576 1923 per
602 1855 636 1902 se
661 1833 748 1924 ipsos
769 1842 799 1900 et
826 1855 884 1924 per
908 1833 1010 1901 solam
1033 1831 1096 1900 sibi
1121 1831 1262 1900 inditam
1281 1830 1406 1898 intelli-

289 1935 388 2025 gendi
403 1936 601 2028 facultatem,
624 1939 794 2009 deliciante
816 1940 906 2009 omni
928 1939 1083 2008 anteriori
1098 1940 1157 2008 Dei
1173 1947 1231 2007 aut
1243 1939 1406 2008 societatis

289 2044 463 2131 locutione,
494 2057 624 2142 possent
647 2049 795 2119 notiones
818 2048 1050 2118 determinatas
1074 2055 1106 2116 et
1133 2047 1270 2116 reflexas
1292 2046 1406 2137 aequi-

290 2174 375 2240 rere,
397 2163 429 2223 et
443 2155 618 2226 locutionis
636 2158 677 2226 nd
694 2159 834 2226 invicem
854 2157 1012 2226 formulas
1028 2155 1188 2243 invenire,
1205 2164 1254 2224 cst
1268 2156 1408 2248 quaestio
1500 2233 1501 2244 ἶ

292 2259 434 2350 diversa,
460 2287 537 2357 quae
567 2289 610 2336 ex
637 2268 683 2335 eis
707 2289 783 2360 quae
810 2267 967 2335 eveniunt
993 2265 1029 2332 in
1054 2264 1406 2360 praesentihominum
1500 2279 1501 2282 ’

292 2379 378 2442 statu
391 2374 526 2444 minime
540 2376 623 2446 solvi
638 2386 753 2470 potest.
776 2377 881 2459 Quam
897 2375 1029 2468 quidem
1044 2375 1257 2465 questionem
1273 2374 1409 2442 hicnon

195 2565 198 2572 .
292 2490 485 2572 tractamus3
506 2486 562 2554 sed
586 2487 781 2557 adnotamus
802 2495 930 2557 tantum
955 2483 1252 2555 atradilionalistis
1273 2485 1409 2554 minima

292 2591 423 2682 probari
439 2593 630 2686 hujusmodi
645 2598 806 2682 homines,
824 2619 907 2688 quos
921 2595 1009 2663 Deua
1023 2602 1147 2662 crearet
1167 2593 1202 2661 in
1224 2603 1316 2663 aetate
1330 2617 1410 2686 per-

293 2697 374 2766 fectu
388 2700 471 2769 sicut
487 2705 609 2772 creavit
625 2705 803 2790 Adamum,
826 2703 868 2771 ad
883 2702 1101 2772 evolutionem
1119 2701 1310 2771 facultatum
1326 2726 1409 2773 sua-

295 2829 369 2876 rum
392 2808 514 2900 absque
535 2821 701 2903 praeeunte
716 2812 784 2880 ulla
797 2811 906 2880 sociali
921 2811 1084 2880 locutione
1099 2833 1165 2879 uon
1179 2819 1406 2904 perventuros.

294 2917 363 2984 lino
384 2917 418 2984 in
445 2921 599 3009 praesenti
626 2921 722 2988 etiarn
749 2919 945 2989 conditionis
972 2919 1125 2990 humanae
1154 2927 1251 3008 statu,
1279 2920 1306 2989 si
1333 2944 1411 2990 curn

295 3027 390 3093 certia
403 3028 599 3117 quibusdam
621 3028 837 3115 cautionibus,
854 3051 929 3121 quae
951 3051 1121 3121 uunquam
1141 3027 1297 3097 adhibitae
1318 3038 1409 3115 sunt,
1499 3019 1500 3057 r

296 3133 444 3204 homines
477 3137 579 3229 aliqui
609 3137 839 3228 educarentur,
871 3137 1006 3206 minime
1039 3137 1251 3226 impossibilis
1277 3139 1413 3229 probari

296 3251 400 3333 potest
416 3243 605 3315 facultatum
629 3247 773 3338 ipsorum
793 3245 937 3316 evolutio
956 3253 1050 3314 extra
1069 3267 1165 3314 omne
1180 3245 1297 3315 sociale
1311 3247 1413 3316 collo·

296 3350 414 3442 quium
436 3360 468 3418 et
484 3355 721 3441 magisterium.
748 3353 972 3446 Supponimua
992 3374 1108 3444 nempe
1130 3351 1241 3422 decem
1256 3355 1414 3446 puerulos

297 3459 405 3526 atatim
426 3484 446 3527 a
469 3462 575 3551 prima
590 3463 727 3531 infantia
750 3463 790 3529 oh
811 3461 900 3530 omni
917 3461 1075 3530 societatis
1088 3461 1250 3528 consortio
1266 3460 1410 3548 secludi;

199 3595 200 3598 ¹
299 3576 330 3636 et
344 3559 411 3637 illis
426 3572 609 3639 necessaria
630 3572 672 3640 ad
696 3571 875 3663 vivendum
897 3595 935 3640 ea
956 3592 1036 3640 cura
1058 3579 1090 3639 ct
1115 3578 1183 3640 arte
1198 3571 1350 3661 praeberi,
1376 3581 1415 3639 ut

153 3685 157 3700 '
180 3723 181 3726 =
299 3676 412 3746 sedulo
427 3686 666 3770 praecaveretur
677 3680 784 3749 omnis
798 3702 857 3770 per
872 3679 974 3758 verba
987 3687 1044 3747 aut
1059 3681 1154 3769 signe
1174 3699 1249 3746 eum
1265 3679 1417 3748 societate

300 3789 559 3857 communicatio.
590 3789 718 3858 Interea
744 3810 823 3856 vero
854 3786 1008 3879 puerulos
1033 3787 1105 3856 illos
1127 3787 1226 3856 simul
1250 3795 1418 3856 versantes

301 3897 480 3966 adolescere
496 3907 527 3964 et
541 3897 583 3966 ad
605 3898 768 3968 decimum
790 3898 942 3990 quintum
962 3919 1086 3964 annum
1105 3896 1287 3988 pervenire.
1314 3895 1419 3965 Puta-

301 4030 375 4086 mus
397 4015 471 4076 ante
491 4017 617 4076 aetatem
643 4009 727 4078 hanc
754 4016 787 4076 et
806 4008 929 4097 lingua
950 4007 1090 4099 alicujus
1108 4029 1204 4075 usum
1230 4004 1318 4098 apud
1344 4005 1420 4074 illos
1497 4049 1498 4094 3

301 4117 383 4200 fore,
413 4124 444 4182 et
472 4115 695 4206 multipliciter
720 4116 859 4184 evolutae
882 4113 1107 4204 intelligentiae
1125 4113 1319 4182 testimonia.
1352 4113 1419 4182 Sed

301 4233 425 4294 tantum
447 4224 499 4292 hic
522 4223 716 4294 adnotamus
741 4222 940 4296 contrarium
965 4221 1260 4290 straditionalistis
1281 4219 1418 4299 minime
1497 4215 1498 4279 l
