3050 4946
556 501 640 552 lultls
661 499 812 552 oldomcl.

598 875 726 966 cri.

197 1087 233 1136 he
257 1084 354 1136 celebri
375 1087 401 1134 et
421 1081 599 1148 antiquissime
623 1079 778 1132 collectione
797 1079 824 1130 in
848 1079 960 1130 concilio
982 1079 1190 1134 chalcedonensi

578 1167 789 1215 commemorota.

182 1381 214 1444 l·
230 1377 363 1446 Certum
383 1373 517 1465 estjam
542 1379 616 1440 nnte
642 1370 904 1442 chalcedonense
925 1371 1111 1461 concilium,
1131 1372 1167 1442 id
1190 1386 1250 1465 est,

133 1495 209 1554 ante
230 1505 354 1552 annum
379 1485 438 1550 lii
462 1482 495 1548 in
513 1501 576 1549 usn
591 1479 691 1548 fuisse
710 1477 796 1570 apud
816 1477 996 1548 Orientales
1016 1478 1167 1550 Codicem
1191 1484 1252 1552 eli·

133 1617 234 1687 quem
254 1613 428 1676 cononum,
455 1588 602 1656 numeris
627 1587 829 1672 distinctum,
858 1595 890 1654 et
914 1587 976 1655 suh
998 1587 1111 1658 eodem
1138 1613 1254 1662 nume-

133 1725 250 1772 rorum
277 1700 463 1770 contionale
489 1698 571 1766 serie
603 1717 742 1766 conones
770 1696 1024 1786 precedentium
1053 1700 1255 1791 synodorum

135 1808 414 1900 complectentem]
440 1805 601 1874 Probatur
624 1826 665 1872 ex
687 1803 766 1872 sctis
788 1803 957 1894 ipsiusmet
981 1805 1256 1878 Chalcedonensis

136 1916 277 1988 concilii.
303 1915 357 1982 Sic
379 1915 466 1982 enirn
491 1911 612 2002 legitur
634 1911 758 1979 actione
778 1918 919 2002 quarte:
941 1913 1064 1996 Aetius,
1089 1917 1256 1988 archidia-

137 2047 237 2095 conus
254 2019 624 2112 Corstontinopolitarree
637 2031 755 2086 sancte
770 2030 800 2085 et
811 2019 980 2088 catholice
991 2023 1142 2092 Ecclesiae
1151 2022 1258 2096 dicit:

138 2133 254 2224 repella
274 2143 320 2198 est
345 2129 413 2198 lsaec
436 2150 511 2196 cerm
530 2126 605 2194 aliis
622 2126 734 2218 posita
758 2126 913 2194 asarectis
932 2129 1154 2213 Patribus...,·
1175 2143 1206 2201 et
1220 2158 1260 2204 ec

139 2239 247 2308 codiee
266 2237 378 2326 relcpit
398 2236 467 2304 hec
485 2261 495 2302 .·
512 2232 551 2303 de
573 2233 695 2302 clericis
716 2245 747 2301 et
771 2232 941 2301 monachis
958 2235 1018 2326 qui
1034 2239 1220 2331 semetipsos
1239 2267 1261 2310 α

141 2347 371 2418 communione
397 2343 595 2436 suspendunt
617 2371 628 2409 .·
650 2343 679 2410 si
699 2342 867 2434 presbyter
893 2356 953 2411 act
978 2342 1134 2414 diaconus
1162 2372 1260 2419 suum

142 2471 348 2526 contemneres
362 2453 573 2544 Episcopum,
591 2460 680 2518 etc...
705 2454 822 2519 Ornrees
836 2451 1094 2521 reverendissimi
1105 2457 1263 2550 Episcopi

142 2568 395 2635 clamaverunt:
416 2561 484 2630 lucc
501 2563 597 2651 justa
615 2559 742 2650 requio,
769 2561 838 2628 lenc
864 2560 979 2650 repula
999 2561 1151 2632 Patrem.
1172 2565 1261 2656 Ergo

143 2675 291 2746 exstabat
302 2672 416 2756 codex,
433 2679 464 2738 et
479 2671 513 2738 in
527 2670 588 2738 isto
603 2669 711 2738 codice
721 2669 868 2738 exstabat
882 2692 958 2738 cum
971 2670 1046 2740 aliis
1058 2673 1172 2763 regule
1185 2699 1261 2767 quse

144 2783 225 2852 lecto
243 2789 290 2850 est
307 2802 417 2849 coram
440 2777 588 2847 concilio.
613 2776 678 2845 lsln
701 2785 811 2845 aulem
833 2777 947 2866 regule
967 2785 1015 2846 cst
1030 2801 1133 2849 conon
1151 2787 1168 2848 5
1184 2805 1263 2853 con·
1372 2805 1375 2810 ’

146 2892 212 2961 cilii
230 2889 439 2959 Antiocheni.
465 2889 627 2956 Praeterea
650 2888 683 2954 in
706 2887 833 2956 sctione
860 2887 899 2954 de
920 2887 1036 2958 Cerolo
1054 2899 1086 2958 et
1101 2891 1264 2963 Dorotheo

146 2997 194 3064 sic
208 2995 327 3063 habent
350 2993 463 3062 cedem
479 3001 549 3060 acte
563 2991 691 3061 concilii
707 2991 979 3062 Chalcedonensis
999 3020 1005 3060 :
1023 2997 1151 3067 Sancta
1168 3022 1266 3091 syreo-

148 3104 210 3174 dus
228 3101 314 3171 dicit
332 3127 342 3167 .·
357 3101 444 3168 sacri
470 3103 611 3168 Patriam
634 3122 770 3167 conones
791 3100 946 3190 lecenter
971 3115 1003 3170 ec
1023 3111 1267 3180 commentariis

147 3213 347 3280 insereretur.
364 3211 569 3299 Sumptoque
583 3206 666 3276 libro
682 3207 793 3274 Aetius
806 3207 1056 3280 archidiaconus
1070 3226 1101 3281 et
1110 3216 1267 3306 primice-

149 3321 219 3388 rius
235 3340 366 3409 mcpcee
381 3317 516 3387 ecclesie
531 3319 621 3408 lepit.
640 3321 753 3390 Canon
771 3322 810 3386 83
830 3343 838 3384 ε
855 3319 897 3387 Si
910 3321 982 3410 quis
995 3323 1187 3414 Episcopus,
1205 3334 1266 3396 etc.

154 3433 265 3502 Conon
282 3433 321 3497 84
342 3455 349 3497 :
365 3429 406 3498 Si
419 3429 491 3519 quis
500 3428 671 3520 presbyter
685 3441 744 3496 cut
757 3427 924 3510 diaconus,
942 3439 1001 3498 etc.
1019 3431 1123 3501 Porro
1136 3433 1192 3502 isti
1203 3435 1269 3506 duo

151 3559 291 3606 canones
309 3543 385 3605 suni
405 3545 541 3627 quartus
563 3544 594 3603 et
614 3537 750 3626 quintus
769 3536 898 3604 concilii
924 3537 1118 3606 Antiocheni
1145 3541 1188 3631 (l)
1199 3569 1209 3629 ;
1240 3551 1273 3612 et

151 3654 261 3712 tamen
283 3645 319 3711 in
339 3643 421 3712 libro
442 3665 483 3710 cx
506 3665 571 3734 quo
586 3642 658 3710 lecti
673 3651 749 3710 sunt
764 3643 933 3712 exstabant
947 3643 1008 3712 suh
1023 3647 1169 3716 numeris
1184 3651 1224 3717 83
1240 3659 1271 3719 el

154 3755 207 3818 84.
225 3750 298 3819 iam
314 3771 390 3818 vero
403 3747 551 3818 addendo
567 3749 665 3817 simul
682 3753 723 3816 20
738 3771 877 3818 canones
891 3750 1021 3819 concilii
1034 3752 1172 3842 Nicaeni,
1185 3765 1217 3824 et
1230 3761 1270 3824 25

153 3859 281 3930 concilii
303 3859 482 3949 Ancyrani,
507 3867 538 3928 et
564 3863 603 3925 li
624 3859 752 3926 concilii
773 3859 1056 3950 neocesariensis,
1077 3873 1110 3932 et
1130 3868 1171 3933 20
1195 3890 1272 3937 oon·

153 3967 221 4036 ciiii
241 3965 452 4057 Gengrensis,
470 3975 501 4034 et
528 3970 545 4034 3
564 3967 688 4057 priores
705 3966 939 4056 Antiochense,
959 3969 1119 4041 habentur
1134 3975 1272 4065 praecise

190 4235 221 4294 li)
234 4231 333 4294 Nempe
345 4227 501 4280 Antiochcni
513 4225 591 4292 princi
603 4227 651 4278 suh
663 4226 730 4278 lulio
745 4227 814 4290 Papo
827 4227 847 4276 l.
