3042 4946
348 475 409 540 582
700 497 876 544 reserares
901 497 937 542 ns
960 495 1114 542 nnrnsrrns

344 638 385 706 ad
402 637 552 706 materias
569 659 696 725 omnes,
713 645 867 730 tanquam
887 659 995 705 ramos
1011 637 1130 722 varios,
1144 635 1352 728 attingendus
1369 647 1466 730 atque

343 746 560 838 explorandas
576 747 754 838 perveniat.
774 747 818 816 At
833 767 911 816 vero
934 745 1175 836 metaphysieus
1188 745 1243 814 ille
1257 745 1293 813 in
1310 747 1468 815 methodo

342 853 433 943 rigor
468 877 535 923 non
573 855 619 924 ita
649 855 849 925 necessarius
881 851 1118 922 existimandus
1144 861 1204 940 est,
1234 861 1271 922 ut
1301 866 1469 946 nequeant

324 973 439 1052 'opera
460 961 517 1030 illo
537 961 690 1032 destituta
708 963 849 1053 ingentis
864 984 933 1031 esse
951 960 1098 1030 utilitatis
1111 971 1143 1029 et
1158 962 1277 1030 meriti.
1294 962 1385 1045 Quot
1401 963 1469 1030 lta-

341 1068 462 1156 lorum,
487 1071 579 1139 verbi
601 1071 718 1162 gratia,
740 1071 830 1158 libri,
858 1072 892 1138 in
912 1071 1011 1140 variis
1031 1092 1105 1162 qnae
1123 1092 1195 1138 rem
1210 1069 1467 1140 ecclesiasticam

341 1187 485 1271 spectant
508 1180 766 1268 tractationibus,
788 1180 912 1273 primas
934 1180 1027 1249 facile
1049 1179 1209 1266 obtinent,
1226 1177 1299 1246 licet
1322 1189 1416 1248 reeta
1433 1183 1467 1248 in

341 1289 386 1356 eis
409 1288 581 1359 methodus
603 1289 824 1360 desideretur!
850 1291 920 1359 Imo
942 1288 1012 1358 lalli
1035 1289 1129 1358 nobis
1155 1287 1311 1356 videntur
1339 1290 1469 1380 rigoris

340 1397 440 1488 hujus
468 1397 640 1467 methodici
666 1399 806 1490 juvenili
835 1397 915 1486 zelo,
940 1399 998 1492 qui
1020 1397 1145 1488 aliquas
1167 1394 1372 1487 disciplinas,
1403 1399 1467 1466 sub

340 1505 466 1596 objecto
502 1529 561 1575 suo
599 1505 793 1574 immensam
832 1509 1045 1578 materiarum
1080 1511 1206 1601 copiam
1234 1509 1466 1595 recondentes,

341 1623 500 1685 conantur
528 1616 686 1686 violenter
719 1617 818 1686 unius
848 1627 1000 1688 tractatus
1037 1619 1187 1688 cancellis
1213 1619 1397 1689 includere.
1432 1621 1467 1691 Si

341 1724 428 1792 enim
464 1725 564 1794 velint
599 1724 692 1817 plene
728 1725 986 1818 unumquodque
1017 1735 1248 1818 argumentum
1284 1726 1464 1815 discutere,

341 1841 498 1923 cogentur
523 1833 644 1901 librum
672 1855 770 1902 snum
796 1842 843 1902 tot
865 1832 1066 1904 divisionum
1089 1843 1121 1903 et
1141 1834 1409 1905 subdivisionum
1425 1839 1467 1904 li-

343 1941 521 2008 neamentis
541 1940 678 2027 sulcare,
707 1949 745 2009 ut
766 1942 814 2010 eis
827 1943 921 2011 obrui
946 1941 1083 2032 legentis
1097 1943 1306 2012 attentionem
1333 1967 1465 2014 neeesse

342 2050 395 2116 sit.
416 2047 452 2115 ld
470 2046 510 2116 de
531 2047 694 2139 theologia
712 2051 916 2141 experientia
934 2049 1060 2136 docuit;
1078 2052 1219 2143 quamsi
1233 2059 1373 2119 tentaret
1387 2053 1462 2144 quis

342 2157 440 2226 unico
464 2166 601 2228 uactatu
623 2160 833 2250 quantumvis
863 2160 936 2230 lusu
963 2169 995 2229 et
1017 2161 1120 2248 logice
1143 2158 1248 2229 diviso
1279 2183 1461 2252 exponere,

338 2255 397 2360 per
429 2267 682 2336 innumerabiles
716 2269 915 2338 divisionum
953 2277 984 2337 et
1015 2269 1276 2338 subdivisionum
1314 2270 1465 2338 tramites

341 2399 409 2445 sese
431 2384 463 2443 et
484 2377 636 2444 lectorem
660 2376 848 2468 insipienter
870 2377 1083 2468 defatigaret3
1101 2385 1197 2470 atque
1217 2374 1294 2445 inde
1310 2377 1465 2447 conluuio
1502 2365 1503 2460 l

340 2484 481 2552 oriretur
494 2482 582 2552 unde
596 2484 774 2576 praeeaveri
789 2484 990 2576 sperabatur.

386 2592 481 2674 Quod
502 2591 633 2661 veroin
654 2589 825 2683 disciplina
845 2591 1027 2684 theologica
1051 2592 1205 2685 quadam
1226 2594 1329 2662 suasit
1350 2617 1468 2663 neces-

342 2702 432 2789 sitas,
458 2712 494 2770 ut
517 2723 633 2793 nempe
657 2701 821 2792 praecipua
844 2703 999 2794 quaelibet
1019 2705 1153 2771 materia
1168 2703 1301 2795 speciali
1316 2712 1350 2772 et
1366 2727 1468 2796 sepa-

341 2819 411 2880 rato
435 2817 572 2878 tractatu
590 2809 821 2902 exponeretur,
838 2809 872 2878 id
898 2811 992 2879 nobis
1013 2810 1133 2903 injure
1154 2811 1309 2880 canonico
1322 2821 1469 2905 autepo-

341 2917 486 2988 nendum
501 2919 608 2986 nsum
622 2926 681 2986 est.
690 2917 890 2986 Concinnata
901 2940 981 3008 ergo
994 2919 1150 3010 praesenti
1163 2918 1202 2988 de
1209 2919 1391 3010 principiis
1410 2945 1468 2990 seu

341 3029 380 3096 de
410 3026 676 3119 primordialibus
707 3027 895 3096 notionibus
932 3029 1134 3116 tractatione,
1171 3028 1383 3119 exquirimus
1410 3033 1466 3122 jus

341 3136 491 3205 Ecclesiae
516 3143 676 3227 quatenus
699 3144 748 3204 est
774 3136 907 3204 societas
931 3159 950 3203 a
974 3136 1125 3206 civilibus
1150 3137 1362 3206 societatibus
1393 3139 1467 3207 dis-

342 3247 451 3333 tincta,
472 3254 503 3312 et
523 3245 600 3313 hine
623 3253 775 3312 tractatus
796 3245 836 3314 de
849 3246 1007 3328 Ecclesia,
1035 3245 1069 3312 id
1086 3254 1145 3333 est,
1162 3245 1201 3314 de
1214 3249 1293 3314 lure
1308 3249 1468 3318 Ecclesia

275 3385 278 3392 ·
340 3355 475 3422 relative
490 3352 537 3421 ad
554 3353 720 3420 societates
739 3353 857 3420 ciuiles.
883 3355 950 3423 Sua
972 3361 1048 3422 sunt
1073 3353 1174 3422 variis
1196 3353 1301 3446 quiin
1318 3355 1468 3424 Ecclesia

340 3464 528 3548 potestatem
560 3455 702 3546 aliquam
730 3463 882 3524 exercent
912 3456 1058 3548 personis
1086 3457 1219 3548 propria
1245 3455 1360 3549 jura:
1389 3459 1467 3527 hinc
1502 3457 1503 3544 l

339 3572 493 3634 tractatus
506 3564 546 3632 de
561 3567 656 3655 Papa
666 3589 679 3645 ,·
693 3572 847 3632 tractatus
861 3563 901 3632 de
919 3565 1020 3632 Curia
1035 3587 1176 3633 romono
1188 3564 1233 3656 (id
1246 3573 1306 3652 est,
1324 3565 1368 3634 de
1382 3571 1466 3638 Gor·

208 3719 212 3726 -
339 3672 513 3754 dinnlibus,
531 3673 663 3763 Leporis
678 3682 710 3738 et
724 3673 867 3755 Nuntiis,
886 3695 924 3740 ac
942 3673 1089 3741 romanis
1110 3675 1443 3769 Conqrepotionibus}
1454 3705 1463 3762 ;

339 3787 492 3848 tractatus
507 3779 546 3848 de
560 3781 722 3873 Episcopo
731 3804 744 3864 ;
759 3787 913 3850 tractatus
928 3781 967 3850 de
984 3783 1156 3872 Capitulis,
1176 3791 1330 3852 tractatus
1345 3784 1390 3852 de
1403 3789 1466 3853 Jn-

337 3888 441 3969 (liciis,
459 3887 516 3955 nbi
530 3896 561 3954 et
576 3887 616 3954 de
633 3887 754 3956 vicario
770 3888 916 3978 generali
933 3888 1103 3980 Episcopi;
1127 3896 1281 3958 tractatus
1296 3889 1337 3958 de
1354 3893 1466 3960 Paro-

336 3997 408 4080 elro,
427 4003 580 4064 tractatus
594 3995 634 4064 de
646 3997 814 4088 Religionis
827 3995 1013 4078 Ordinibus,
1029 4019 1086 4066 seu
1098 3997 1136 4066 de
1146 3999 1467 4090 tererentur-con,-

337 4103 811 4196 tractatusdeJureliturqicc.
1502 4095 1503 4174 l

381 4213 430 4280 Ex
459 4233 523 4304 qna
550 4211 752 4282 ordinatione
775 4214 916 4308 plurima
942 4215 1012 4283 visa
1035 4223 1082 4284 est
1108 4214 1232 4284 utilitas
1247 4235 1459 4305 exsurgere:
