3042 4946
582 487 664 534 arnis
687 489 838 536 canorum.
1209 471 1266 536 bll

154 626 279 717 possint
301 633 388 696 certo
414 649 607 717 cognoscere
626 651 738 697 veram
761 629 883 697 Christi
907 628 1087 697 doctrinam
1111 636 1142 696 et
1165 629 1271 698 media

154 735 269 802 salutis
295 735 474 804 abeodem
503 735 705 827 redemptore
729 735 860 806 Christo
884 736 1042 805 instituta.
1068 736 1182 824 Porro,
1208 736 1271 803 nisi

153 864 213 934 per
231 843 399 912 docentem
422 843 598 912 Ecclesiam
623 843 803 927 addiscant,
819 844 984 912 notionem
1004 844 1088 913 huuc
1108 843 1273 936 acquirere

154 949 352 1020 sufficienter
375 960 551 1042 nequeunt.
577 951 660 1020 Nam
687 950 837 1022 Christus
861 972 974 1042 perse
997 951 1181 1020 immediate
1206 974 1272 1020 uon

155 1055 248 1125 docet
268 1057 413 1148 singulos
434 1059 581 1127 homiues
603 1067 737 1127 externe
758 1067 789 1128 et
809 1059 989 1126 visibiliter.
1014 1059 1080 1126 Nee
1104 1057 1197 1128 docet
1217 1081 1274 1150 per

155 1165 300 1234 internas
325 1165 550 1254 revelationes
571 1175 610 1236 ut
633 1167 834 1257 experientia
858 1173 992 1236 constat.
1016 1167 1083 1235 Nec
1110 1165 1273 1236 sufficiens

155 1272 301 1342 medium
325 1283 401 1342 suut
422 1272 601 1365 Scripturas
628 1297 744 1362 sacrae,
764 1275 841 1366 quia
862 1275 925 1342 nisi
946 1274 1145 1360 auctoritate,
1162 1297 1217 1344 eas
1237 1282 1274 1342 ut

155 1381 355 1449 authenticas
393 1388 593 1473 proponente
628 1389 660 1450 et
697 1404 809 1452 earum
850 1404 982 1451 sensum
1019 1381 1271 1469 determinante,

156 1489 361 1576 muniantur,
389 1490 572 1558 innumeris
601 1497 632 1559 el
661 1491 918 1560 contradictoriis
953 1491 1273 1583 interpretationibus

155 1619 268 1664 ansam
290 1598 450 1688 praebent,
468 1605 505 1666 ut
525 1599 725 1689 experientia
743 1599 841 1667 etiam
862 1599 1022 1690 patefecit.
1041 1599 1108 1668 Nec
1122 1597 1274 1691 supplent

156 1704 264 1796 quoad
284 1705 378 1773 istam
402 1706 704 1796 interpretationem
727 1705 870 1798 Spiritus
890 1709 992 1776 saneti
1017 1708 1153 1799 privatae
1169 1708 1275 1800 inspi-

155 1813 297 1881 rationes
319 1836 377 1882 seu
397 1813 629 1901 revelationes;
646 1813 686 1882 de
709 1815 794 1883 facto
813 1815 901 1883 cuim
925 1815 1090 1884 confiunt
1105 1815 1274 1884 reveletioss

156 1943 215 1988 nes
234 1919 437 2011 hujusmodi,
454 1921 542 2012 quod
565 1922 675 1990 testari
695 1921 736 1990 de
754 1944 787 1990 se
809 1923 947 2014 quisque
972 1931 1087 2014 potest.
1104 1923 1192 2014 Ergo
1210 1926 1274 1993 uisi

156 2028 307 2098 Christus
329 2029 504 2097 Ecclesiam
525 2052 600 2097 cum
620 2028 756 2098 docendi
779 2038 933 2120 potestate
953 2030 987 2097 in
1009 2033 1104 2100 terris
1124 2033 1274 2122 reliquis·

157 2146 217 2222 set,
234 2159 299 2205 non
321 2137 515 2227 providisset
533 2138 573 2206 de
596 2137 769 2206 sufficienti
798 2137 905 2207 medio
927 2139 968 2206 ad
991 2138 1198 2229 applicandos
1221 2162 1274 2208 re-

157 2245 356 2336 demptionis
369 2245 506 2314 fructus.

202 2358 364 2428 Probatur
379 2359 451 2428 lV⁰.
469 2360 577 2428 -Ex
598 2382 636 2428 ec
656 2359 744 2450 quod
768 2360 914 2451 alioquin
937 2359 1088 2428 Ecclesiae
1113 2361 1274 2430 institutio

158 2467 251 2535 irrita
274 2467 358 2536 foret
378 2475 474 2559 atque
498 2468 633 2537 inutilis.
651 2469 796 2537 -Nam
815 2469 844 2536 si
864 2469 1012 2540 homiues
1036 2491 1102 2538 non
1126 2478 1275 2539 teneren-

158 2585 213 2646 tur
231 2576 358 2646 docenti
379 2578 531 2647 Ecclesiae
554 2578 789 2670 obtemperare,
806 2587 839 2647 et
853 2578 1033 2648 doctrinam
1055 2580 1097 2647 ab
1118 2581 1189 2672 ipsa
1204 2588 1274 2648 tra-

159 2684 262 2753 ditam
284 2686 434 2777 amplecti
453 2695 484 2755 et
497 2709 610 2755 veram
625 2688 770 2774 eredere,
787 2687 924 2780 quisquc
941 2709 999 2779 per
1015 2711 1048 2756 se
1066 2689 1174 2779 ipsum
1190 2689 1274 2779 legi-

159 2793 236 2862 time
258 2803 365 2885 posset
384 2794 424 2864 de
439 2817 516 2864 vera
535 2795 657 2862 Christi
684 2794 844 2884 doctrine,
860 2804 892 2864 et
912 2797 951 2865 de
972 2796 1086 2865 mediis
1106 2821 1126 2865 a
1145 2799 1275 2870 Christe

158 2901 200 2969 ad
225 2903 361 2971 salutem
390 2903 560 2989 institutis,
585 2901 681 2972 etde
708 2925 786 2972 vera
814 2925 944 2973 morum
968 2905 1082 2994 regula
1107 2904 1272 2996 judicare;

159 3034 234 3081 eum
260 3021 379 3102 praeter
405 3011 580 3080 Ecclesiam
607 3011 699 3080 nulla
726 3013 767 3080 sit
796 3014 970 3083 auctoritas
997 3037 1055 3103 per
1078 3037 1177 3108 quam
1204 3016 1274 3084 baec

159 3119 269 3188 omnia
282 3127 359 3188 uota
373 3119 464 3188 fiant.
480 3121 564 3190 Nam
583 3123 623 3187 de
642 3119 726 3189 facto
741 3143 801 3188 nec
815 3123 902 3190 Deus
925 3122 1115 3192 immediate
1130 3145 1167 3200 ea
1182 3147 1274 3194 reve-

158 3227 206 3296 lat
228 3227 418 3319 uuicuique,
439 3229 537 3296 etiam
560 3227 674 3319 positis
697 3227 875 3320 Scripturis
900 3231 1019 3310 sacris;
1037 3254 1096 3300 nec
1118 3241 1166 3301 est
1185 3234 1275 3304 aliud

159 3335 303 3404 tribunal
325 3336 507 3406 humanum
531 3343 652 3427 prester
669 3335 844 3406 Ecclesiam
867 3361 887 3406 a
905 3338 1172 3411 Deoinstitutum
1188 3343 1275 3412 etde

160 3445 212 3513 bis
232 3448 466 3516 sententialiter
483 3446 671 3516 decernens.
696 3447 784 3538 Ergo
806 3450 1071 3543 quotiescumque
1095 3453 1236 3523 Ecclesia
1258 3479 1277 3522 e

160 3553 290 3624 Christo
312 3556 460 3624 instituta
478 3554 601 3646 aliquid
620 3556 716 3624 etiam
739 3557 824 3642 circa
845 3579 967 3627 meram
991 3559 1193 3652 disciplinam
1219 3561 1276 3631 de-

160 3671 317 3749 cerneret,
337 3664 475 3755 quisque
499 3664 641 3754 legitime
664 3672 771 3755 posset
797 3665 831 3732 iu
859 3665 995 3734 dubium
1019 3690 1169 3738 revocure
1196 3693 1278 3739 num

160 3770 206 3837 ita
224 3770 426 3841 decernendo
446 3780 557 3840 contra
573 3795 684 3842 veram
702 3773 822 3842 Christi
842 3773 1022 3844 doctrinam
1045 3786 1155 3867 ageret
1175 3804 1182 3846 ε
1199 3801 1277 3870 ergo

159 3879 304 3968 legitime
318 3881 456 3972 quisque
470 3890 576 3972 posset
587 3881 627 3950 de
639 3881 776 3951 decretis
787 3891 819 3951 et
830 3882 871 3950 de
883 3883 972 3952 omui
988 3885 1277 3956 Ecclesiae'acticne

160 4008 228 4056 nou
242 4009 376 4075 curare3
392 4011 471 4079 ergo
491 3989 651 4058 inutiliter
665 4013 799 4081 prorsus
818 3991 994 4060 Ecclesiam
1014 3991 1162 4064 Christus
1180 3996 1277 4065 iusti-

162 4097 286 4166 luisset.

208 4207 369 4277 Probatur
384 4206 438 4279 V⁰.
457 4245 501 4263 -
515 4208 565 4278 Ex
581 4233 618 4278 eo
634 4211 722 4302 quod
738 4210 778 4281 de
793 4209 877 4280 facto
893 4210 983 4280 nulla
996 4211 1140 4304 legitima
1155 4212 1278 4315 existe7
