3064 4952
497 493 579 542 sunu
601 494 753 542 canonici.
1122 477 1184 542 245

65 641 95 701 ot
108 632 283 704 diversitas
297 633 477 726 disciplinae
498 635 730 724 ecclesiasticen,
748 637 828 729 quin
842 638 877 705 in
893 644 1048 729 potestate
1062 641 1183 709 summi

67 741 235 811 Pontificio
261 753 343 812 esset
361 744 462 814 ullum
484 745 591 835 legem
612 747 823 838 quantumvis
843 747 955 817 utilem
982 748 1025 817 ad
1050 749 1185 818 univer-

66 873 134 918 sam
158 851 335 920 Ecclesiam
359 852 544 922 extendere.
573 853 644 921 lmo
667 875 771 947 neque
790 853 851 923 hoc
880 863 989 948 posset
1010 855 1183 926 concilium

67 960 324 1048 oecumenieum;
354 959 501 1030 auctores
528 961 616 1030 enirn
646 963 704 1055 qui
725 963 884 1032 sustinent
905 965 1084 1034 necessario
1106 987 1183 1056 pro-

68 1067 249 1159 mulganda
277 1069 311 1137 in
338 1069 513 1162 provinciis
544 1068 672 1138 decreta
701 1068 877 1162 pontificia,
911 1070 997 1139 idem
1021 1080 1130 1140 tenent
1154 1083 1187 1141 et

67 1177 184 1245 docent
213 1176 253 1245 de
282 1177 408 1268 legibus
435 1177 639 1267 generalium
666 1178 889 1247 conciliorum.
923 1177 1017 1249 Unde
1038 1178 1184 1248 doctrina

67 1285 152 1372 haec,
185 1292 297 1376 utpote
326 1284 367 1352 ad
396 1285 647 1355 destructionem
679 1285 843 1378 potestatis
864 1286 1054 1377 legislatirae
1083 1275 1214 1380 ipsius¹

67 1394 222 1462 Ecclesia
242 1393 409 1464 evidenter
435 1393 582 1482 tendens,
610 1417 777 1487 prorsnsa
800 1395 880 1464 viris
893 1393 1058 1465 catholicis
1071 1417 1187 1490 repro·

67 1502 175 1572 banda
191 1511 250 1572 est.

578 1703 599 1793 g
621 1703 661 1770 11.

168 1907 345 1972 promulgatio
361 1909 389 1959 iu
406 1907 548 1973 provinciis
564 1919 618 1958 non
635 1909 674 1958 est
688 1907 835 1959 nacemaria
851 1921 883 1958 ex
897 1910 955 1973 jure
969 1909 1089 1975 positivo.

109 2155 322 2225 Contendunt
347 2157 422 2227 Van
453 2156 573 2248 Espen‚
602 2154 642 2253 de
662 2153 772 2223 ldarca
794 2163 825 2223 et
845 2155 1001 2243 Zalwein,
1033 2156 1183 2248 regimini

69 2265 292 2352 ecclesiastico,
314 2288 334 2333 a
353 2265 482 2334 Christo
506 2264 646 2334 Domino
671 2265 871 2357 praescripto,
897 2264 1093 2333 contrariam
1114 2289 1183 2334 esso

70 2373 362 2464 promulgationem
398 2374 508 2463 leguru
544 2371 783 2464 pontificiarum
818 2371 932 2440 Romae
959 2373 1183 2442 tantummodo

70 2479 198 2549 lectam.
233 2480 296 2549 Sed
326 2480 406 2550 adeo
435 2481 554 2550 frivole
583 2489 660 2549 sunt
688 2503 762 2572 quae
794 2479 827 2547 in
846 2479 1068 2572 probationem
1085 2482 1183 2573 hujus

70 2590 255 2659 assertionis
283 2590 449 2659 adducunt
476 2596 681 2679 argumenta,
711 2597 746 2657 ut
764 2587 875 2680 paucis
895 2586 951 2655 ille
970 2611 1132 2680 exponere
1154 2605 1185 2660 et

70 2699 236 2769 confutare
250 2700 398 2770 sufficiat.
416 2700 502 2770 Sunt
516 2709 622 2768 antem
639 2700 705 2768 fere
721 2700 781 2767 ista
801 2726 808 2766 :

110 2805 263 2878 Christus
273 2808 441 2876 Eccelesiae
452 2806 630 2876 rectoribus
638 2806 805 2898 prohibuit
817 2805 977 2898 quidquid
988 2807 1184 2878 dominatio-

71 2935 141 2983 nem
155 2915 302 2985 redolet:
319 2920 417 3007 Reges
432 2913 580 3006 gentium
596 2913 811 2983 dominantur
825 2937 938 2982 comm
1003 2940 1057 2986 uos
1072 2931 1184 2988 autem

73 3047 133 3091 non
148 3025 207 3094 sic.
229 3025 334 3116 (Luc,
350 3025 418 3114 20.)
436 3063 480 3076 -
496 3021 702 3092 Providentes
724 3045 789 3090 non
804 3035 922 3104 coacte,
939 3023 997 3092 red
1011 3040 1186 3116 montanee

73 3133 246 3203 cenandum
269 3138 385 3215 Deum,
407 3156 510 3224 neqare
535 3147 573 3201 ut
596 3131 802 3201 dominantes
828 3132 863 3199 in
882 3133 985 3216 cleris,
1003 3134 1060 3203 sed
1074 3139 1185 3227 formu

70 3244 148 3328 sacti
160 3243 323 3334 propiare
336 3241 459 3309 animm
476 3242 502 3332 (l
516 3242 618 3328 Petu,
638 3246 667 3326 5,
689 3241 732 3330 3.)
750 3277 792 3292 -
806 3239 948 3308 Addueit
964 3241 1098 3335 insuper
1112 3246 1185 3315 Zal-

74 3351 153 3418 wein
179 3350 277 3418 istum
304 3357 430 3418 textum
447 3377 458 3438 :¹
472 3349 595 3417 Euntes
621 3349 654 3415 in
681 3346 842 3416 mundum
865 3349 1061 3434 estivosum,
1080 3352 1187 3422 docete

75 3479 181 3526 omnes
201 3470 320 3548 pentes.
345 3457 395 3524 Ex
416 3457 486 3524 istis
505 3456 647 3525 textibus
674 3455 873 3524 concludunt
892 3458 1186 3548 promulgationem

75 3563 180 3653 legum
212 3563 450 3663 pontificiarum
478 3566 512 3632 in
542 3585 735 3655 unaquaque
765 3563 934 3654 provincie
961 3587 1029 3633 esse
1052 3567 1186 3659 dejure

76 3671 193 3743 divino.
223 3675 281 3742 Ast
308 3674 442 3742 omnino
467 3675 640 3743 immerito.
670 3675 828 3766 Equidem
849 3673 1017 3766 prohibuit
1039 3677 1187 3748 Christus

76 3780 230 3852 Dominus
252 3805 293 3852 ne
319 3791 462 3875 pastores
490 3782 638 3852 Ecclesia
667 3791 857 3874 potestatem
884 3806 977 3852 suam
1001 3796 1187 3856 exercerent

77 3910 144 3958 eum
174 3890 327 3982 superbia
353 3899 384 3958 et
414 3889 512 3979 lustu,
539 3890 621 3958 sieut
650 3889 795 3959 solebant
819 3891 938 3982 pagani
964 3893 1136 3986 principes,
1157 3905 1189 3964 et

78 3997 177 4065 voluit
192 4007 228 4066 ut
246 3997 351 4065 lorma
373 3997 447 4066 lacti
463 3997 573 4088 gregis
589 4018 647 4090 per
662 4018 721 4065 sua
736 3998 912 4066 sanctitatis
926 3998 1074 4090 exempla
1087 4001 1189 4070 indn-

80 4114 181 4174 cerent
197 4103 343 4174 subditos
357 4104 398 4172 ad
414 4103 590 4174 servandas
605 4104 694 4194 leges
715 4127 797 4196 quas
820 4104 898 4196 ipsis
920 4105 1109 4197 imponunt3
1128 4109 1190 4178 hoe

80 4213 206 4300 quidem
234 4213 405 4282 enuntiant
432 4213 650 4304 duoprimas
680 4211 768 4282 allati
799 4220 906 4281 textus
933 4240 940 4282 :
970 4213 1024 4281 sed
1058 4215 1189 4288 minime
