3064 4952
273 457 334 524 tet
626 474 800 522 nucerinus
823 475 861 520 ne
884 474 1036 522 rarncnns

264 629 436 708 posteram
465 615 727 686 excusationibus
755 615 877 698 aditus,
907 617 965 708 qai
988 616 1069 707 jam
1098 615 1184 684 nulli
1212 615 1306 708 apad
1333 639 1391 684 nos

268 725 527 818 paterepoterit,
553 723 743 794 abstraatur·
756 723 938 816 (Constant,
955 723 1116 816 Epistola
1135 725 1392 815 1166116661-

272 857 358 918 cam,
383 835 445 904 col.
472 834 559 926 638).
582 833 617 903 Si
633 834 674 904 cd
696 857 812 904 omnes
832 835 1009 927 Episcopus
1028 833 1103 904 ideo
1131 834 1202 903 vult
1223 834 1310 903 mitti
1330 833 1393 904 ista

272 942 410 1031 decreta,
433 955 471 1012 nt
494 943 689 1011 intemerata
708 954 940 1035 permancant,
973 941 1117 1035 proiecto
1146 941 1218 1012 vult
1245 941 1333 1011 mitti
1357 950 1394 1010 nt

271 1051 416 1142 obligent
440 1060 472 1120 et
493 1052 720 1138 observentur,
748 1074 816 1120 non
842 1060 964 1140 autem,
991 1061 1029 1119 ut
1049 1050 1200 1143 Episcopi
1220 1073 1280 1143 pro
1302 1051 1394 1120 arbi-

144 1153 147 1162 “
271 1159 337 1228 trio
359 1167 523 1251 acceptent
543 1160 595 1228 vel
620 1159 778 1251 rejiciant.
795 1160 878 1228 Item
900 1158 974 1229 ideo
988 1159 1059 1228 vult
1072 1159 1134 1228 ista
1149 1159 1278 1228 decreta
1293 1159 1394 1251 Epis-

272 1266 362 1358 copis
377 1266 548 1356 notificari,
565 1281 603 1336 nt
618 1268 769 1336 amnibus
787 1267 1048 1339 excusationibus
1061 1267 1173 1337 aditus
1187 1268 1392 1338 abstraatur.

272 1375 360 1466 Ergo
380 1375 451 1445 vult
471 1376 527 1445 illa
545 1376 674 1446 decreta
692 1400 758 1448 non
774 1401 867 1470 posse
884 1379 974 1448 eludi
990 1378 1051 1450 sub
1066 1401 1274 1472 quacumque
1289 1403 1395 1450 excu-

272 1483 393 1553 satione
415 1492 472 1552 661
494 1492 673 1577 pretextn3
702 1508 781 1576 ergo
794 1510 854 1558 nec
869 1487 930 1556 snb
944 1487 1002 1556 illo
1016 1495 1178 1580 pretextu
1193 1487 1282 1580 quod
1298 1488 1392 1580 Epis-

272 1591 345 1682 copi
357 1591 413 1682 jus
428 1591 567 1662 habeant
582 1617 648 1664 non
663 1594 863 1688 acceptandi.

316 1705 467 1775 Zosimus
486 1706 574 1797 Papa
595 1705 758 1797 Hesychia
774 1703 963 1775 Salonitauo
978 1703 1138 1798 Episcopo
1153 1705 1281 1774 decreta
1295 1729 1395 1798 quae-

272 1812 349 1882 dam
369 1812 409 1883 de
424 1813 627 1885 ordinatione
650 1814 808 1884 laicorum
823 1821 854 1882 ct
871 1811 1110 1883 monachorum
1126 1813 1260 1882 mittens
1277 1841 1285 1881 :
1312 1817 1396 1898 (tna

271 1923 306 1991 in
320 1925 470 1993 omnium
482 1927 630 2018 fratrum
644 1938 675 1994 61
689 1925 952 2018 coepiscoporum
962 1933 1151 1991 nostrornm
1160 1923 1261 2014 facies
1273 1922 1322 1991 ire
1333 1947 1395 1993 no-

271 2032 396 2116 titiam,
408 2055 475 2102 nan
487 2046 617 2103 tantam
631 2057 745 2104 eoram
759 2034 816 2125 qai
831 2034 866 2101 in
880 2055 918 2100 ec
928 2031 1103 2125 prouincia
1118 2044 1204 2114 sunt,
1221 2031 1279 2101 sed
1291 2033 1397 2102 etiam

272 2144 329 2234 qai
342 2142 457 2213 uicinis
471 2144 637 2214 dilectioni
651 2157 716 2214 taso
723 2145 906 2238 provinciis
917 2144 1160 2237 acljanpaatar.
1174 2145 1268 2214 Sciat
1280 2155 1396 2212 aatem

272 2251 418 2344 quisquis
441 2253 505 2322 leae
519 2253 704 2346 postposita
725 2255 867 2322 Patram
882 2266 914 2322 et
928 2253 1121 2346 Apostolice
1136 2251 1232 2322 Sedis
1247 2255 1397 2322 anctori-

273 2372 341 2428 tate
361 2362 548 2452 neqleacrit
578 2386 600 2431 a
623 2361 715 2431 nobis
739 2361 920 2431 districtius
941 2359 1198 2446 uindicandam·
1213 2374 1253 2430 at
1266 2362 1330 2430 loci
1342 2363 1398 2430 sai

272 2469 408 2537 minime
427 2469 553 2539 dicbitet
566 2470 631 2539 sibi
652 2493 719 2538 non
732 2481 879 2538 constare
894 2469 1070 2552 rationem,
1087 2471 1116 2538 si
1129 2471 1190 2540 noc
1200 2481 1304 2562 patat
1316 2482 1397 2562 post

272 2588 322 2644 tot
335 2577 572 2668 prohibitiones
591 2579 727 2670 impune
749 2578 871 2646 tentari
902 2577 1083 2668 (Constant,
1103 2578 1164 2646 ccl.
1197 2578 1286 2670 910).
1305 2578 1398 2668 Ergo

273 2683 424 2752 Zozimns
449 2685 494 2754 ita
508 2685 580 2753 vult
603 2709 662 2753 sua
676 2685 804 2754 decreta
818 2685 976 2774 obligare,
995 2694 1032 2754 ut
1046 2686 1196 2780 quisquis
1211 2687 1268 2756 illa
1282 2687 1398 2756 abser-

273 2815 350 2860 vare
371 2793 523 2881 noluerit,
547 2795 626 2864 sciet
640 2795 702 2887 ipsi
724 2816 857 2886 pceuam
871 2794 1081 2888 depositionis
1095 2796 1282 2868 imminere.
1305 2796 1398 2888 Ergo

273 2900 438 2969 aZozima
463 2902 551 2993 Papa
570 2903 721 2995 Episcopi
744 2903 938 2974 sustinentes
960 2904 1024 2973 sibi
1047 2905 1101 2996 jus
1123 2913 1306 2998 competere
1327 2927 1398 2974 nou

273 3009 460 3099 acceptandi
482 3011 570 3101 leges
594 3009 789 3103 pontificias,
812 3011 1025 3104 depositionis
1052 3012 1267 3105 paradigni
1294 3013 1398 3082 baba-

273 3117 404 3186 bantur.

316 3226 454 3296 Sanctus
469 3230 534 3298 Leo
552 3230 691 3318 Magnus
706 3229 826 3298 Nicetae
841 3229 1043 3322 Aquileiensi
1063 3229 1224 3322 Episcopo
1238 3231 1397 3322 quasdam

273 3335 401 3404 decreta
423 3337 578 3406 mittens:
596 3339 691 3406 Hanc
718 3350 830 3406 antem
853 3338 1027 3430 epistolam
1042 3355 1202 3419 nostram,
1228 3361 1331 3430 qaam
1350 3339 1401 3408 ad

273 3444 545 3514 consultationem
565 3458 631 3514 tae
642 3446 867 3537 fraternitatis
893 3446 1072 3528 emisimus,
1089 3444 1136 3514 ad
1149 3468 1259 3514 omnes
1273 3449 1399 3538 fratres

273 3565 305 3620 et
324 3553 609 3645 comprovinciales
625 3566 697 3622 taos
712 3554 890 3646 Episcopus
906 3555 1007 3646 facies
1016 3555 1197 3646 pervenire,
1220 3568 1259 3622 at
1274 3556 1308 3624 in
1322 3579 1398 3624 om-

272 3660 366 3729 niam
384 3660 589 3730 observantia
609 3661 691 3730 data
712 3662 820 3756 prosit
843 3663 1035 3731 auotoritas.
1065 3663 1179 3755 (Epist.
1209 3667 1285 3750 159,
1314 3663 1393 3745 edit,

272 3771 372 3858 Bar,
395 3772 456 3841 col.
478 3774 587 3864 1335.)
605 3772 693 3864 Ergo
707 3781 837 3842 sanctus
851 3773 917 3842 Leo
931 3771 1059 3841 valebat
1079 3794 1173 3842 suam
1199 3769 1396 3841 decretalem

273 3878 426 3971 prodesse
443 3902 504 3972 per
536 3880 778 3950 clementiam
803 3881 971 3963 omniam;
997 3903 1075 3970 ergo
1099 3903 1166 3948 nan
1191 3881 1397 3972 relinquebat

272 3987 375 4058 bbere
401 3989 639 4082 Episcoporum
667 3989 802 4060 arbitrio
826 3990 917 4060 illam
942 3989 1136 4059 decretalem
1160 3997 1324 4081 acceptare
1340 3999 1398 4059 aut

275 4096 419 4187 rejicere.
478 4165 480 4171 ,
1076 4087 1081 4114 '

318 4203 455 4275 Sanctus
476 4206 654 4296 Gregorius
667 4205 807 4298 Magnus
821 4205 1002 4294 bonifacio,
1021 4205 1392 4299 Rhegieneidipiscopo:
