3072 4948
274 462 336 530 380
626 491 798 538 rmcrsrns
820 493 858 538 nr
880 493 1031 540 minumus

273 647 352 714 pore
372 627 516 696 silnirsst
534 629 702 714 Romanus
725 632 889 717 Pontifex,
912 655 979 702 non
1000 643 1108 702 umen
1130 635 1206 703 buis
1223 636 1382 704 Cenoma-

272 737 367 802 nensi
389 738 614 806 eonsuetndini
637 751 853 809 oonsensernt.
878 743 984 832 (Esne
1004 741 1214 834 posteriorem
1235 743 1381 811 derlan-
1511 817 1512 822 ,

274 843 691 935 tinnempsrextensnm
724 848 926 939 reperiesin
960 847 1383 918 meotruututndelme

274 952 437 1042 Hernico,
464 963 555 1044 perte
579 959 638 1044 5¹.)
666 957 716 1025 Er
743 957 795 1024 bis
818 967 850 1025 et
874 957 1041 1026 similibus
1066 957 1170 1044 luetis,
1197 959 1231 1026 id
1259 967 1320 1043 est,
1343 981 1382 1026 ex

276 1059 372 1127 Sedis
383 1059 577 1152 Apostolieoe
595 1071 628 1129 et
640 1063 743 1155 ipsiius
757 1063 974 1134 tribunalium
990 1067 1099 1157 praxi,
1119 1075 1231 1156 operte
1243 1073 1381 1143 constet,

276 1167 441 1237 multotius
457 1169 642 1238 Romsnnm
658 1171 846 1240 Ponnfioem
864 1171 1000 1240 minime
1014 1175 1198 1241 eumantius
1211 1183 1383 1243 eonsuetu-

272 1273 407 1343 dinibus
426 1275 491 1366 legi
508 1277 691 1363 eontrariis,
711 1279 863 1368 quumvis
876 1277 968 1346 silent
986 1305 993 1345 ε
1015 1278 1088 1347 ideo
1100 1288 1208 1348 sutem
1223 1291 1301 1348 tune
1314 1279 1383 1348 silet

276 1382 357 1472 quis
376 1381 562 1452 leeilitntem
585 1384 781 1454 reclamandi
802 1405 869 1452 nun
889 1386 999 1472 babet,
1020 1396 1212 1478 etexpuetu
1225 1397 1382 1478 opportu-
1512 1387 1513 1432 t

275 1490 370 1558 niore
391 1499 549 1583 tempore.
576 1493 615 1560 ln
636 1515 703 1584 qno
723 1492 879 1560 admirari
901 1494 1039 1584 quisque
1060 1503 1166 1584 potest
1183 1515 1283 1584 quum
1303 1493 1384 1561 forte

277 1597 377 1666 simul
397 1609 431 1666 et
449 1607 655 1670 mansuetum
677 1599 720 1667 sit
735 1609 855 1668 snnetae
869 1599 983 1668 blstris
997 1599 1147 1668 Eunlesiae
1162 1600 1320 1668 Romanu
1333 1621 1383 1667 re·

275 1707 388 1794 gimeu
405 1733 413 1774 :
436 1706 519 1775 lorte
542 1707 688 1800 inquom,
709 1707 790 1775 dnm
809 1728 961 1776 summm
977 1707 1129 1776 Pontifex
1147 1707 1272 1776 silendo
1288 1707 1383 1775 etism

276 1823 309 1881 et
330 1813 580 1901 dissimulando,
604 1815 672 1883 vim
697 1837 790 1883 snum
816 1815 998 1907 discipline
1021 1823 1141 1883 sartum
1168 1823 1284 1884 toetum
1308 1837 1384 1883 uon-

277 1931 385 1990 servnt
403 1923 618 2010 etvindiuu13
643 1931 850 1990 mansuetum
872 1943 963 2008 vero,
985 1921 1063 1990 dnm
1082 1923 1117 1990 in
1133 1931 1385 2011 trangressores

278 2051 344 2098 non
360 2031 468 2098 statim
480 2029 723 2115 animadvertit,
739 2029 796 2098 sed
809 2031 951 2119 benigne
963 2031 1170 2122 prestolrtur
1182 2029 1286 2098 donee
1300 2031 1386 2098 reni-

278 2145 381 2207 tentes
399 2139 526 2208 animm
548 2140 671 2231 ubsque
691 2161 805 2207 eornm
825 2137 1015 2208 discrimine
1032 2159 1179 2207 oomeere
1193 2139 1304 2228 etlegi
1317 2138 1387 2207 sdi-
1513 2141 1514 2144 ’

278 2268 355 2334 gere
370 2247 486 2316 rubent.

320 2353 462 2444 Objinies
478 2383 487 2422 ε
503 2391 548 2408 -
561 2354 597 2423 Si
620 2355 789 2423 Romanus
812 2354 967 2422 Pontifex
989 2355 1097 2422 sileret
1117 2353 1199 2422 dnm
1221 2375 1288 2422 non
1311 2375 1389 2423 uon·

277 2462 374 2530 sentit
387 2462 614 2532 consuetudini
624 2463 689 2552 legi
699 2462 882 2549 uontrnriae,
896 2485 993 2531 ceusu
1003 2473 1087 2532 esset
1096 2459 1386 2531 innumerabilium

279 2578 499 2658 [mmmm
527 2591 604 2637 nam
627 2570 670 2637 ob
694 2569 858 2638 silentium
885 2569 1050 2660 praeeipue
1077 2569 1198 2637 summi
1222 2569 1390 2638 Pontifiuis
1514 2607 1515 2666 u

278 2675 467 2766 hujusmodi
490 2675 741 2746 unusnetndines
764 2686 984 2766 perseverunt,
1011 2685 1044 2744 et
1069 2675 1286 2744 nibilominus
1311 2697 1391 2766 pee-

278 2783 451 2852 enminosae
473 2784 621 2853 diunndae
642 2785 772 2853 forent:
799 2784 890 2874 utqui
912 2784 1053 2875 supponi
1072 2784 1186 2875 nequit
1204 2784 1390 2852 llomsnnm

279 2891 470 2962 Pontifiuem
493 2893 577 2962 velle
600 2893 642 2961 nd
666 2901 795 2984 ponente
816 2893 974 2977 excitare,
1000 2893 1057 2960 sed
1081 2891 1190 2983 potins
1210 2892 1391 2960 sensendus

279 3009 328 3068 est
348 3001 431 3070 velle
451 3023 489 3070 ea
508 3023 712 3093 prmmveru3
735 3023 814 3088 ergo
829 2999 909 3068 dum
924 2999 1008 3086 silet,
1023 3000 1205 3068 consentire
1217 3007 1391 3068 eonsuetu-
1514 3013 1515 3016 ’

279 3108 350 3176 dini
372 3117 404 3177 et
424 3109 514 3178 illum
536 3109 716 3198 legitimare
738 3107 918 3177 censendus
935 3117 995 3175 est.
1013 3145 1059 3160 -
1071 3106 1216 3197 Objoetio
1229 3107 1299 3194 illu,
1316 3129 1392 3199 qne

280 3215 447 3308 aliquibus
458 3217 572 3286 lnuum
585 3215 673 3301 lesit,
689 3217 825 3284 omnino
837 3215 945 3282 innuis
958 3223 1019 3282 est.
1036 3215 1121 3282 Num
1137 3218 1169 3281 1⁰
1182 3223 1313 3305 peetus
1326 3237 1392 3283 non

279 3323 533 3394 innumerabilis
554 3331 643 3409 sunt,
669 3331 706 3391 ut
730 3323 884 3414 supponit
902 3322 1040 3412 objectio
1061 3349 1069 3388 :
1095 3323 1130 3389 in
1147 3322 1282 3411 regione
1302 3323 1393 3390 enim

282 3431 339 3500 ubi
354 3431 442 3520 viget
458 3431 695 3523 praesnppositu
712 3427 925 3515 consuetudo,
948 3450 1061 3497 omnes
1075 3429 1143 3498 lere
1158 3427 1280 3497 subdiu
1299 3419 1393 3518 igrio-

280 3547 355 3608 rnnt
371 3561 415 3608 un
427 3539 559 3607 Praeluti
577 3538 629 3607 sni
643 3537 916 3628 dispensetionem
929 3561 949 3604 u
963 3537 1035 3624 lege
1048 3535 1262 3623 obtinuerint,
1280 3559 1341 3604 nnc
1355 3536 1395 3604 de

282 3646 343 3716 bor
357 3647 521 3738 inquirere
534 3647 729 3740 plerumque
741 3655 905 3731 tenentur,
926 3655 958 3713 et
970 3643 1137 3714 ordinarie
1154 3645 1196 3713 de
1209 3644 1295 3714 tauto
1309 3645 1396 3714 bonn

283 3753 347 3823 fide
368 3765 556 3848 supponunt
577 3763 701 3824 rentum
720 3775 791 3822 esse
812 3753 901 3844 quod
923 3753 1110 3822 nPraelntis
1127 3752 1196 3821 suis
1215 3752 1252 3820 in
1265 3753 1395 3843 praxim

282 3861 461 3948 inducitur,
493 3863 545 3932 vel
571 3864 668 3932 etium
695 3861 799 3952 legem
822 3858 1052 3930 consuetudini
1076 3859 1304 3930 adversantem
1328 3881 1395 3927 nou

285 3980 417 4040 norunt.
443 3971 546 4042 Porro
567 3971 603 4039 hi
624 3992 749 4055 omnes,
773 3971 847 4038 lieet
863 3969 969 4059 legum
986 3976 1075 4038 eerto
1088 3968 1254 4057 vigentem
1273 3967 1395 4036 inirin-

286 4089 377 4167 gunt‚
392 4082 435 4150 ob
449 4080 569 4148 bonum
579 4077 678 4147 fidem
692 4101 758 4148 non
774 4085 914 4168 pereunt.
931 4075 1123 4168 Exeipiendi
1139 4084 1266 4144 tuntum
1278 4076 1305 4144 ii
1319 4075 1394 4146 sub·

286 4187 360 4276 diti,
385 4187 505 4280 quibus
527 4189 609 4258 bene
630 4193 706 4256 notu
724 4195 808 4256 esset
827 4185 894 4274 lex,
918 4194 950 4254 et
972 4185 1091 4277 quihus
1113 4183 1211 4256 simul
1231 4184 1392 4256 notorium
