3068 4948
499 523 582 570 runis
604 525 755 572 canonici.
1121 511 1183 573 ane

60 660 197 750 putavit
211 662 427 732 necessariam
442 664 634 755 praedictam
657 663 964 755 promulgationem,
982 673 1019 734 ut
1037 687 1188 735 necessa-

58 767 117 835 ria
139 790 254 838 revera
276 769 424 839 habenda
439 779 498 840 est.
517 770 696 862 Responsio
714 779 822 839 autem
841 769 882 840 ad
904 771 987 840 illud
1010 795 1188 863 argumen-

61 884 137 943 tum
156 875 205 944 sic
217 877 360 946 vicissim
381 879 493 970 paucis
515 879 659 971 exprimi
677 885 780 971 potest
798 905 805 944 :
824 877 897 946 Non
916 887 1056 970 negatur
1070 903 1185 950 verum

60 1007 135 1052 esse
150 994 184 1053 et
205 1008 333 1076 semper
347 986 417 1056 fore
440 987 528 1080 quod
548 987 654 1056 tenuit
672 988 809 1078 antiqua
827 985 988 1066 Ecclesia;
1006 989 1061 1057 sed
1085 1010 1185 1079 nega-

58 1099 118 1159 tur
143 1091 235 1160 illam
263 1093 465 1163 existimasse
492 1095 706 1164 necessariam
731 1095 764 1162 in
790 1094 966 1186 provinciis
989 1093 1184 1187 promulga-¹

59 1198 190 1266 tionem
221 1199 350 1289 legum;
382 1201 460 1270 item
490 1211 629 1293 negatur
654 1201 743 1270 illam
769 1201 1009 1292 persuasionem
1041 1202 1183 1294 antiquae

59 1302 220 1375 Fcolesiae
241 1317 326 1376 recte
348 1308 497 1378 concludi
519 1333 561 1378 ex
584 1311 686 1402 ipsius
705 1309 812 1401 praxi.
839 1309 942 1400 Cujus
966 1311 1186 1401 responsionis

61 1419 189 1486 veritas
205 1421 351 1512 sequenti
366 1420 624 1513 propositionum
639 1420 721 1488 serie
735 1419 900 1511 panditur.

108 1527 297 1597 Pnorosrrro
314 1530 343 1596 1.
362 1567 407 1580 —
420 1529 540 1596 Procris
556 1528 699 1619 antique
714 1527 909 1596 Ecclesia·
879 1549 964 1594 carco
983 1527 1184 1619 promulga-

63 1637 190 1704 tionem
208 1657 263 1703 seu
278 1635 536 1728 publicationem
560 1634 935 1716 excommunicationum
955 1647 985 1702 et
1004 1637 1184 1726 mspemio-

63 1767 148 1812 num
150 1744 394 1836 ,perseuerauit
409 1765 510 1836 usque
524 1767 683 1812 nuna-
640 1743 922 1810 -Ronranorum
944 1741 1138 1811 Pontificum
1155 1751 1187 1811 et

62 1848 280 1920 conciliorum
311 1850 474 1920 decreta
467 1875 499 1919 rn
531 1859 596 1919 tres
620 1850 737 1919 classes
767 1849 999 1940 distinguimus
1030 1877 1037 1916 :
1068 1872 1185 1941 nempe

64 1960 242 2027 sententias
255 1961 630 2030 excommunicationum
645 1959 848 2050 aliarumque
859 1981 1044 2049 paenarum,
1057 1957 1186 2028 decreta

64 2067 262 2156 dogmatica,
280 2076 311 2134 et
331 2067 458 2137 decreta
478 2069 563 2135 circa
580 2066 796 2158 disciplinam.
814 2066 861 2134 De
876 2085 1071 2157 unaquaque
1084 2065 1185 2134 classe

65 2174 209 2243 dicimus
224 2197 447 2266 perseverasse
462 2175 609 2266 antiquas
624 2173 775 2242 Ecclesiae
790 2173 931 2264 praxim.
948 2172 987 2240 In
1003 2171 1063 2240 hac
1076 2181 1184 2241 autem

62 2283 306 2374 propositione,
337 2283 443 2376 quoad
478 2282 830 2353 excommunicationes
861 2290 892 2348 et
922 2279 1001 2349 alias
1033 2304 1185 2350 censuras

64 2399 207 2480 tantum,
225 2392 308 2460 hanc
323 2414 462 2483 praxeos
480 2391 680 2461 identitatem
694 2389 881 2458 asserimus.

108 2499 237 2567 Verum
266 2508 315 2568 est
343 2499 421 2568 olim
453 2499 571 2568 multos
600 2519 745 2566 summos
769 2495 941 2564 Pontifices
962 2496 1126 2564 curavisse
1150 2505 1186 2564 ut

62 2629 136 2674 suae
157 2609 340 2695 sententia,
357 2607 477 2698 quibus
491 2606 542 2674 vel
564 2627 663 2676 uuam
681 2612 808 2672 tantum
833 2625 1004 2695 personam
1027 2604 1184 2673 determi-

62 2723 191 2802 natam,
206 2716 258 2784 vel
279 2739 379 2784 unam
402 2737 533 2784 reorum
555 2713 702 2798 classem,
719 2710 977 2780 condemnabant
998 2719 1031 2779 et
1051 2735 1185 2782 excom-

63 2825 289 2914 municabant,
306 2833 363 2894 aut
378 2824 512 2916 ubique,
529 2832 585 2892 aut
599 2824 633 2890 in
649 2820 846 2913 quibusdam
867 2821 1043 2913 provinciis
1056 2821 1184 2912 publice

64 2932 328 3022 divulgarentur.
341 2932 377 3001 ld
393 2939 517 3001 constat
530 2953 571 3000 ex
584 2929 738 2998 historica
750 2930 884 3020 synopsi
898 2937 1183 2998 monumentorum

63 3041 98 3108 in
111 3042 275 3132 superiori
287 3039 492 3133 paragrapho
503 3038 723 3108 collectorum.
735 3036 784 3104 Ita
793 3036 827 3105 S.
840 3035 1017 3125 Gregorius
1028 3037 1181 3128 Magnus,

64 3149 234 3238 Eugenius
260 3148 324 3235 111,
349 3148 543 3216 Anastasius
570 3147 630 3232 lV,
659 3146 782 3214 Lucius
808 3145 865 3232 Ill,
895 3145 1100 3214 Innocentius
1125 3147 1182 3236 ΙΙΙ,

19 3343 21 3348 Ι
64 3258 231 3326 Honorius
244 3257 301 3325 ΙΙΙ.
316 3257 356 3325 Et
371 3280 412 3326 ex
430 3257 487 3325 illo
501 3256 585 3324 facto
601 3263 685 3324 recte
700 3254 905 3324 concluditur
921 3253 1093 3324 Pontifices
1109 3255 1182 3326 illos

63 3365 242 3454 putavisse,
258 3363 354 3432 utiles
368 3364 438 3432 fore
453 3362 614 3456 ejusmodi
628 3363 872 3454 publicationes.

108 3471 175 3540 Sed
189 3494 305 3540 verum
325 3480 373 3540 est
395 3472 493 3540 etiam
518 3491 740 3564 perseverasse
764 3470 848 3538 hanc
871 3471 998 3562 praxim
1021 3471 1181 3563 usquead

65 3581 244 3648 recentiora
269 3588 424 3670 tempora.
448 3578 501 3647 Ad
526 3579 586 3648 hoc
611 3577 794 3646 testandum
823 3576 915 3668 plene
940 3575 1065 3644 suflicit
1090 3577 1181 3646 hulla

65 3687 175 3756 Coeum
197 3688 373 3779 quotannis
388 3711 408 3756 a
421 3687 578 3757 Romanis
594 3686 806 3755 Pontificibus
821 3685 901 3752 feria
914 3683 1028 3776 quinta
1048 3684 1182 3776 majoris

66 3793 277 3864 hebdomadae
292 3794 406 3863 tandiu
424 3803 577 3863 renovata
591 3804 623 3862 et
635 3792 839 3862 confirmata.
856 3794 945 3862 Licet
958 3796 1043 3863 enim
1061 3799 1181 3864 summi

65 3899 236 3971 Pontifices
258 3911 443 3994 supponant
464 3911 496 3970 et
516 3900 679 3970 declarent
704 3901 898 3992 multiplices
918 3904 1181 3972 excommunica-

65 4011 170 4080 tiones
184 4035 260 4103 quae
276 4011 310 4078 in
326 4033 364 4080 ca
378 4021 411 4078 et
429 4032 486 4102 per
501 4032 572 4077 eam
594 4008 825 4099 fulminantur,
841 4011 984 4101 obligare
1007 4034 1065 4104 per
1077 4012 1180 4082 solam

66 4119 314 4208 publicationem
342 4118 457 4186 Romae
483 4118 612 4206 lacum,
634 4117 848 4187 nihilominus
873 4119 1052 4210 injungunt
1074 4122 1181 4189 omni·

65 4227 129 4296 bus
140 4229 225 4298 orbis
240 4228 422 4320 Episcopis,
435 4228 516 4296 utin
530 4250 590 4297 sua
601 4227 739 4320 quisque
751 4227 881 4298 dioecesi
894 4229 1040 4298 eamdem
1056 4230 1181 4302 bullam
