3068 4948
555 549 638 597 ansts
663 549 813 597 canonici.
1180 531 1242 598 255

125 686 240 756 euntia
261 689 429 771 Prasules,
447 690 626 759 sacerdotes
645 703 676 759 et
688 691 806 781 plebes,
819 712 883 780 per
897 691 1084 781 reliqiosum
1100 705 1241 760 oestrum

123 793 274 862 studium
297 795 488 880 innotescat,
507 821 546 866 ac
568 797 743 866 salubriter
763 797 959 888 divulpetur.
982 800 1031 889 (T.
1048 800 1062 867 l
1078 799 1241 869 Concilio-

125 927 204 972 rum
219 905 415 990 Germania,
430 907 492 978 col.
513 909 625 998 1731.)

173 1017 269 1083 Anno
289 1019 364 1085 717.
380 1017 609 1086 -Zacharias
628 1018 729 1111 Papa,
752 1018 911 1111 quosdam
934 1039 1072 1088 canones
1096 1019 1238 1106 mittens,

126 1131 238 1192 sancto
259 1125 426 1194 Bonilacio
450 1126 592 1214 mandat,
616 1139 653 1194 ut
684 1125 717 1193 in
735 1125 929 1196 sacerdotali
950 1127 1082 1218 callepio
1108 1127 1243 1196 lectione
1294 1157 1299 1169 ·

121 1229 331 1320 pandantur.

172 1340 270 1408 Anno
292 1344 366 1409 9211.
385 1379 430 1394 -
443 1343 585 1412 Ioannes
606 1341 683 1411 VIII
702 1341 744 1410 ad
762 1341 937 1434 Episcopus
963 1341 1075 1412 Gallica
1098 1343 1241 1412 scribens

127 1447 289 1536 hortatur,
306 1462 343 1517 ut
357 1450 417 1518 bas
433 1450 559 1518 litteras
572 1471 634 1541 per
644 1473 755 1518 omnes
766 1449 913 1519 dioeceses
926 1473 1001 1518 suas
1013 1451 1143 1542 publice
1157 1451 1240 1520 rele-

127 1569 247 1646 nentes,
274 1571 305 1626 et
323 1557 370 1626 ad
383 1559 505 1626 vicinas
517 1559 684 1651 paroecias
705 1557 889 1649 diripentes,
906 1561 1127 1650 prefatorum
1142 1559 1242 1652 depo-

127 1665 267 1734 sitorum
292 1679 323 1734 et
351 1667 710 1736 meatbematizammm
735 1667 935 1735 consortium
962 1668 1058 1759 quasi
1083 1691 1241 1742 uenenum

122 1773 317 1863 pestiferum
331 1774 499 1846 declinent.
521 1775 630 1865 (Cone.
648 1774 826 1862 Haeduini‚
842 1783 865 1842 1.
880 1775 940 1861 Vl,
958 1775 1019 1843 ool.
1041 1776 1128 1866 118.)

174 1885 271 1952 Anno
284 1887 357 1952 982.
373 1923 418 1938 -
429 1883 623 1954 Benedictus
643 1884 689 1954 VI
706 1884 837 1953 mandat
858 1893 892 1952 ut
908 1883 1073 1977 synodalis
1084 1909 1143 1954 sua
1155 1886 1241 1978 epis-

129 1990 194 2062 tola
207 2016 272 2084 per
291 2017 429 2062 manum
442 1994 603 2063 carissimi
624 1994 798 2085 confratris
821 1993 926 2062 nostri
940 1993 1076 2062 Miconis
1087 1994 1243 2086 Episcopi

127 2100 251 2168 cunctis
275 2101 349 2169 aliis
376 2102 629 2194 Arcbicpiscopis
648 2114 678 2168 et
706 2101 876 2192 Episcopis
900 2099 1097 2192 deportetur.
1129 2101 1236 2191 (Cone.

129 2208 305 2297 Haeduini,
329 2218 351 2278 1.
369 2209 430 2298 VI,
446 2234 478 2302 p.
500 2213 608 2300 1268.)

173 2303 269 2387 Anno
288 2324 383 2391 1201.
402 2360 447 2372 -
461 2321 602 2412 Legatus
625 2321 745 2388 summi
769 2319 936 2389 Pontificis
950 2321 1065 2389 Petrus
1081 2320 1121 2390 de
1134 2321 1240 2390 Bene-

130 2439 237 2512 vento,
261 2429 433 2498 celebravit
459 2429 631 2498 concilium
656 2431 690 2496 in
717 2429 797 2499 urbe
821 2429 1094 2521 Montepesnlana.
1116 2429 1153 2498 In
1176 2429 1239 2498 fine

128 2545 235 2604 autem
246 2560 410 2606 'canonum
426 2538 471 2606 sic
486 2538 607 2627 legitur
623 2565 630 2605 :
650 2539 796 2627 Praelata
810 2550 937 2606 statuta
951 2539 1151 2630 inpraesenti
1165 2563 1240 2610 cocc-

128 2645 201 2712 cilic
210 2644 298 2714 edita
307 2645 475 2736 publicari
484 2669 664 2738 peromncs
674 2646 819 2716 dioeceses
828 2660 858 2715 et
867 2647 1011 2716 ecclesias
1020 2650 1238 2740 parochiales,

130 2755 255 2845 nequis
270 2754 467 2844 ipnorantise
487 2755 605 2823 vitium
624 2755 727 2847 possit
738 2754 955 2845 pretendere·
979 2767 1010 2824 et
1019 2780 1082 2848 per
1097 2758 1241 2849 sinpulos

130 2886 229 2931 amos
255 2863 354 2954 releqi
376 2863 410 2930 in
433 2863 551 2932 eisdem
574 2861 709 2931 ecclesiis
731 2863 830 2931 semel
848 2875 908 2931 aut
920 2863 1048 2954 pluries
1066 2865 1241 2935 secundum

14 3034 18 3042 .
131 2971 371 3039 ordinationem
390 2971 627 3064 Episcoporum
649 2971 917 3040 dioecesanorum.
939 2971 1048 3063 (conc.
1065 2974 1239 3061 Harduini,

132 3088 154 3146 t.
170 3079 229 3168 vl,
248 3102 279 3170 p.
299 3077 412 3167 esse.)

173 3187 270 3255 Anno
284 3190 380 3254 1215.
398 3185 637 3256 -Concilium
661 3187 875 3256 Laterancnse
895 3189 1045 3277 generale
1066 3190 1128 3258 suh
1142 3191 1243 3260 Inno-

130 3295 310 3386 centio‘jlll,
335 3294 375 3363 de
396 3317 519 3364 maone
543 3295 650 3363 omnis
668 3297 837 3387 utriusque
859 3319 954 3364 seaus
970 3297 1019 3366 sic
1031 3297 1124 3388 jubet
1140 3325 1147 3365 ε
1165 3301 1242 3366 Fre·

132 3416 263 3494 qumter
298 3405 334 3472 in
366 3403 516 3472 Ecclesiis
542 3404 739 3494 publicetur,
771 3427 811 3472 nc
840 3405 1014 3498 quisquam
1047 3407 1243 3497 ipnorantier

132 3513 273 3581 caecitate
297 3512 444 3581 velamen
476 3512 691 3580 comisationis
720 3511 885 3581 adsumat.
920 3513 1034 3604 (Cone.
1067 3513 1241 3603 Haeduini‚

133 3621 242 3709 1111,
261 3620 322 3689 col.
343 3622 409 3710 35.)

173 3732 270 3797 Anno
287 3732 384 3796 1220.
400 3767 445 3780 -
458 3729 622 3797 Honorius
636 3728 681 3797 ΙΙΙ
694 3729 954 3797 excommunicat
969 3729 1042 3797 illos
1056 3731 1115 3822 qui
1131 3730 1244 3800 obser-

133 3839 200 3906 vari
222 3838 364 3906 facerent
385 3835 630 3904 consuetudines
653 3837 705 3904 nel
720 3836 831 3926 potius
853 3836 1021 3904 abusiones
1042 3836 1245 3908 introductas

133 3959 243 4014 contra
263 3945 413 4014 Ecclesia
433 3944 617 4014 libertatem
622 3970 636 4028 ,·
658 3956 689 4012 et
710 3944 776 4011 nisi
797 3967 835 4011 ea
859 3944 899 4012 de
921 3945 1157 4036 capitularibus
1177 3950 1244 4018 suis

133 4055 219 4146 infra
244 4053 324 4123 duos
348 4077 469 4122 mertscs
491 4066 565 4145 post
588 4051 783 4143 bujusmodi
797 4053 1055 4143 publicationem
1077 4057 1243 4126 sentcntiae

132 4164 263 4251 fecerint
278 4164 463 4231 amoveri...
486 4162 676 4254 (Renaldns,
695 4160 736 4228 nd
754 4183 877 4228 annum
898 4165 993 4247 1220,
1013 4170 1048 4227 n⁰
1065 4165 1132 4253 23.)

176 4273 270 4339 Anno
293 4275 388 4340 1253.
405 4311 450 4324 -
466 4270 673 4339 Innocentius
698 4268 745 4336 tv
768 4268 957 4361 pradictum
982 4269 1274 4344 excomsnunioa-''
