3050 4946
22 4327 25 4464 l

23 4465 26 4530 Ι

26 4803 33 4913 r

505 549 587 597 suan
609 549 760 598 canonici.
1128 535 1189 599 tro

70 691 185 760 dorcto
219 690 315 782 Cyrae
349 689 522 783 Episcopo,
558 713 643 761 anno
680 692 807 760 circiter
842 695 917 774 420,
949 701 980 762 et
1008 695 1038 762 ei
1065 701 1190 762 tantum

70 799 227 890 quaedam
250 822 270 866 a
289 799 412 868 loanne
434 797 632 868 Scholastica
656 798 766 868 addita
788 799 898 868 fuisse.
925 800 1021 890 (Vide
1036 801 1190 891 Fimiani,

71 908 145 977 loco
160 930 261 1000 supra
276 909 385 997 citato,
402 932 435 1001 p.
456 911 524 999 75.)

117 1017 159 1085 ΙΙ.
178 1017 282 1100 Quem
307 1017 455 1086 ordinem
476 1020 511 1086 in
536 1039 595 1086 sua
613 1019 786 1086 (lenonum
808 1017 992 1086 collectione
1007 1028 1137 1089 secutus
1151 1019 1194 1086 sit

70 1126 216 1194 loannes
242 1124 472 1213 Scholasticus,
500 1134 531 1194 et
551 1127 585 1194 in
605 1149 671 1217 quo
690 1150 709 1192 a
726 1126 972 1194 collectionibus
989 1135 1063 1194 ante
1084 1127 1192 1218 ipsum

71 1232 305 1302 exsistentibus
331 1233 509 1319 recesserit,
532 1236 601 1323 ipse
625 1233 732 1323 palam
758 1233 834 1301 lacit
860 1235 895 1301 in
922 1233 1112 1324 prefatione
1143 1236 1194 1303 his

72 1342 210 1410 verbis:
231 1369 247 1406 «
270 1342 431 1424 Quoniam
454 1343 554 1432 igitur
573 1342 652 1410 olim
673 1365 732 1433 pro
754 1343 953 1434 temporibus
967 1367 986 1410 a
1002 1342 1140 1412 diversis

75 1478 92 1513 «
117 1451 207 1540 leges
221 1461 252 1520 et
266 1473 405 1520 canones
421 1452 571 1520 Ecclesiae
587 1452 665 1520 editi
680 1461 755 1521 sunt
776 1453 897 1542 (decem
911 1454 1001 1520 enim
1017 1461 1088 1544 post
1104 1455 1192 1544 Apo-

75 1584 92 1622 «
118 1558 219 1626 stolos
239 1581 368 1648 magna
388 1559 523 1628 Petrum
538 1560 706 1628 celebrata
730 1559 865 1629 fuerunt
880 1559 1016 1651 synodi;
1038 1569 1195 1651 praeterea

77 1666 217 1735 «etiarn
241 1666 381 1735 Basilius
404 1667 543 1757 Magnus
566 1665 605 1734 de
636 1667 746 1736 multis
774 1669 871 1736 rebus
897 1691 1035 1736 canones
1062 1691 1194 1758 compo-

77 1801 93 1839 «
119 1773 212 1864 suit),
231 1772 351 1842 idcirco
365 1797 431 1841 non
446 1775 566 1842 mirum
584 1774 612 1842 si
629 1775 766 1866 sparsim
782 1775 822 1842 ab
835 1776 924 1867 ipsis,
943 1783 1040 1866 prout
1054 1797 1107 1843 res
1119 1797 1193 1866 quar

76 1909 92 1946 «
119 1883 306 1974 quibusque
328 1882 529 1972 temporibus
549 1882 737 1950 oriebantur
751 1883 932 1972 exigerent,
954 1891 986 1951 et
1001 1904 1066 1952 non
1080 1883 1196 1950 ordine

77 2017 94 2056 «
119 1991 264 2082 quodam
282 2013 392 2059 rerum
408 1991 496 2059 velut
512 1991 546 2058 in
562 1991 665 2082 capita
678 1990 925 2058 distributurum
937 2013 1077 2059 canones
1086 1992 1196 2082 scripti

78 2127 95 2164 α
120 2100 188 2166 sint
208 2126 215 2166 :
233 2099 312 2166 adeo
334 2109 370 2165 ut
392 2106 563 2188 propterea
584 2096 713 2166 difficile
728 2096 905 2165 admodum
921 2098 1057 2165 inventu
1072 2108 1103 2166 et
1117 2121 1197 2166 con-

78 2236 95 2272 «
119 2209 245 2299 quisitu
271 2209 313 2275 sit
332 2206 365 2274 id
384 2206 470 2298 quod
491 2231 510 2273 a
528 2206 695 2274 nonnullis
709 2205 878 2274 confestim
895 2206 935 2274 de
949 2228 1071 2274 canone
1088 2209 1199 2298 requi-

79 2345 95 2381 «
120 2317 218 2384 ritur.
244 2317 418 2406 Propterea
439 2338 526 2400 cum,
552 2315 657 2404 gratia
683 2313 812 2382 Domini
834 2323 866 2381 et
886 2315 945 2382 Dei
966 2322 996 2381 ct
1017 2314 1198 2382 Servatoris

78 2453 95 2491 «
120 2427 228 2498 nostri
254 2425 331 2494 tes«
351 2423 485 2509 Christi,
507 2447 545 2492 ea
565 2447 641 2515 quae
663 2423 783 2514 passim
804 2423 845 2490 ab
865 2423 944 2514 ipsis
967 2423 1100 2492 definita
1123 2432 1198 2493 sunt

78 2561 95 2597 «
120 2555 183 2624 pro
199 2531 411 2624 temporibus,
428 2531 460 2598 in
476 2553 579 2599 unum
595 2529 746 2619 colligere
763 2551 881 2619 magno
898 2530 1005 2599 studio
1019 2532 1108 2600 enixi
1124 2533 1195 2600 fue-

79 2669 96 2707 «
121 2643 241 2725 rimus,
264 2663 366 2732 eaque
386 2640 420 2707 in
439 2639 549 2707 titulos
570 2638 808 2730 quinquaginta
829 2637 1105 2726 distribuerimus,
1132 2664 1198 2710 non

79 2779 96 2817 «
121 2750 272 2820 ordinem
293 2747 467 2840 quemdam
483 2755 514 2814 et
533 2746 648 2814 seriem
665 2767 878 2815 numerorum
897 2748 1113 2835 servavimus,
1129 2751 1199 2841 pri-

78 2889 95 2926 «
122 2881 216 2928 mum
239 2859 333 2927 utita
356 2857 460 2925 dicam
484 2864 515 2924 et
540 2855 719 2923 secundum
740 2864 772 2922 et
790 2855 922 2923 tertium
944 2865 975 2923 et
995 2868 1147 2948 quartum
1168 2867 1200 2927 et

80 2999 96 3034 «
122 2969 277 3061 quintum
298 2967 448 3057 deinceps
467 2986 605 3032 canones
626 2964 880 3055 conjungentes3
897 2963 953 3032 sed
972 2964 1091 3033 similia
1106 2966 1199 3034 simi-

81 3107 98 3144 «
121 3077 224 3162 libus,
241 3081 401 3167 qnantum
418 3073 486 3141 fieri
511 3073 630 3164 potuit,
652 3072 851 3163 copulantes,
873 3082 904 3141 ct
928 3095 989 3164 par
1010 3073 1080 3164 pari
1103 3074 1199 3164 capiti

81 3212 97 3248 «
122 3189 361 3266 connectentes,
386 3179 512 3247 facilem
533 3177 680 3246 simulet
702 3177 822 3246 laboris
844 3187 1010 3270 expertem
1034 3180 1198 3267 omnibus,

80 3321 97 3356 «
124 3300 161 3359 ut
186 3291 315 3382 opinor,
342 3310 454 3358 eorum
478 3309 552 3378 quea
579 3286 818 3377 conquiruntur
841 3286 1064 3355 inventionem
1087 3288 1199 3356 reddi-

81 3426 98 3464 «
122 3399 246 3468 dimas.
274 3395 347 3465 Non
372 3395 434 3487 ipsi
454 3393 514 3462 soli
535 3409 567 3461 et
584 3393 682 3484 primi
704 3392 788 3461 inter
808 3392 1035 3462 caeterosillud
1051 3395 1197 3484 aggressi

82 3535 99 3574 a
122 3527 262 3592 snnrus3
285 3505 342 3572 sed
364 3502 551 3569 invenimus
573 3510 707 3568 caeteros
728 3499 789 3567 ista
807 3499 954 3568 divisisse
975 3500 1009 3567 in
1029 3500 1198 3591 sexaginta

82 3643 99 3680 a
123 3614 248 3682 titulos.
269 3613 431 3680 Praeterea
444 3608 556 3676 basilii
573 3607 834 3676 canonescaeteri
849 3629 916 3675 non
936 3607 1196 3698 conjunxerunt;

82 3752 98 3788 «
123 3745 232 3818 neque
252 3721 372 3790 similia
394 3741 468 3788 cuna
494 3717 668 3803 similibus,
692 3726 727 3785 nt
745 3716 924 3807 oportebat,
947 3717 1025 3786 velit
1040 3719 1101 3788 sub
1115 3719 1198 3788 titu-

82 3831 166 3899 «lis
191 3838 369 3921 posuerunt
372 3878 438 3895 .....
460 3827 532 3918 Ipse
552 3835 659 3894 autern
685 3825 766 3892 ordo
796 3824 998 3914 synodorum
1025 3849 1101 3916 quae
1126 3838 1200 3918 post

82 3969 99 4006 «
123 3939 299 4033 Apostolos
319 3939 484 4007 celebrata
508 3945 596 4022 sunt,
612 3943 643 4000 et
658 3947 737 4024 «quot
751 3955 959 4026 unaquaque
974 3957 1114 4004 canones
1127 3937 1198 4004 edi-

83 4075 100 4113 «
124 4049 185 4134 dit,
206 4055 285 4139 quot
308 4068 385 4114 vero
411 4044 549 4113 basilius
566 4040 778 4110 admirandus
792 4044 994 4134 conscripsit,
1012 4065 1053 4110 ex
1068 4043 1108 4110 iis
1121 4067 1197 4135 quae

20 4147 22 4198 J
84 4186 100 4222 «
125 4156 344 4248 snbjiciuntur
357 4155 447 4224 nullo
460 4154 589 4243 negotio
603 4152 826 4242 quaerentibus
841 4153 1026 4220 innotescet.
1044 4177 1061 4217 t>
1079 4151 1198 4245 Sequi-

81 4275 138 4334 tur
159 4263 311 4357 synopsis
327 4285 426 4353 quam
447 4261 618 4330 retulimus
635 4263 669 4328 in
684 4258 879 4353 precedenti
895 4261 1111 4352 paragrapho.
1130 4261 1197 4354 (Bi-
