3050 4946
332 485 393 550 toa
682 503 856 552 raacrarns
879 507 917 552 os
939 505 1091 553 ramcnns

328 644 464 730 tionem,
480 663 538 711 seu
554 649 744 734 potestatem
765 645 986 735 gubernandi3
1004 653 1035 714 et
1053 643 1283 730 sacerdotium,
1300 665 1359 713 sen
1381 667 1442 736 po·

327 758 475 820 testatem
496 751 730 840 sanctificandi,
748 752 782 822 id
803 761 863 841 est,
881 752 1020 845 gratiam
1044 752 1234 822 hominibus
1253 774 1312 844 per
1325 773 1442 821 sacra-

327 866 514 928 mentorum
528 858 762 929 confectionem
776 870 808 930 et
822 861 1027 931 collationem
1042 857 1249 929 infundendi.

370 965 450 1035 flac
468 988 556 1035 nnnc
580 966 772 1059 exponenda
791 969 863 1038 visa
888 977 966 1036 sunt
985 967 1136 1037 Ecclesiae
1162 965 1384 1056 constitutiva,
1406 975 1444 1036 nt

327 1073 429 1142 simul
443 1073 630 1166 pandantur
643 1073 802 1166 primaria
816 1097 873 1144 sen
894 1073 1151 1144 fundamentalia
1165 1072 1268 1166 ipsios
1280 1072 1370 1165 jara.

787 1415 931 1487 CAPUT
958 1419 984 1488 1.

515 1648 553 1694 llll
576 1647 680 1694 FOREA
703 1647 818 1695 sociam
840 1647 985 1696 mennam
1010 1645 1242 1694 CONSTl'l'U'l'lVA.

367 1864 439 1932 Duo
455 1863 507 1930 hic
521 1863 716 1956 inquirenda
731 1892 739 1932 ε
762 1869 792 1931 1·
807 1864 860 1932 An
877 1885 990 1934 revera
1004 1864 1152 1933 Christus
1166 1863 1346 1932 Ecclesiam
1363 1886 1438 1932 curn

322 1971 430 2040 torma
452 1971 561 2040 sociali
585 1971 771 2042 instituerit.
795 1975 829 2040 2ο
849 1972 1008 2054 Quaenam
1033 1971 1075 2040 sit
1098 1971 1154 2040 illa
1176 1971 1286 2040 torma
1310 1971 1439 2040 socialis

322 2080 473 2150 Ecclesiae
489 2080 632 2173 propria.

847 2317 916 2407 §i

535 2502 648 2554 Christus
664 2501 807 2554 Ecclesiam
823 2501 932 2552 instituit
948 2515 1007 2553 cum
1024 2501 1113 2552 sociali
1129 2501 1220 2552 torma.

365 2699 511 2768 Essentia
533 2699 692 2768 societatis
717 2698 872 2768 humanae
895 2698 1039 2768 consistit
1059 2697 1093 2766 in
1116 2698 1306 2768 collectione
1330 2699 1441 2768 bomi-
1511 2769 1512 2778 ,

320 2829 402 2875 num
424 2808 549 2876 actione
571 2808 742 2876 communi
765 2806 928 2876 adfinem
953 2806 1096 2898 aliquem
1120 2829 1334 2875 communem
1359 2829 1440 2876 oon-
1510 2868 1511 2887 ,

321 2917 541 3002 currentinm3
567 2917 657 3007 atqui
682 2938 759 2984 cum
787 2913 847 2982 hac
873 2915 981 2984 forma
1004 2915 1152 2984 instituta
1175 2915 1238 2984 fuit
1263 2940 1283 2983 a
1305 2915 1441 2985 Christo
1509 2980 1510 2995 ,

322 3022 472 3090 Ecclesia.
495 3023 553 3091 llle
566 3023 655 3092 enim
674 3022 815 3091 instituit
831 3021 1008 3090 Ecclesiam
1031 3031 1187 3114 tanquam
1212 3021 1440 3093 collectionem
1508 3069 1509 3103 i

320 3131 494 3200 hominum
522 3131 646 3201 actione
670 3131 840 3200 communi
867 3129 1033 3200 adfinem
1057 3153 1269 3200 communem
1295 3155 1440 3204 concur-
1507 3167 1508 3211 i

321 3240 478 3326 rentium,
495 3239 553 3331 qui
566 3239 655 3308 illam
673 3241 834 3331 expressit
848 3241 934 3331 typis
954 3240 1096 3310 formam
1113 3239 1197 3308 hanc
1213 3240 1369 3310 socialem
1384 3266 1440 3312 re-
1506 3265 1507 3319 l

322 3347 513 3432 ferentibus,
535 3347 656 3438 quique
683 3347 729 3415 illi
750 3345 894 3437 praefixit
915 3345 1014 3415 finem
1037 3369 1251 3416 communem
1273 3347 1316 3416 ad
1337 3373 1437 3442 quem
1505 3353 1506 3427 l

322 3461 551 3522 concurrerent
570 3453 674 3544 ipsius
693 3453 855 3540 membra,
873 3475 940 3521 uno
954 3452 1067 3538 verbo,
1085 3455 1142 3545 qui
1163 3455 1225 3547 ipsi
1247 3454 1339 3523 dedit
1363 3480 1440 3550 pro-
1502 3453 1505 3536 l

321 3561 473 3650 prietates
496 3560 655 3630 societatis
681 3559 923 3649 constitutivam
941 3562 1030 3653 atqui
1053 3560 1204 3630 Christus
1226 3563 1439 3634 Ecclesiama

322 3691 356 3736 se
372 3669 555 3737 institutam
569 3669 615 3737 sic
628 3669 789 3761 expressit
802 3677 834 3737 el
846 3669 1023 3738 constituit.

368 3781 400 3843 1⁰
414 3777 592 3846 Ecclesiam
610 3799 705 3846 suam
724 3777 885 3869 expressit
907 3777 993 3868 typis
1015 3776 1159 3846 formam
1181 3778 1335 3848 socialem
1353 3783 1440 3850 reie-

321 3885 477 3954 rentibus.
496 3885 589 3954 illam
613 3885 701 3954 enim
722 3884 880 3976 expressit
898 3892 976 3976 typo
992 3885 1094 3976 requi,
1112 3907 1186 3953 eam
1201 3909 1289 3978 coepe
1302 3889 1438 3980 sepius,

319 3993 466 4062 vocando
478 4014 617 4082 raparum
630 3991 806 4074 coelorum;
820 4000 899 4083 typo
916 3992 1071 4074 civitatis,
1089 3992 1181 4060 illam
1201 3993 1392 4064 exhibendo
1407 4007 1440 4064 ui

319 4102 485 4170 ciuitatem
499 4123 601 4193 supro
623 4113 766 4169 montem
788 4099 944 4192 positam,
964 4101 1116 4192 inquam
1139 4099 1303 4170 confluere
1318 4101 1439 4172 debent

320 4231 434 4278 omnes
462 4217 596 4298 gentes;
626 4217 705 4300 typo
728 4209 834 4290 coilo,
865 4231 938 4276 eam
973 4209 1105 4299 proprio
1137 4209 1271 4278 nomine
1299 4209 1439 4282 dicendo
