<?xml version="1.0" encoding="UTF-8"?>
<!DOCTYPE html PUBLIC "-//W3C//DTD XHTML 1.0 Transitional//EN"
    "http://www.w3.org/TR/xhtml1/DTD/xhtml1-transitional.dtd">
<html xmlns="http://www.w3.org/1999/xhtml" xml:lang="en" lang="en">
 <head>
  <title>
</title>
<meta http-equiv="Content-Type" content="text/html;charset=utf-8" />
  <meta name='ocr-system' content='tesseract 3.04.00' />
  <meta name='ocr-capabilities' content='ocr_page ocr_carea ocr_par ocr_line ocrx_word'/>
</head>
<body>
  <div class='ocr_page' id='page_1' title='image "./tractatusdeprin00bouigoog_0164.png"; bbox 0 0 3064 4952; ppageno 0'>
   <div class='ocr_carea' id='block_1_1' title="bbox 527 518 1215 582">
    <p class='ocr_par' dir='ltr' id='par_1_1' title="bbox 527 518 1215 582">
     <span class='ocr_line' id='line_1_1' title="bbox 527 518 1215 582; baseline 0.003 -3"><span class='ocrx_word' id='word_1_1' title='bbox 527 534 610 580; x_wconf 81' lang='lat' dir='ltr'><strong>suars</strong></span> <span class='ocrx_word' id='word_1_2' title='bbox 633 534 784 582; x_wconf 79' lang='lat' dir='ltr'><strong>eauomcr.</strong></span> <span class='ocrx_word' id='word_1_3' title='bbox 1155 518 1215 582; x_wconf 82' lang='lat' dir='ltr'><strong>tto</strong></span> 
     </span>
    </p>
   </div>
   <div class='ocr_carea' id='block_1_2' title="bbox 93 669 1217 875">
    <p class='ocr_par' dir='ltr' id='par_1_2' title="bbox 93 669 1217 875">
     <span class='ocr_line' id='line_1_2' title="bbox 93 669 1217 769; baseline 0.008 -32"><span class='ocrx_word' id='word_1_4' title='bbox 93 669 301 760; x_wconf 79' lang='lat' dir='ltr'><strong>apostolicas,</strong></span> <span class='ocrx_word' id='word_1_5' title='bbox 317 693 349 738; x_wconf 83' lang='lat' dir='ltr'><strong>v.</strong></span> <span class='ocrx_word' id='word_1_6' title='bbox 367 695 398 761; x_wconf 86' lang='lat' dir='ltr'><strong>g.</strong></span> <span class='ocrx_word' id='word_1_7' title='bbox 407 724 417 759; x_wconf 92' lang='lat'><strong>,</strong></span> <span class='ocrx_word' id='word_1_8' title='bbox 431 671 549 742; x_wconf 88' lang='lat' dir='ltr'><strong>trinam</strong></span> <span class='ocrx_word' id='word_1_9' title='bbox 562 673 596 740; x_wconf 91' lang='lat' dir='ltr'><strong>in</strong></span> <span class='ocrx_word' id='word_1_10' title='bbox 609 675 800 766; x_wconf 87' lang='lat' dir='ltr'><strong>baptismate</strong></span> <span class='ocrx_word' id='word_1_11' title='bbox 814 675 1069 764; x_wconf 76' lang='lat' dir='ltr'><strong>immersionem,</strong></span> <span class='ocrx_word' id='word_1_12' title='bbox 1086 685 1117 747; x_wconf 87' lang='lat' dir='ltr'><strong>et</strong></span> <span class='ocrx_word' id='word_1_13' title='bbox 1129 677 1217 769; x_wconf 85' lang='lat' dir='ltr'><strong>jeju-</strong></span> 
     </span>
     <span class='ocr_line' id='line_1_3' title="bbox 93 777 912 875; baseline 0.009 -30"><span class='ocrx_word' id='word_1_14' title='bbox 93 778 187 846; x_wconf 88' lang='lat' dir='ltr'><strong>nium</strong></span> <span class='ocrx_word' id='word_1_15' title='bbox 204 777 484 870; x_wconf 74' lang='lat' dir='ltr'><strong>quadragesimale</strong></span> <span class='ocrx_word' id='word_1_16' title='bbox 499 803 506 844; x_wconf 94' lang='lat'><strong>:</strong></span> <span class='ocrx_word' id='word_1_17' title='bbox 523 778 563 850; x_wconf 89' lang='lat' dir='ltr'><strong>de</strong></span> <span class='ocrx_word' id='word_1_18' title='bbox 577 781 649 850; x_wconf 88' lang='lat' dir='ltr'><strong>aliis</strong></span> <span class='ocrx_word' id='word_1_19' title='bbox 664 790 712 852; x_wconf 89' lang='lat' dir='ltr'><strong>est</strong></span> <span class='ocrx_word' id='word_1_20' title='bbox 725 781 912 875; x_wconf 90' lang='lat' dir='ltr'><strong>disputatio.</strong></span> 
     </span>
    </p>
   </div>
   <div class='ocr_carea' id='block_1_3' title="bbox 619 1023 695 1114">
    <p class='ocr_par' dir='ltr' id='par_1_3' title="bbox 619 1023 695 1114">
     <span class='ocr_line' id='line_1_4' title="bbox 619 1023 695 1114; baseline -0.026 -22"><span class='ocrx_word' id='word_1_21' title='bbox 619 1023 695 1114; x_wconf 72' lang='lat' dir='ltr'><strong>§n</strong></span> 
     </span>
    </p>
   </div>
   <div class='ocr_carea' id='block_1_4' title="bbox 91 1191 1217 1339">
    <p class='ocr_par' dir='ltr' id='par_1_4' title="bbox 91 1191 1217 1339">
     <span class='ocr_line' id='line_1_5' title="bbox 91 1191 1217 1259; baseline 0.006 -17"><span class='ocrx_word' id='word_1_22' title='bbox 91 1194 130 1242; x_wconf 82' lang='lat' dir='ltr'><strong>Au</strong></span> <span class='ocrx_word' id='word_1_23' title='bbox 145 1191 347 1244; x_wconf 80' lang='lat' dir='ltr'><strong>uonmrououss</strong></span> <span class='ocrx_word' id='word_1_24' title='bbox 367 1205 424 1258; x_wconf 77' lang='lat' dir='ltr'><strong>qun</strong></span> <span class='ocrx_word' id='word_1_25' title='bbox 442 1192 564 1244; x_wconf 85' lang='lat' dir='ltr'><strong>dleuutur</strong></span> <span class='ocrx_word' id='word_1_26' title='bbox 579 1192 737 1257; x_wconf 82' lang='lat' dir='ltr'><strong>apostolicas,</strong></span> <span class='ocrx_word' id='word_1_27' title='bbox 757 1195 810 1246; x_wconf 88' lang='lat' dir='ltr'><strong>sint</strong></span> <span class='ocrx_word' id='word_1_28' title='bbox 831 1194 864 1244; x_wconf 86' lang='lat' dir='ltr'><strong>ab</strong></span> <span class='ocrx_word' id='word_1_29' title='bbox 888 1195 1017 1259; x_wconf 74' lang='lat' dir='ltr'><strong>Apostoli·</strong></span> <span class='ocrx_word' id='word_1_30' title='bbox 1038 1196 1139 1248; x_wconf 84' lang='lat' dir='ltr'><strong>tradltas</strong></span> <span class='ocrx_word' id='word_1_31' title='bbox 1157 1201 1183 1248; x_wconf 89' lang='lat' dir='ltr'><strong>et</strong></span> <span class='ocrx_word' id='word_1_32' title='bbox 1201 1213 1217 1249; x_wconf 88' lang='lat' dir='ltr'><strong>a</strong></span> 
     </span>
     <span class='ocr_line' id='line_1_6' title="bbox 446 1273 853 1339; baseline 0 -15"><span class='ocrx_word' id='word_1_33' title='bbox 446 1276 536 1324; x_wconf 80' lang='lat' dir='ltr'><strong>sancto</strong></span> <span class='ocrx_word' id='word_1_34' title='bbox 547 1273 679 1326; x_wconf 83' lang='lat' dir='ltr'><strong>Clemente</strong></span> <span class='ocrx_word' id='word_1_35' title='bbox 690 1273 853 1339; x_wconf 68' lang='lat' dir='ltr'><strong>cometissa.</strong></span> 
     </span>
    </p>
   </div>
   <div class='ocr_carea' id='block_1_5' title="bbox 80 1432 1213 3994">
    <p class='ocr_par' dir='ltr' id='par_1_5' title="bbox 86 1432 1213 2284">
     <span class='ocr_line' id='line_1_7' title="bbox 144 1432 1211 1528; baseline 0.006 -28"><span class='ocrx_word' id='word_1_36' title='bbox 144 1432 336 1502; x_wconf 78' lang='lat' dir='ltr'><strong>Traduntur</strong></span> <span class='ocrx_word' id='word_1_37' title='bbox 372 1435 519 1526; x_wconf 79' lang='lat' dir='ltr'><strong>Apostoli</strong></span> <span class='ocrx_word' id='word_1_38' title='bbox 561 1435 772 1528; x_wconf 86' lang='lat' dir='ltr'><strong>quamplures</strong></span> <span class='ocrx_word' id='word_1_39' title='bbox 810 1437 1014 1507; x_wconf 86' lang='lat' dir='ltr'><strong>constituisse</strong></span> <span class='ocrx_word' id='word_1_40' title='bbox 1051 1459 1211 1526; x_wconf 86' lang='lat' dir='ltr'><strong>canones,</strong></span> 
     </span>
     <span class='ocr_line' id='line_1_8' title="bbox 90 1541 1213 1638; baseline 0.006 -28"><span class='ocrx_word' id='word_1_41' title='bbox 90 1564 174 1633; x_wconf 90' lang='lat' dir='ltr'><strong>quos</strong></span> <span class='ocrx_word' id='word_1_42' title='bbox 199 1551 330 1610; x_wconf 89' lang='lat' dir='ltr'><strong>sanctus</strong></span> <span class='ocrx_word' id='word_1_43' title='bbox 353 1541 502 1611; x_wconf 85' lang='lat' dir='ltr'><strong>Clemens</strong></span> <span class='ocrx_word' id='word_1_44' title='bbox 525 1543 596 1612; x_wconf 91' lang='lat' dir='ltr'><strong>divi</strong></span> <span class='ocrx_word' id='word_1_45' title='bbox 621 1543 710 1612; x_wconf 89' lang='lat' dir='ltr'><strong>Petri</strong></span> <span class='ocrx_word' id='word_1_46' title='bbox 734 1541 913 1636; x_wconf 90' lang='lat' dir='ltr'><strong>discipulus</strong></span> <span class='ocrx_word' id='word_1_47' title='bbox 938 1559 969 1614; x_wconf 86' lang='lat' dir='ltr'><strong>et</strong></span> <span class='ocrx_word' id='word_1_48' title='bbox 991 1545 1025 1612; x_wconf 90' lang='lat' dir='ltr'><strong>in</strong></span> <span class='ocrx_word' id='word_1_49' title='bbox 1048 1545 1213 1638; x_wconf 85' lang='lat' dir='ltr'><strong>pontificio</strong></span> 
     </span>
     <span class='ocr_line' id='line_1_9' title="bbox 91 1652 1212 1746; baseline 0.004 -27"><span class='ocrx_word' id='word_1_50' title='bbox 91 1659 229 1720; x_wconf 89' lang='lat' dir='ltr'><strong>munere</strong></span> <span class='ocrx_word' id='word_1_51' title='bbox 245 1674 410 1720; x_wconf 86' lang='lat' dir='ltr'><strong>successor</strong></span> <span class='ocrx_word' id='word_1_52' title='bbox 424 1652 591 1744; x_wconf 80' lang='lat' dir='ltr'><strong>collegisse</strong></span> <span class='ocrx_word' id='word_1_53' title='bbox 608 1652 739 1741; x_wconf 90' lang='lat' dir='ltr'><strong>dicitur,</strong></span> <span class='ocrx_word' id='word_1_54' title='bbox 755 1662 825 1722; x_wconf 89' lang='lat' dir='ltr'><strong>tum</strong></span> <span class='ocrx_word' id='word_1_55' title='bbox 849 1653 884 1722; x_wconf 92' lang='lat' dir='ltr'><strong>in</strong></span> <span class='ocrx_word' id='word_1_56' title='bbox 903 1653 988 1722; x_wconf 91' lang='lat' dir='ltr'><strong>libro</strong></span> <span class='ocrx_word' id='word_1_57' title='bbox 1010 1655 1068 1746; x_wconf 89' lang='lat' dir='ltr'><strong>qui</strong></span> <span class='ocrx_word' id='word_1_58' title='bbox 1098 1657 1212 1724; x_wconf 83' lang='lat' dir='ltr'><strong>Cono-</strong></span> 
     </span>
     <span class='ocr_line' id='line_1_10' title="bbox 89 1759 1212 1851; baseline 0.004 -24"><span class='ocrx_word' id='word_1_59' title='bbox 89 1781 146 1827; x_wconf 83' lang='lat' dir='ltr'><strong>nes</strong></span> <span class='ocrx_word' id='word_1_60' title='bbox 171 1761 402 1851; x_wconf 69' lang='lat' dir='ltr'><strong>Apostmorum</strong></span> <span class='ocrx_word' id='word_1_61' title='bbox 416 1759 619 1846; x_wconf 75' lang='lat' dir='ltr'><strong>inscribitur,</strong></span> <span class='ocrx_word' id='word_1_62' title='bbox 643 1769 711 1829; x_wconf 91' lang='lat' dir='ltr'><strong>tum</strong></span> <span class='ocrx_word' id='word_1_63' title='bbox 731 1761 765 1829; x_wconf 92' lang='lat' dir='ltr'><strong>io</strong></span> <span class='ocrx_word' id='word_1_64' title='bbox 786 1769 857 1830; x_wconf 89' lang='lat' dir='ltr'><strong>octo</strong></span> <span class='ocrx_word' id='word_1_65' title='bbox 878 1760 970 1831; x_wconf 89' lang='lat' dir='ltr'><strong>libris</strong></span> <span class='ocrx_word' id='word_1_66' title='bbox 993 1763 1212 1832; x_wconf 81' lang='lat' dir='ltr'><strong>Gomtitutio-</strong></span> 
     </span>
     <span class='ocr_line' id='line_1_11' title="bbox 87 1867 1211 1960; baseline 0.005 -25"><span class='ocrx_word' id='word_1_67' title='bbox 87 1891 169 1935; x_wconf 82' lang='lat' dir='ltr'><strong>num</strong></span> <span class='ocrx_word' id='word_1_68' title='bbox 192 1869 460 1960; x_wconf 81' lang='lat' dir='ltr'><strong>apostolicorum.</strong></span> <span class='ocrx_word' id='word_1_69' title='bbox 477 1869 604 1938; x_wconf 86' lang='lat' dir='ltr'><strong>Verum</strong></span> <span class='ocrx_word' id='word_1_70' title='bbox 618 1868 658 1937; x_wconf 89' lang='lat' dir='ltr'><strong>de</strong></span> <span class='ocrx_word' id='word_1_71' title='bbox 668 1867 723 1938; x_wconf 87' lang='lat' dir='ltr'><strong>-his</strong></span> <span class='ocrx_word' id='word_1_72' title='bbox 738 1891 857 1959; x_wconf 84' lang='lat' dir='ltr'><strong>magua</strong></span> <span class='ocrx_word' id='word_1_73' title='bbox 870 1870 955 1938; x_wconf 89' lang='lat' dir='ltr'><strong>iuter</strong></span> <span class='ocrx_word' id='word_1_74' title='bbox 977 1871 1122 1940; x_wconf 90' lang='lat' dir='ltr'><strong>eruditos</strong></span> <span class='ocrx_word' id='word_1_75' title='bbox 1138 1895 1211 1941; x_wconf 93' lang='lat' dir='ltr'><strong>mo-</strong></span> 
     </span>
     <span class='ocr_line' id='line_1_12' title="bbox 87 1975 1210 2069; baseline 0.005 -27"><span class='ocrx_word' id='word_1_76' title='bbox 87 1984 185 2044; x_wconf 83' lang='lat' dir='ltr'><strong>vetur</strong></span> <span class='ocrx_word' id='word_1_77' title='bbox 211 1975 414 2069; x_wconf 88' lang='lat' dir='ltr'><strong>disceptatio,</strong></span> <span class='ocrx_word' id='word_1_78' title='bbox 436 1999 478 2044; x_wconf 89' lang='lat' dir='ltr'><strong>an</strong></span> <span class='ocrx_word' id='word_1_79' title='bbox 505 1999 620 2046; x_wconf 83' lang='lat' dir='ltr'><strong>revera</strong></span> <span class='ocrx_word' id='word_1_80' title='bbox 644 1977 709 2044; x_wconf 90' lang='lat' dir='ltr'><strong>sint</strong></span> <span class='ocrx_word' id='word_1_81' title='bbox 734 1977 775 2044; x_wconf 92' lang='lat' dir='ltr'><strong>ab</strong></span> <span class='ocrx_word' id='word_1_82' title='bbox 801 1977 967 2068; x_wconf 89' lang='lat' dir='ltr'><strong>Apostolis</strong></span> <span class='ocrx_word' id='word_1_83' title='bbox 986 1976 1118 2065; x_wconf 87' lang='lat' dir='ltr'><strong>traditu,</strong></span> <span class='ocrx_word' id='word_1_84' title='bbox 1144 1990 1210 2048; x_wconf 85' lang='lat' dir='ltr'><strong>eta</strong></span> 
     </span>
     <span class='ocr_line' id='line_1_13' title="bbox 86 2083 1210 2177; baseline 0.002 -25"><span class='ocrx_word' id='word_1_85' title='bbox 86 2093 200 2152; x_wconf 86' lang='lat' dir='ltr'><strong>sancto</strong></span> <span class='ocrx_word' id='word_1_86' title='bbox 213 2083 379 2153; x_wconf 81' lang='lat' dir='ltr'><strong>Clemente</strong></span> <span class='ocrx_word' id='word_1_87' title='bbox 393 2084 587 2176; x_wconf 85' lang='lat' dir='ltr'><strong>conscripta.</strong></span> <span class='ocrx_word' id='word_1_88' title='bbox 614 2084 665 2154; x_wconf 92' lang='lat' dir='ltr'><strong>Sit</strong></span> <span class='ocrx_word' id='word_1_89' title='bbox 685 2085 832 2177; x_wconf 90' lang='lat' dir='ltr'><strong>primum</strong></span> <span class='ocrx_word' id='word_1_90' title='bbox 853 2086 893 2154; x_wconf 90' lang='lat' dir='ltr'><strong>de</strong></span> <span class='ocrx_word' id='word_1_91' title='bbox 915 2085 1210 2157; x_wconf 87' lang='lat' dir='ltr'><strong>Constitutionibus</strong></span> 
     </span>
     <span class='ocr_line' id='line_1_14' title="bbox 87 2191 517 2284; baseline 0.007 -26"><span class='ocrx_word' id='word_1_92' title='bbox 87 2191 321 2282; x_wconf 81' lang='lat' dir='ltr'><strong>Apostolorum</strong></span> <span class='ocrx_word' id='word_1_93' title='bbox 339 2192 517 2284; x_wconf 85' lang='lat' dir='ltr'><strong>inquisitio.</strong></span> 
     </span>
    </p>

    <p class='ocr_par' dir='ltr' id='par_1_6' title="bbox 132 2300 671 2391">
     <span class='ocr_line' id='line_1_15' title="bbox 132 2300 671 2391; baseline -0.009 -22"><span class='ocrx_word' id='word_1_94' title='bbox 132 2300 230 2369; x_wconf 84' lang='lat' dir='ltr'><strong>Stant</strong></span> <span class='ocrx_word' id='word_1_95' title='bbox 243 2322 302 2391; x_wconf 90' lang='lat' dir='ltr'><strong>pro</strong></span> <span class='ocrx_word' id='word_1_96' title='bbox 318 2301 476 2368; x_wconf 89' lang='lat' dir='ltr'><strong>sententia</strong></span> <span class='ocrx_word' id='word_1_97' title='bbox 496 2300 647 2390; x_wconf 84' lang='lat' dir='ltr'><strong>negativa</strong></span> <span class='ocrx_word' id='word_1_98' title='bbox 663 2324 671 2364; x_wconf 75' lang='grc' dir='ltr'><strong>ε</strong></span> 
     </span>
    </p>

    <p class='ocr_par' dir='ltr' id='par_1_7' title="bbox 80 2408 1207 2829">
     <span class='ocr_line' id='line_1_16' title="bbox 134 2408 1207 2506; baseline 0.007 -32"><span class='ocrx_word' id='word_1_99' title='bbox 134 2412 167 2474; x_wconf 82' lang='lat'><strong>1⁰</strong></span> <span class='ocrx_word' id='word_1_100' title='bbox 182 2408 306 2478; x_wconf 88' lang='lat' dir='ltr'><strong>Natalis</strong></span> <span class='ocrx_word' id='word_1_101' title='bbox 332 2409 519 2479; x_wconf 83' lang='lat' dir='ltr'><strong>Alexander</strong></span> <span class='ocrx_word' id='word_1_102' title='bbox 535 2410 630 2500; x_wconf 89' lang='lat' dir='ltr'><strong>(Hist.</strong></span> <span class='ocrx_word' id='word_1_103' title='bbox 646 2411 739 2499; x_wconf 78' lang='lat' dir='ltr'><strong>eccl,</strong></span> <span class='ocrx_word' id='word_1_104' title='bbox 756 2420 832 2480; x_wconf 87' lang='lat' dir='ltr'><strong>sect.</strong></span> <span class='ocrx_word' id='word_1_105' title='bbox 855 2416 885 2498; x_wconf 91' lang='lat'><strong>1,</strong></span> <span class='ocrx_word' id='word_1_106' title='bbox 912 2411 1040 2482; x_wconf 89' lang='lat' dir='ltr'><strong>dissert.</strong></span> <span class='ocrx_word' id='word_1_107' title='bbox 1066 2415 1133 2504; x_wconf 80' lang='lat' dir='ltr'><strong>ts),</strong></span> <span class='ocrx_word' id='word_1_108' title='bbox 1150 2416 1207 2506; x_wconf 90' lang='lat' dir='ltr'><strong>qui</strong></span> 
     </span>
     <span class='ocr_line' id='line_1_17' title="bbox 86 2519 1207 2614; baseline 0.004 -28"><span class='ocrx_word' id='word_1_109' title='bbox 86 2529 197 2610; x_wconf 90' lang='lat' dir='ltr'><strong>aperte</strong></span> <span class='ocrx_word' id='word_1_110' title='bbox 227 2519 416 2609; x_wconf 89' lang='lat' dir='ltr'><strong>pronuntiat</strong></span> <span class='ocrx_word' id='word_1_111' title='bbox 440 2519 696 2588; x_wconf 81' lang='lat' dir='ltr'><strong>Constitutiones</strong></span> <span class='ocrx_word' id='word_1_112' title='bbox 719 2521 950 2612; x_wconf 82' lang='lat' dir='ltr'><strong>Apostolorum</strong></span> <span class='ocrx_word' id='word_1_113' title='bbox 977 2543 1041 2590; x_wconf 83' lang='lat' dir='ltr'><strong>esse</strong></span> <span class='ocrx_word' id='word_1_114' title='bbox 1067 2544 1207 2614; x_wconf 71' lang='lat' dir='ltr'><strong>apocry-</strong></span> 
     </span>
     <span class='ocr_line' id='line_1_18' title="bbox 80 2627 1205 2722; baseline 0.003 -27"><span class='ocrx_word' id='word_1_115' title='bbox 80 2628 181 2720; x_wconf 85' lang='lat' dir='ltr'><strong>plrus,</strong></span> <span class='ocrx_word' id='word_1_116' title='bbox 201 2627 243 2696; x_wconf 82' lang='lat' dir='ltr'><strong>ud</strong></span> <span class='ocrx_word' id='word_1_117' title='bbox 256 2627 486 2720; x_wconf 82' lang='lat' dir='ltr'><strong>Apostolorum</strong></span> <span class='ocrx_word' id='word_1_118' title='bbox 498 2642 529 2696; x_wconf 91' lang='lat' dir='ltr'><strong>et</strong></span> <span class='ocrx_word' id='word_1_119' title='bbox 543 2629 694 2697; x_wconf 78' lang='lat' dir='ltr'><strong>Ecclesise</strong></span> <span class='ocrx_word' id='word_1_120' title='bbox 708 2628 859 2698; x_wconf 81' lang='lat' dir='ltr'><strong>doctrina</strong></span> <span class='ocrx_word' id='word_1_121' title='bbox 879 2630 1013 2711; x_wconf 82' lang='lat' dir='ltr'><strong>alienas,</strong></span> <span class='ocrx_word' id='word_1_122' title='bbox 1031 2629 1109 2722; x_wconf 86' lang='lat' dir='ltr'><strong>ipsis</strong></span> <span class='ocrx_word' id='word_1_123' title='bbox 1124 2631 1205 2700; x_wconf 84' lang='lat' dir='ltr'><strong>adeo</strong></span> 
     </span>
     <span class='ocr_line' id='line_1_19' title="bbox 85 2736 840 2829; baseline 0.001 -24"><span class='ocrx_word' id='word_1_124' title='bbox 85 2736 249 2829; x_wconf 75' lang='lat' dir='ltr'><strong>Apostolos</strong></span> <span class='ocrx_word' id='word_1_125' title='bbox 263 2749 295 2806; x_wconf 86' lang='lat' dir='ltr'><strong>et</strong></span> <span class='ocrx_word' id='word_1_126' title='bbox 311 2737 470 2806; x_wconf 79' lang='lat' dir='ltr'><strong>Clementi</strong></span> <span class='ocrx_word' id='word_1_127' title='bbox 481 2741 629 2807; x_wconf 80' lang='lat' dir='ltr'><strong>Romano</strong></span> <span class='ocrx_word' id='word_1_128' title='bbox 643 2737 840 2829; x_wconf 85' lang='lat' dir='ltr'><strong>suppositas.</strong></span> 
     </span>
    </p>

    <p class='ocr_par' dir='ltr' id='par_1_8' title="bbox 87 2843 1205 3043">
     <span class='ocr_line' id='line_1_20' title="bbox 130 2843 1205 2934; baseline 0.004 -24"><span class='ocrx_word' id='word_1_129' title='bbox 130 2848 164 2910; x_wconf 79' lang='grc' dir='ltr'><strong>2ο</strong></span> <span class='ocrx_word' id='word_1_130' title='bbox 193 2845 359 2914; x_wconf 89' lang='lat' dir='ltr'><strong>Antonius</strong></span> <span class='ocrx_word' id='word_1_131' title='bbox 385 2845 465 2934; x_wconf 83' lang='lat' dir='ltr'><strong>Pagi</strong></span> <span class='ocrx_word' id='word_1_132' title='bbox 493 2843 623 2934; x_wconf 82' lang='lat' dir='ltr'><strong>(Critics</strong></span> <span class='ocrx_word' id='word_1_133' title='bbox 649 2847 682 2912; x_wconf 92' lang='lat' dir='ltr'><strong>in</strong></span> <span class='ocrx_word' id='word_1_134' title='bbox 705 2845 849 2915; x_wconf 89' lang='lat' dir='ltr'><strong>Annales</strong></span> <span class='ocrx_word' id='word_1_135' title='bbox 872 2847 1005 2917; x_wconf 91' lang='lat' dir='ltr'><strong>Barouii</strong></span> <span class='ocrx_word' id='word_1_136' title='bbox 1026 2845 1068 2915; x_wconf 91' lang='lat' dir='ltr'><strong>ad</strong></span> <span class='ocrx_word' id='word_1_137' title='bbox 1082 2869 1205 2916; x_wconf 89' lang='lat' dir='ltr'><strong>annum</strong></span> 
     </span>
     <span class='ocr_line' id='line_1_21' title="bbox 87 2953 281 3043; baseline 0 -24"><span class='ocrx_word' id='word_1_138' title='bbox 87 2956 163 3038; x_wconf 83' lang='lat' dir='ltr'><strong>tto,</strong></span> <span class='ocrx_word' id='word_1_139' title='bbox 181 2975 215 3020; x_wconf 91' lang='lat' dir='ltr'><strong>u.</strong></span> <span class='ocrx_word' id='word_1_140' title='bbox 235 2953 281 3043; x_wconf 83' lang='lat'><strong>9).</strong></span> 
     </span>
    </p>

    <p class='ocr_par' dir='ltr' id='par_1_9' title="bbox 83 3057 1205 3344">
     <span class='ocr_line' id='line_1_22' title="bbox 130 3057 1205 3156; baseline 0.003 -29"><span class='ocrx_word' id='word_1_141' title='bbox 130 3065 161 3127; x_wconf 80' lang='grc'><strong>3·</strong></span> <span class='ocrx_word' id='word_1_142' title='bbox 177 3060 294 3129; x_wconf 87' lang='lat' dir='ltr'><strong>Petrus</strong></span> <span class='ocrx_word' id='word_1_143' title='bbox 308 3060 348 3129; x_wconf 90' lang='lat' dir='ltr'><strong>de</strong></span> <span class='ocrx_word' id='word_1_144' title='bbox 363 3060 472 3129; x_wconf 82' lang='lat' dir='ltr'><strong>Marsa</strong></span> <span class='ocrx_word' id='word_1_145' title='bbox 491 3057 696 3151; x_wconf 86' lang='lat' dir='ltr'><strong>(Concordia,</strong></span> <span class='ocrx_word' id='word_1_146' title='bbox 713 3061 798 3130; x_wconf 89' lang='lat' dir='ltr'><strong>libro</strong></span> <span class='ocrx_word' id='word_1_147' title='bbox 822 3067 855 3150; x_wconf 86' lang='lat'><strong>3,</strong></span> <span class='ocrx_word' id='word_1_148' title='bbox 881 3085 952 3154; x_wconf 87' lang='lat' dir='ltr'><strong>cap.</strong></span> <span class='ocrx_word' id='word_1_149' title='bbox 978 3068 1010 3149; x_wconf 85' lang='lat'><strong>2,</strong></span> <span class='ocrx_word' id='word_1_150' title='bbox 1034 3087 1068 3131; x_wconf 89' lang='lat' dir='ltr'><strong>n.</strong></span> <span class='ocrx_word' id='word_1_151' title='bbox 1086 3065 1131 3154; x_wconf 83' lang='lat'><strong>2),</strong></span> <span class='ocrx_word' id='word_1_152' title='bbox 1148 3063 1205 3156; x_wconf 91' lang='lat' dir='ltr'><strong>qui</strong></span> 
     </span>
     <span class='ocr_line' id='line_1_23' title="bbox 83 3169 1205 3260; baseline 0.004 -22"><span class='ocrx_word' id='word_1_153' title='bbox 83 3169 338 3239; x_wconf 89' lang='lat' dir='ltr'><strong>Constitutiones</strong></span> <span class='ocrx_word' id='word_1_154' title='bbox 367 3169 444 3236; x_wconf 89' lang='lat' dir='ltr'><strong>istas</strong></span> <span class='ocrx_word' id='word_1_155' title='bbox 481 3169 629 3260; x_wconf 86' lang='lat' dir='ltr'><strong>scriptori</strong></span> <span class='ocrx_word' id='word_1_156' title='bbox 659 3170 743 3237; x_wconf 87' lang='lat' dir='ltr'><strong>tertii</strong></span> <span class='ocrx_word' id='word_1_157' title='bbox 772 3171 882 3239; x_wconf 88' lang='lat' dir='ltr'><strong>saeculi</strong></span> <span class='ocrx_word' id='word_1_158' title='bbox 917 3171 1108 3240; x_wconf 85' lang='lat' dir='ltr'><strong>tribuendus</strong></span> <span class='ocrx_word' id='word_1_159' title='bbox 1137 3197 1205 3242; x_wconf 86' lang='lat' dir='ltr'><strong>esse</strong></span> 
     </span>
     <span class='ocr_line' id='line_1_24' title="bbox 84 3277 259 3344; baseline 0.011 -2"><span class='ocrx_word' id='word_1_160' title='bbox 84 3277 259 3344; x_wconf 84' lang='lat' dir='ltr'><strong>existimat.</strong></span> 
     </span>
    </p>

    <p class='ocr_par' dir='ltr' id='par_1_10' title="bbox 83 3384 1206 3994">
     <span class='ocr_line' id='line_1_25' title="bbox 129 3384 1206 3481; baseline 0.005 -28"><span class='ocrx_word' id='word_1_161' title='bbox 129 3391 161 3453; x_wconf 82' lang='lat' dir='ltr'><strong>l·</strong></span> <span class='ocrx_word' id='word_1_162' title='bbox 180 3384 364 3454; x_wconf 87' lang='lat' dir='ltr'><strong>Cardinalis</strong></span> <span class='ocrx_word' id='word_1_163' title='bbox 386 3385 606 3454; x_wconf 90' lang='lat' dir='ltr'><strong>Bellarminus</strong></span> <span class='ocrx_word' id='word_1_164' title='bbox 635 3386 686 3478; x_wconf 90' lang='lat' dir='ltr'><strong>(de</strong></span> <span class='ocrx_word' id='word_1_165' title='bbox 709 3386 930 3480; x_wconf 87' lang='lat' dir='ltr'><strong>Scriptoribus</strong></span> <span class='ocrx_word' id='word_1_166' title='bbox 953 3390 1080 3477; x_wconf 80' lang='lat' dir='ltr'><strong>eccles,</strong></span> <span class='ocrx_word' id='word_1_167' title='bbox 1106 3414 1206 3481; x_wconf 85' lang='lat' dir='ltr'><strong>agens</strong></span> 
     </span>
     <span class='ocr_line' id='line_1_26' title="bbox 84 3493 1206 3586; baseline 0.004 -25"><span class='ocrx_word' id='word_1_168' title='bbox 84 3493 121 3561; x_wconf 88' lang='lat' dir='ltr'><strong>de</strong></span> <span class='ocrx_word' id='word_1_169' title='bbox 135 3494 304 3562; x_wconf 88' lang='lat' dir='ltr'><strong>Clemente</strong></span> <span class='ocrx_word' id='word_1_170' title='bbox 318 3494 478 3586; x_wconf 81' lang='lat' dir='ltr'><strong>Romano)</strong></span> <span class='ocrx_word' id='word_1_171' title='bbox 496 3495 541 3562; x_wconf 86' lang='lat' dir='ltr'><strong>ait</strong></span> <span class='ocrx_word' id='word_1_172' title='bbox 556 3494 591 3562; x_wconf 94' lang='lat' dir='ltr'><strong>in</strong></span> <span class='ocrx_word' id='word_1_173' title='bbox 606 3494 671 3563; x_wconf 92' lang='lat' dir='ltr'><strong>illis</strong></span> <span class='ocrx_word' id='word_1_174' title='bbox 686 3494 787 3564; x_wconf 90' lang='lat' dir='ltr'><strong>multa</strong></span> <span class='ocrx_word' id='word_1_175' title='bbox 807 3518 876 3564; x_wconf 87' lang='lat' dir='ltr'><strong>esse</strong></span> <span class='ocrx_word' id='word_1_176' title='bbox 891 3497 986 3565; x_wconf 85' lang='lat' dir='ltr'><strong>utilia</strong></span> <span class='ocrx_word' id='word_1_177' title='bbox 1001 3506 1032 3566; x_wconf 87' lang='lat' dir='ltr'><strong>et</strong></span> <span class='ocrx_word' id='word_1_178' title='bbox 1047 3521 1067 3566; x_wconf 93' lang='lat' dir='ltr'><strong>a</strong></span> <span class='ocrx_word' id='word_1_179' title='bbox 1084 3499 1206 3568; x_wconf 77' lang='lat' dir='ltr'><strong>Graecis</strong></span> 
     </span>
     <span class='ocr_line' id='line_1_27' title="bbox 83 3601 1205 3692; baseline 0.007 -24"><span class='ocrx_word' id='word_1_180' title='bbox 83 3601 231 3692; x_wconf 88' lang='lat' dir='ltr'><strong>antiquis</strong></span> <span class='ocrx_word' id='word_1_181' title='bbox 245 3601 404 3671; x_wconf 79' lang='lat' dir='ltr'><strong>aestimata</strong></span> <span class='ocrx_word' id='word_1_182' title='bbox 420 3631 428 3682; x_wconf 90' lang='lat'>;</span> <span class='ocrx_word' id='word_1_183' title='bbox 446 3602 480 3671; x_wconf 93' lang='lat' dir='ltr'><strong>in</strong></span> <span class='ocrx_word' id='word_1_184' title='bbox 495 3603 637 3671; x_wconf 86' lang='lat' dir='ltr'><strong>Ecclesia</strong></span> <span class='ocrx_word' id='word_1_185' title='bbox 663 3612 770 3672; x_wconf 88' lang='lat' dir='ltr'><strong>tamen</strong></span> <span class='ocrx_word' id='word_1_186' title='bbox 791 3603 891 3673; x_wconf 82' lang='lat' dir='ltr'><strong>latino</strong></span> <span class='ocrx_word' id='word_1_187' title='bbox 915 3607 1044 3675; x_wconf 90' lang='lat' dir='ltr'><strong>nullum</strong></span> <span class='ocrx_word' id='word_1_188' title='bbox 1060 3607 1128 3676; x_wconf 84' lang='lat' dir='ltr'><strong>iere</strong></span> <span class='ocrx_word' id='word_1_189' title='bbox 1145 3631 1205 3675; x_wconf 93' lang='lat' dir='ltr'><strong>no-</strong></span> 
     </span>
     <span class='ocr_line' id='line_1_28' title="bbox 86 3708 1206 3805; baseline 0.008 -29"><span class='ocrx_word' id='word_1_190' title='bbox 86 3731 158 3776; x_wconf 88' lang='lat' dir='ltr'><strong>men</strong></span> <span class='ocrx_word' id='word_1_191' title='bbox 175 3727 230 3776; x_wconf 89' lang='lat' dir='ltr'><strong>eas</strong></span> <span class='ocrx_word' id='word_1_192' title='bbox 244 3708 383 3796; x_wconf 74' lang='lat' dir='ltr'><strong>habere,</strong></span> <span class='ocrx_word' id='word_1_193' title='bbox 404 3711 470 3778; x_wconf 87' lang='lat' dir='ltr'><strong>imo</strong></span> <span class='ocrx_word' id='word_1_194' title='bbox 491 3711 533 3778; x_wconf 89' lang='lat' dir='ltr'><strong>ab</strong></span> <span class='ocrx_word' id='word_1_195' title='bbox 560 3710 639 3802; x_wconf 91' lang='lat' dir='ltr'><strong>ipsis</strong></span> <span class='ocrx_word' id='word_1_196' title='bbox 658 3712 756 3780; x_wconf 88' lang='lat' dir='ltr'><strong>etiam</strong></span> <span class='ocrx_word' id='word_1_197' title='bbox 779 3712 1013 3805; x_wconf 87' lang='lat' dir='ltr'><strong>posterioribus</strong></span> <span class='ocrx_word' id='word_1_198' title='bbox 1034 3716 1150 3804; x_wconf 79' lang='lat' dir='ltr'><strong>graecis</strong></span> <span class='ocrx_word' id='word_1_199' title='bbox 1172 3717 1206 3784; x_wconf 90' lang='lat' dir='ltr'><strong>in</strong></span> 
     </span>
     <span class='ocr_line' id='line_1_29' title="bbox 84 3816 1205 3916; baseline 0.006 -32"><span class='ocrx_word' id='word_1_200' title='bbox 84 3816 220 3888; x_wconf 89' lang='lat' dir='ltr'><strong>concilio</strong></span> <span class='ocrx_word' id='word_1_201' title='bbox 241 3817 410 3905; x_wconf 88' lang='lat' dir='ltr'><strong>Trullano,</strong></span> <span class='ocrx_word' id='word_1_202' title='bbox 427 3826 583 3910; x_wconf 86' lang='lat' dir='ltr'><strong>tanquam</strong></span> <span class='ocrx_word' id='word_1_203' title='bbox 607 3819 648 3888; x_wconf 93' lang='lat' dir='ltr'><strong>ab</strong></span> <span class='ocrx_word' id='word_1_204' title='bbox 670 3820 831 3891; x_wconf 85' lang='lat' dir='ltr'><strong>haereticis</strong></span> <span class='ocrx_word' id='word_1_205' title='bbox 849 3821 1053 3913; x_wconf 84' lang='lat' dir='ltr'><strong>depravatas,</strong></span> <span class='ocrx_word' id='word_1_206' title='bbox 1071 3826 1205 3916; x_wconf 86' lang='lat' dir='ltr'><strong>rejectas</strong></span> 
     </span>
     <span class='ocr_line' id='line_1_30' title="bbox 85 3947 162 3994; baseline 0.013 -2"><span class='ocrx_word' id='word_1_207' title='bbox 85 3947 162 3994; x_wconf 84' lang='lat' dir='ltr'><strong>esse.</strong></span> 
     </span>
    </p>
   </div>
   <div class='ocr_carea' id='block_1_6' title="bbox 85 4032 1202 4230">
    <p class='ocr_par' dir='ltr' id='par_1_11' title="bbox 85 4032 1202 4230">
     <span class='ocr_line' id='line_1_31' title="bbox 128 4032 1202 4136; baseline 0.014 -38"><span class='ocrx_word' id='word_1_208' title='bbox 128 4039 160 4098; x_wconf 80' lang='grc' dir='ltr'><strong>5ο</strong></span> <span class='ocrx_word' id='word_1_209' title='bbox 182 4033 230 4101; x_wconf 91' lang='lat' dir='ltr'><strong>lta</strong></span> <span class='ocrx_word' id='word_1_210' title='bbox 250 4032 353 4102; x_wconf 79' lang='lat' dir='ltr'><strong>terme</strong></span> <span class='ocrx_word' id='word_1_211' title='bbox 381 4035 554 4123; x_wconf 84' lang='lat' dir='ltr'><strong>Baronius,</strong></span> <span class='ocrx_word' id='word_1_212' title='bbox 583 4035 774 4124; x_wconf 89' lang='lat' dir='ltr'><strong>Perronius,</strong></span> <span class='ocrx_word' id='word_1_213' title='bbox 801 4038 933 4108; x_wconf 88' lang='lat' dir='ltr'><strong>Gabriel</strong></span> <span class='ocrx_word' id='word_1_214' title='bbox 962 4041 1202 4136; x_wconf 89' lang='lat' dir='ltr'><strong>Albaspiuaeus,</strong></span> 
     </span>
     <span class='ocr_line' id='line_1_32' title="bbox 85 4139 658 4230; baseline 0.01 -24"><span class='ocrx_word' id='word_1_215' title='bbox 85 4139 249 4226; x_wconf 85' lang='lat' dir='ltr'><strong>Potavius,</strong></span> <span class='ocrx_word' id='word_1_216' title='bbox 269 4139 481 4230; x_wconf 89' lang='lat' dir='ltr'><strong>Sirmuudus,</strong></span> <span class='ocrx_word' id='word_1_217' title='bbox 497 4141 658 4212; x_wconf 84' lang='lat' dir='ltr'><strong>Labbeus.</strong></span> 
     </span>
    </p>
   </div>
   <div class='ocr_carea' id='block_1_7' title="bbox 129 4248 1202 4352">
    <p class='ocr_par' dir='ltr' id='par_1_12' title="bbox 129 4248 1202 4352">
     <span class='ocr_line' id='line_1_33' title="bbox 129 4248 1202 4352; baseline 0.015 -38"><span class='ocrx_word' id='word_1_218' title='bbox 129 4252 161 4314; x_wconf 66' lang='grc' dir='ltr'><strong>θ’</strong></span> <span class='ocrx_word' id='word_1_219' title='bbox 176 4248 324 4343; x_wconf 87' lang='lat' dir='ltr'><strong>Denique</strong></span> <span class='ocrx_word' id='word_1_220' title='bbox 350 4249 558 4325; x_wconf 84' lang='lat' dir='ltr'><strong>Christianus</strong></span> <span class='ocrx_word' id='word_1_221' title='bbox 585 4253 710 4348; x_wconf 84' lang='lat' dir='ltr'><strong>Lupus,</strong></span> <span class='ocrx_word' id='word_1_222' title='bbox 744 4253 793 4325; x_wconf 79' lang='lat' dir='ltr'><strong>tir</strong></span> <span class='ocrx_word' id='word_1_223' title='bbox 819 4255 1023 4327; x_wconf 88' lang='lat' dir='ltr'><strong>doctissimus</strong></span> <span class='ocrx_word' id='word_1_224' title='bbox 1046 4259 1140 4352; x_wconf 88' lang='lat' dir='ltr'><strong>(part.</strong></span> <span class='ocrx_word' id='word_1_225' title='bbox 1170 4266 1202 4350; x_wconf 80' lang='lat'><strong>2,</strong></span> 
     </span>
    </p>
   </div>
   <div class='ocr_carea' id='block_1_8' title="bbox 0 0 1536 4952">
    <p class='ocr_par' dir='ltr' id='par_1_13' title="bbox 0 0 1536 4952">
     <span class='ocr_line' id='line_1_34' title="bbox 0 0 1536 4952; baseline 0 2"><span class='ocrx_word' id='word_1_226' title='bbox 0 0 1536 4952; x_wconf 95' lang='lat' dir='ltr'><strong> </strong></span> 
     </span>
    </p>
   </div>
  </div>
 </body>
</html>
