3050 4946
585 482 669 528 cuars
690 482 842 529 cauomu.
1210 463 1270 528 443

154 621 313 694 Ferrandi
339 623 541 694 breviatione
566 624 685 718 pagina
714 629 792 712 too,
820 627 1036 696 Concordiam
1058 650 1219 696 canotum
1239 628 1272 698 in
1309 678 1312 688 ·

156 729 307 822 ejusdem
322 734 404 802 tomi
418 734 606 826 appendice.

201 839 248 908 De
270 841 372 909 veteri
394 840 583 912 collectione
602 843 784 934 dispertiae,
808 865 896 912 anno
914 843 1042 913 circiter
1059 848 1121 913 633
1139 847 1272 913 concin-

155 957 244 1034 nata,
271 947 341 1016 fuse
364 947 528 1018 disserunt
547 949 703 1020 Ballerini
725 951 761 1018 in
785 951 881 1020 citato
902 973 1012 1041 opere,
1034 960 1119 1042 part.
1141 956 1173 1040 3,
1191 976 1220 1021 c.
1236 957 1268 1020 l.

155 1055 242 1124 Cum
266 1066 376 1125 autem
402 1079 489 1142 eam,
513 1066 609 1149 prout
630 1058 783 1149 primitus
805 1059 964 1143 exstabat,
989 1081 1055 1128 uon
1075 1060 1268 1146 habeamus,

155 1183 222 1232 nou
236 1170 284 1231 est
296 1185 355 1232 cur
369 1164 405 1232 iu
414 1187 452 1232 ea
463 1163 572 1234 brevis
588 1173 697 1234 nostra
710 1165 862 1256 synopsis
876 1165 1083 1236 immoretur.

609 1553 752 1624 CAPUT
774 1554 832 1624 IX.

213 1783 251 1827 na
293 1783 496 1831 coruncmous
532 1783 689 1830 usuarias
728 1784 810 1830 auno
848 1765 911 1830 774
950 1786 1068 1833 canoro
1105 1787 1210 1832 uacuo

640 1901 782 1947 rnaous.

199 2139 364 2208 Hadriana
388 2162 502 2210 vocare
524 2140 605 2210 solet
631 2143 786 2229 collectio,
814 2165 914 2236 quam
937 2143 1124 2213 Hadrianus
1148 2146 1163 2211 l
1182 2144 1271 2235 Papa

153 2247 270 2317 Carolo
290 2251 405 2338 Hagno
429 2249 632 2320 Francorum
652 2251 737 2341 Regi
751 2251 867 2320 Romae
883 2249 1027 2320 tradidit.
1050 2253 1115 2320 Ter
1127 2251 1270 2320 Romam

153 2356 245 2446 petiit
259 2357 395 2426 Carolus
410 2357 549 2447 Magnus
567 2385 574 2425 :
593 2359 739 2450 primum
755 2381 874 2450 nempe
889 2380 975 2428 anno
992 2361 1076 2445 7743
1094 2367 1167 2425 tum
1183 2381 1271 2427 anno

157 2467 242 2550 781;
268 2471 300 2532 et
322 2463 397 2533 dein
416 2487 503 2535 auno
527 2469 602 2534 787.
625 2467 728 2535 Porro
750 2467 858 2558 prima
880 2466 949 2535 vioe
965 2487 1030 2558 qua
1043 2466 1160 2534 Homaa
1176 2466 1271 2534 affuit

154 2571 290 2640 Carolus
304 2571 456 2662 Magnus,
471 2596 549 2642 oum
563 2595 682 2664 nempe
697 2573 833 2665 Papiam
851 2573 1024 2660 obsideret,
1035 2572 1097 2664 ipsi
1109 2571 1270 2642 traditum

153 2678 254 2748 brisso
281 2680 425 2748 codicem
447 2681 651 2750 Hadrianum
669 2681 786 2750 merito
807 2681 970 2750 concludit
982 2681 1139 2750 Constant
1156 2681 1270 2772 (Epis-

154 2787 474 2858 catecumenorum
501 2789 709 2880 Pontificum,
733 2788 842 2880 praei.)
863 2812 905 2857 ex
928 2789 978 2856 his
1001 2787 1108 2858 verbis
1126 2787 1270 2878 epistola

152 2895 218 2986 ipsi
243 2895 344 2964 codici
368 2895 536 2964 Hadriano
559 2898 734 2986 praelixa:
759 2896 881 2964 Illaesus
902 2917 977 2964 cum
1000 2896 1064 2964 tuis
1079 2896 1182 2964 victor
1196 2919 1269 2963 mc-

153 3003 267 3086 ncbis;
291 3026 406 3095 nempe
423 3027 487 3095 per
506 3006 591 3097 moos
627 3005 774 3094 (Petrum
798 3013 829 3072 et
855 3004 1023 3094 Padum),
1056 3005 1114 3095 qui
1139 3005 1270 3074 aditum

149 3123 267 3202 potunt
286 3112 375 3180 urbis
395 3113 509 3204 Papiae
529 3125 560 3180 te
577 3111 707 3202 iayrcdi
721 3114 886 3196 motarent,
910 3114 1040 3195 aesario
1052 3113 1174 3205 perfidi
1186 3114 1270 3203 repis

154 3221 293 3290 calcabis
306 3220 466 3290 Desiderat
479 3221 574 3290 colla.

198 3328 272 3396 Non
296 3327 405 3396 differt
422 3336 532 3397 autam
550 3328 694 3397 collocbo
716 3329 788 3396 hac
802 3350 822 3395 a
836 3327 1045 3418 Dionysiana,
1061 3329 1123 3396 nisi
1140 3329 1270 3396 addita—

155 3437 277 3505 mentis
309 3437 530 3528 quibusdam3
568 3438 602 3504 in
628 3437 710 3505 duas
735 3459 826 3526 crgo,
860 3437 943 3504 sicut
970 3437 1118 3525 Dionysii
1149 3436 1271 3526 Exigui

153 3544 268 3632 codex,
291 3544 498 3613 distribuitur
515 3554 632 3637 partes.
650 3545 748 3614 Prior
766 3545 979 3614 conciliorum
994 3566 1146 3634 canonas,
1164 3552 1271 3638 poste·

152 3655 220 3724 rior
242 3655 470 3724 Romanorum
490 3654 688 3724 Pontificum
704 3654 831 3726 decreta
850 3655 1087 3746 complectitur.
1109 3657 1271 3738 Quanam

152 3773 262 3833 autem
293 3764 327 3832 iu
358 3787 552 3856 unaquaque
579 3765 788 3855 Dionysiana
828 3763 1010 3833 collectioni
1045 3765 1155 3837 addita
1190 3767 1270 3852 sint,

152 3872 344 3940 describunt
373 3893 431 3963 per
459 3871 590 3961 singula
618 3871 775 3941 Ballerini
802 3871 918 3940 iratres
948 3872 1030 3964 (loco
1050 3897 1138 3966 saepa
1162 3875 1270 3960 citato,

152 3987 244 4070 parte
259 3983 292 4067 3,
305 4003 377 4070 cap.
396 3984 440 4070 2).

197 4087 306 4176 Hujus
323 4099 433 4156 auteur
455 4085 651 4157 collectionis
674 4098 786 4157 auctor
808 4099 942 4160 nonest
965 4090 1151 4160 Hadrianus
1178 4093 1204 4176 1,
1232 4113 1272 4158 ue

154 4195 345 4288 ecquidem
367 4218 464 4266 senisu
490 4195 579 4286 quod
598 4194 788 4268 addimento
810 4222 868 4290 per
890 4201 1001 4292 ipsum
1019 4197 1124 4270 codici
1147 4199 1272 4290 Diony-
