3048 4954
260 465 299 529 92
613 488 787 534 rnacrrrts
810 490 848 534 ne
871 489 1023 535 rnmctrns

262 652 279 692 «
302 625 356 694 ille
371 625 462 695 alind
473 635 543 696 erat
556 628 620 696 nisi
634 651 745 697 merus
767 639 965 722 exsequntur
983 659 991 698 ι
1008 641 1041 700 at
1054 653 1133 701 vero
1153 631 1376 723 exploratissi-

261 767 278 803 «
302 762 394 807 mum
420 741 455 806 in
482 739 558 830 jure
577 737 731 830 estquod
755 761 845 806 mero
865 739 1077 829 exsequutori
1098 761 1165 808 uon
1191 748 1288 807 restat
1312 739 1377 807 nisi

261 871 279 910 «
302 846 445 938 simplex
456 869 494 914 ac
508 847 643 915 actualis
658 849 868 938 exsequuti03
885 848 957 915 etsi
970 847 1012 916 ad
1026 870 1174 936 unguem
1186 870 1252 915 non
1268 857 1380 916 servat

262 983 279 1020 «
302 955 441 1023 formam
457 955 493 1022 in
512 955 628 1022 litteris
643 956 881 1047 praescriptam,
908 977 1051 1046 quarum
1078 957 1192 1046 rigore
1214 957 1375 1048 procedit,

263 1089 280 1128 u
302 1063 436 1132 nullitcr
450 1071 483 1132 et
495 1064 616 1154 injuste
631 1065 740 1155 agit...
762 1065 835 1132 Huc
857 1064 980 1132 accedit
999 1065 1196 1157 Episcopum
1216 1065 1380 1134 Columna

263 1199 281 1237 «
303 1173 388 1240 facto
409 1195 469 1241 sno
496 1171 663 1240 decretum
685 1181 873 1241 retractasse
880 1201 889 1258 ;
920 1183 952 1241 ct
971 1174 1046 1241 licet
1071 1197 1137 1242 non
1161 1182 1377 1260 retractasset,

263 1307 279 1346 «
304 1281 519 1350 nibilominus
542 1283 784 1351 successoribus
810 1283 898 1351 baud
921 1305 1037 1352 nocere
1059 1284 1229 1376 potuisset,
1257 1284 1379 1376 quippe

263 1415 280 1456 «
303 1391 360 1481 qui
371 1390 449 1478 jura
464 1413 523 1458 sua
535 1413 577 1457 ex
592 1390 854 1458 concessionibus
869 1391 1053 1483 apostolicis
1069 1392 1297 1460 metiebantur.
1314 1417 1330 1455 »

305 1499 482 1588 Postquam
509 1497 678 1588 utriusque
704 1499 807 1588 partis
832 1501 975 1567 rationes
1002 1499 1126 1586 retulit,
1150 1498 1241 1567 addit
1269 1497 1378 1566 Sacra

259 1605 531 1693 Congregationis
544 1604 736 1672 secretarius
753 1635 762 1672 :

309 1739 326 1776 «
348 1711 514 1779 Nonnulla
536 1734 595 1803 pro
622 1735 693 1780 mico
719 1737 853 1782 munere
876 1717 960 1782 sacri
982 1715 1107 1782 ordinis
1125 1715 1255 1783 oracula
1276 1714 1378 1805 subji-

265 1847 282 1884 «
305 1821 401 1904 ciam,
419 1827 454 1886 ut
467 1819 654 1886 eminentiae
672 1831 787 1888 vestrae
804 1821 1049 1913 deprehendant
1070 1822 1150 1914 quid
1169 1824 1249 1891 alias
1264 1846 1378 1891 sense-

266 1957 282 1993 «
306 1930 348 1996 rit
367 1929 467 1997 Sacra
489 1928 707 2018 Congregutio
729 1929 767 1996 de
792 1932 1004 2023 antiquorum
1024 1931 1152 2021 jurium
1175 1953 1213 1998 ac
1240 1931 1379 2022 privile-

266 2065 283 2104 «
306 2040 436 2129 giorum
456 2041 686 2110 reviviscentia
707 2042 813 2134 quoad
843 2027 907 2111 alia
925 2043 1069 2134 capitula
1084 2043 1208 2134 pariter
1222 2043 1379 2110 exstincta

267 2175 283 2212 «
307 2171 342 2216 ac
360 2149 487 2218 naviter
506 2159 622 2219 erecta.
649 2151 836 2243 Capitulum
857 2151 1083 2219 Dertbonense
1099 2152 1251 2219 tuebatur
1272 2151 1382 2220 omnia

267 2283 283 2320 «
307 2257 486 2327 universim
503 2259 643 2350 pristina
659 2259 748 2351 jura,
769 2259 956 2351 privilegia,
978 2258 1246 2347 consuetudines,
1263 2269 1294 2328 ct
1307 2283 1382 2350 spe-

267 2392 284 2430 «
308 2365 416 2434 ciatim
442 2389 540 2434 usum
565 2367 718 2435 matutini
740 2379 813 2460 post
838 2367 1087 2458 completorium
1116 2366 1285 2456 recitandi,
1308 2391 1382 2436 ves·

267 2501 283 2537 «
308 2497 401 2565 peras
421 2475 490 2543 sine
521 2485 619 2544 cantu
642 2476 851 2568 persolvendi
877 2475 992 2546 diebus
1015 2477 1197 2563 ferialibus,
1221 2477 1256 2544 in
1284 2476 1383 2545 viridi

266 2609 283 2648 «
306 2583 413 2651 adbuc
443 2585 650 2652 observantia
671 2607 709 2653 ac
731 2583 845 2674 vigore
865 2587 1049 2677 persistere,
1078 2586 1280 2655 contrarium
1303 2608 1382 2656 con-

268 2718 284 2754 «
309 2690 459 2759 tendente
484 2692 655 2783 Episcopo.
677 2691 790 2783 Itaque
810 2691 861 2760 die
885 2697 923 2759 12
949 2694 1143 2783 septembris
1160 2697 1242 2762 1829
1258 2717 1383 2787 propo-

269 2825 284 2862 «
308 2799 378 2866 sitis
390 2797 522 2866 dubiis:

311 2933 327 2970 «
355 2912 386 2973 l⁰
411 2907 460 2975 An
485 2907 691 2975 matutinam
709 2909 751 2975 sit
774 2929 872 2975 mane
888 2909 1093 2978 recitandam
1111 2911 1147 2976 in
1168 2933 1255 2978 casa.
1283 2913 1316 2976 2·
1333 2912 1385 2979 An

268 3039 284 3078 «
307 3037 446 3107 vespera
459 3016 523 3083 sint
537 3015 683 3106 quotidie
697 3040 772 3084 cam
786 3029 884 3084 canta
893 3018 1117 3108 persolvendae
1130 3017 1165 3085 in
1177 3041 1266 3086 casn.
1286 3021 1317 3085 3υ
1334 3021 1384 3086 Aa

269 3147 286 3186 «
308 3135 339 3189 et
354 3135 433 3214 quot
448 3123 553 3192 missa
568 3125 796 3192 conventuales
818 3125 883 3192 sint
903 3137 1004 3193 canta
1025 3126 1227 3194 celebranda
1242 3126 1276 3192 in
1291 3149 1380 3194 casa.

267 3261 285 3298 «
307 3273 351 3284 -
380 3234 479 3300 Sacra
507 3235 725 3323 Congregatio
756 3234 845 3301 nulla
874 3233 987 3302 habita
1015 3235 1230 3326 pristinorum
1255 3235 1383 3327 jurium

269 3369 286 3407 «
309 3341 623 3433 privilegiorunrquc
639 3341 956 3433 ratione,1·esp0udlt
973 3369 980 3410 :
996 3342 1043 3411 ad
1060 3347 1088 3430 l,
1107 3347 1125 3410 2
1143 3355 1173 3410 et
1191 3345 1208 3410 3
1225 3343 1383 3434 affirma-

269 3478 285 3515 «
309 3450 374 3518 tiae
392 3463 423 3516 et
438 3449 638 3516 «dmentem
654 3475 664 3514 .·
679 3471 770 3516 enan
786 3461 832 3517 est
851 3463 889 3517 at
904 3453 1086 3542 Episcopus
1097 3452 1194 3542 justa
1215 3449 1385 3519 accedente

268 3586 284 3622 «
308 3581 406 3626 caasa
416 3557 520 3647 possit
536 3557 722 3647 dispensare
732 3579 795 3648 pro
810 3559 1047 3650 anticipatione
1062 3559 1263 3628 matutini...
1279 3559 1319 3625 Et
1334 3567 1384 3625 ta-

269 3695 285 3731 «
309 3691 384 3735 men
408 3668 442 3733 in
464 3665 580 3734 litteris
605 3666 835 3758 incipientibus
863 3669 958 3736 Beati
978 3671 1081 3750 Petri,
1104 3669 1224 3759 quibus
1247 3667 1385 3734 ccclesia

269 3779 541 3847 «Derthonensis
577 3779 724 3845 restituta
751 3777 870 3862 fuerat,
902 3777 1070 3866 legebatur
1098 3775 1170 3844 heac
1203 3774 1383 3843 clausula:

270 3917 287 3952 «
310 3887 420 3956 Salvis
436 3901 547 3955 tamen
564 3898 594 3954 et
611 3885 743 3974 intepris
757 3884 978 3966 marcentibus,
994 3885 1047 3952 vel
1060 3884 1096 3951 in
1111 3907 1170 3952 saa
1188 3884 1303 3952 robore
1318 3905 1384 3951 res-

269 4027 286 4063 «
311 3999 417 4066 titatis
432 3996 568 4088 juribus
588 3994 737 4062 omnibns
760 4006 820 4061 aut
840 3991 1072 4085 praropatiais
1098 3992 1215 4084 quibas
1236 3991 1384 4083 capitula

270 4132 286 4172 «
309 4105 624 4174 anteannam1803
646 4101 791 4191 tepitime
803 4099 1032 4192 potiebantur,
1049 4113 1080 4167 et
1098 4100 1214 4191 quibas
1229 4099 1291 4166 dac
1304 4122 1383 4167 nos-

266 4245 282 4282 «
306 4230 359 4285 tra
375 4213 602 4283 constitutione
613 4209 815 4280 acominatim
830 4209 1025 4299 deropatnm
1038 4231 1103 4278 non
1116 4210 1230 4299 suerit.
