3042 4946
578 491 661 538 runis
683 492 834 538 cruorum.
1199 473 1259 538 539

145 627 198 714 sit,
224 629 339 698 cadem
357 632 546 704 auctoritate
567 633 688 700 mutari
710 641 767 702 ant
786 633 949 725 supprimi
973 639 1092 727 posset,
1116 635 1143 703 si
1169 633 1263 703 dare·

146 744 199 804 tnr
214 760 306 806 rasus
321 761 387 831 quo
399 740 436 808 id
452 739 630 832 expediret.
1215 799 1218 802 -

188 843 355 916 Caeterum
384 848 630 940 possibilitatem
658 849 748 918 illam
780 849 1015 920 mutandarum
1046 861 1103 921 aut
1132 853 1264 945 suppri-

146 954 342 1024 mendarnm
365 956 528 1048 ejusmodi
553 957 810 1028 hierarchiarum
835 958 889 1027 hic
912 960 1092 1028 asserimus
1117 962 1264 1052 specula-

146 1063 210 1132 tive
234 1062 418 1153 dumtaxat,
442 1073 475 1134 et
494 1087 532 1134 ec
551 1088 649 1136 sensu
673 1067 761 1158 qued
783 1068 1007 1137 immutationi
1029 1077 1086 1136 aut
1109 1091 1264 1160 suppres-

145 1172 231 1242 sioni
257 1197 322 1244 non
346 1175 451 1244 nhstct
479 1173 592 1245 divina
615 1175 807 1246 earumdem
834 1175 1008 1246 institutio.
1039 1175 1124 1245 Nam
1156 1177 1262 1268 quoad

144 1281 366 1352 substantialia
386 1283 502 1354 saltem
523 1307 580 1352 sen
604 1285 783 1377 praecipue,
810 1285 855 1352 ite
876 1284 972 1353 ntiles
996 1291 1073 1353 sunt
1098 1283 1265 1375 ejusmodi

145 1387 336 1459 hierarchia
354 1391 541 1477 evolutivae,
567 1392 611 1460 ita
636 1413 755 1462 eas-ex
783 1392 854 1484 ipsa
881 1391 984 1460 veluti
1008 1413 1120 1460 rerum
1148 1397 1265 1459 natura

143 1499 289 1589 exposcit
313 1500 462 1590 generale
486 1501 638 1570 Ecclesiae
665 1501 803 1589 bonurn,
831 1501 946 1569 utrix
970 1521 1117 1592 unquam
1142 1500 1264 1591 absque

144 1607 191 1674 rei
221 1609 388 1678 catholicae
423 1608 618 1679 detrimento
647 1610 776 1680 valeant
808 1610 842 1677 in
876 1616 981 1679 totum
1018 1609 1192 1701 supprimi.
1228 1606 1265 1674 Si

145 1715 276 1808 quando
308 1725 416 1786 tamen
447 1719 648 1808 contingeret
677 1741 771 1787 casus
801 1741 866 1811 qno
893 1741 1007 1786 earum
1036 1717 1181 1809 aliquam
1212 1717 1267 1784 vel

144 1823 267 1915 aliquid
294 1826 459 1917 supprimi
480 1826 659 1919 expediret,
686 1827 799 1919 procul
826 1826 926 1896 dubio
952 1827 1037 1894 hane
1060 1825 1264 1919 suppressio„

146 1953 235 2018 nem,
274 1933 586 2003 imminutionemve
624 1958 660 2004 ae
698 1935 912 2004 mutationem
948 1934 1120 2003 decernere
1158 1943 1266 2024 posset

145 2040 267 2110 Christi
282 2042 317 2109 in
331 2043 427 2112 terris
442 2043 593 2113 Vicarins
605 2045 777 2113 Romanus
789 2043 953 2114 Pontifex.

189 2150 268 2219 Haee
289 2151 413 2220 cursim
435 2152 475 2220 de
498 2152 687 2222 hierarchiis
709 2153 882 2221 evolutivis
906 2151 1065 2220 tradenda
1080 2153 1149 2220 visa
1170 2159 1262 2231 sunt;

145 2282 226 2351 quas
249 2260 341 2329 facile
360 2261 429 2351 jam
452 2262 553 2330 lector
580 2262 754 2352 perspiciet
780 2260 1035 2354 haudquaquam
1059 2259 1264 2330 confunden-

145 2369 203 2437 das
217 2391 285 2439 esse
300 2392 378 2439 cum
392 2370 447 2439 ille
461 2371 699 2440 fundamentali
714 2370 908 2457 hierarchia,
926 2368 1106 2462 Episcopis‚
1122 2371 1265 2462 preshy-

146 2478 223 2545 teris
238 2485 268 2546 et
289 2478 447 2546 ministris
466 2488 643 2566 constante,
665 2501 766 2571 quam
787 2479 925 2570 ipsemet
942 2477 1090 2547 Christus
1111 2479 1264 2564 instituit,

145 2595 177 2655 et
188 2587 241 2656 eui
253 2595 350 2678 eaput
363 2594 394 2654 et
406 2609 515 2677 regem
535 2587 679 2678 praefecit
693 2588 884 2656 Romanum
901 2585 1106 2655 Pontificem.

600 2970 742 3039 CAPUT
767 2969 810 3038 V.

377 3209 415 3251 DE
438 3207 621 3255 Mautsrruto
645 3207 699 3252 SEU
723 3206 895 3254 POTESTATE
919 3209 1046 3255 DOOENDI

191 3454 374 3522 Prorosrme
400 3455 444 3519 tt.
462 3489 505 3503 -
525 3451 669 3520 Ecclesia
683 3474 758 3519 cum
769 3462 932 3542 potestate
951 3450 1121 3519 doeendia
1139 3449 1266 3520 Christo

147 3562 299 3631 institute
316 3574 371 3630 est.
388 3599 433 3614 -
446 3561 606 3631 Probatur
623 3563 660 3628 1⁰.
679 3599 723 3612 —
737 3560 914 3652 Ipsinsmet
927 3559 1051 3628 Christi
1067 3560 1263 3629 testimonio.

146 3710 191 3725 -
209 3672 275 3755 (tui
289 3693 344 3740 eos
358 3669 464 3752 audit,
482 3693 534 3738 me
547 3669 653 3751 audit,
670 3682 700 3738 et
716 3670 774 3762 qui
785 3692 840 3737 ves
852 3669 988 3761 speruit,
1007 3691 1059 3737 mc
1073 3670 1208 3760 spernit.
1223 3709 1267 3722 -

146 3778 328 3848 Preedt'ecte
343 3779 565 3870 Evenqeh'um
579 3779 671 3846 omni
685 3791 843 3847 creaturae
907 3803 917 3843 :
928 3777 986 3869 qui
1000 3800 1067 3844 non
1082 3777 1264 3859 crediderit,

146 3886 425 3956 condemnabitur.
450 3924 495 3938 -
513 3889 668 3954 Doceates
690 3909 742 3954 ees
765 3906 893 3954 seruere
920 3885 1031 3952 omnic
1056 3907 1267 3977 quaecumque

147 3995 305 4062 mundavi
318 3995 417 4064 nodia
430 4032 475 4046 -
488 3994 529 4062 Si
543 3993 615 4084 quis
631 3993 813 4062 Ecclesiam
834 4017 898 4062 aen
917 3991 1073 4074 audierit,
1091 3995 1133 4062 sit
1148 3995 1209 4062 tibi
1222 3997 1266 4063 si-

147 4115 202 4171 cut
216 4103 363 4171 ethnicus
374 4115 404 4170 et
413 4101 620 4194 publicanus.
634 4140 678 4152 —
692 4105 794 4171 Posce
805 4126 907 4194 ephes
921 4125 1008 4170 meos
1018 4156 1024 4170 .
1033 4153 1039 4169 .
1048 4154 1069 4185 .,
1081 4125 1181 4194 perce
1195 4127 1267 4172 coca

147 4234 277 4281 meas...
298 4213 465 4303 Confirmet
479 4214 602 4302 [ratres
619 4224 700 4280 tuos.
719 4251 763 4264 -
780 4213 828 4282 Ex
845 4212 895 4280 his
911 4211 1033 4281 Christi
1056 4211 1164 4282 verbis
1180 4222 1268 4303 patet
