3048 4954
488 589 491 594 ¹
524 531 607 578 ronrs
629 532 779 578 canorum.
1171 507 1205 573 st

91 705 156 750 non
171 681 234 749 sibi
249 679 388 773 imponit
413 681 475 748 nisi
503 704 602 750 onera
617 680 750 749 aliunde
765 680 887 766 debito,
904 679 957 746 vel
973 678 1090 746 debitis
1105 679 1210 770 aequi-

92 791 247 878 valentia,
262 801 294 858 et
307 813 381 882 quae
398 791 439 858 ab
462 813 500 858 ea
519 813 669 859 summus
688 790 840 859 Pontifex
865 789 962 858 eliam
979 789 1048 856 sine
1073 811 1210 857 concor-

91 896 169 966 dato
199 899 329 987 exigere
359 908 482 989 possat;
512 909 543 966 et
567 898 761 966 concordata
790 897 909 989 quibus
938 895 999 964 sibi
1031 896 1213 988 imponeret

91 1027 189 1090 onos,
204 1005 244 1072 ad
272 1005 360 1096 quod
384 1006 592 1074 subeundum
608 1006 700 1074 nullo
723 1005 819 1074 modo
844 1013 950 1097 posset
965 1029 984 1072 a
998 1004 1086 1096 Papa
1107 1005 1208 1095 adigi.

92 1113 216 1180 Prioris
231 1113 363 1202 generis
377 1117 572 1182 concordata
592 1137 658 1182 non
681 1137 750 1182 esse
773 1135 813 1181 ex
830 1121 920 1204 parte
935 1114 1055 1181 summi
1073 1113 1211 1181 Pontifi-

94 1221 136 1288 cis
159 1222 223 1288 nisi
249 1221 439 1313 privilegia,
463 1245 528 1291 non
548 1231 657 1290 autem
684 1229 886 1300 contractum
918 1221 1050 1313 proprie
1073 1221 1209 1310 dictum,

90 1329 167 1394 salis
190 1337 278 1420 patet
298 1352 305 1391 :
322 1330 381 1420 qui
399 1329 486 1398 enim
512 1330 684 1420 paciscitur
708 1352 783 1396 cum
805 1325 951 1397 debitore
975 1349 1047 1410 suo,
1072 1329 1210 1422 promit-

91 1445 161 1503 tens
176 1435 207 1504 ei
227 1437 423 1506 beneficium
438 1437 584 1528 aliquod,
613 1436 709 1505 modo
731 1436 839 1504 debita
863 1435 979 1523 solvat,
997 1458 1064 1504 nou
1078 1437 1210 1528 proprie

91 1543 216 1610 dictum
234 1553 434 1614 contractum
455 1545 607 1636 utrinque
628 1567 803 1612 onerosum
829 1544 901 1632 init,
925 1544 981 1614 sed
1004 1552 1128 1614 tantum
1152 1545 1212 1613 de-

90 1649 189 1718 bitori
215 1673 276 1719 suo
300 1652 511 1744 privilegium
536 1652 672 1721 confert.
694 1654 797 1722 Porro
818 1652 1010 1744 hujusmodi
1024 1676 1093 1721 esse
1116 1654 1211 1746 plura

91 1758 298 1846 concordata,
315 1767 347 1827 et
362 1760 446 1829 inter
461 1760 524 1828 alia
537 1761 767 1830 concordatum
789 1759 903 1828 Galliae
922 1761 1000 1828 anni
1020 1763 1119 1846 1801,
1137 1771 1211 1828 tex-

91 1877 162 1934 tum
178 1867 363 1958 inspicienti
379 1869 472 1936 facile
498 1870 632 1961 patebit.
650 1869 688 1938 Si
713 1893 790 1937 vero
809 1868 1040 1938 concordatum
1057 1878 1140 1938 esset
1155 1893 1209 1939 se-

89 1975 189 2042 cundi
205 1977 346 2064 generis,
364 1978 409 2045 ita
425 1999 553 2070 nempe,
570 1985 607 2046 ut
620 1977 707 2046 natio
724 1977 785 2044 sibi
802 1978 983 2069 imponeret
1003 2001 1098 2065 onus,
1115 1979 1210 2069 quale

90 2081 182 2173 Papa
195 2105 263 2150 non
277 2095 383 2175 posset
394 2087 424 2152 ei
439 2085 570 2154 aliunde
585 2087 764 2176 imponere,
781 2086 918 2176 quaestio
928 2085 1038 2154 evadit
1051 2085 1208 2156 difficilis.

90 2192 174 2260 Nam
192 2201 267 2260 tunc
283 2194 372 2286 Papa
396 2195 487 2263 daret
502 2195 699 2287 spiritualia,
724 2203 756 2262 ct
776 2196 863 2264 natio
879 2196 1086 2287 temporalia,
1111 2220 1209 2288 porro

91 2323 157 2370 non
188 2311 326 2392 possunt
348 2302 529 2394 spiritualia
552 2304 638 2372 bona
667 2303 900 2394 temporalibus
928 2305 1123 2372 commutari
1152 2328 1210 2396 per

91 2410 226 2478 modum
242 2420 426 2480 contractus
442 2413 574 2504 propria
588 2411 681 2492 dicti;
704 2412 791 2480 unda
808 2435 913 2503 neque
934 2422 1011 2480 tunc
1026 2413 1208 2481 concorda-

91 2529 161 2586 tum
178 2531 261 2588 asset
277 2530 407 2612 pactum
423 2543 479 2590 seu
496 2530 679 2590 contractus
695 2521 727 2588 in
745 2521 855 2589 stricto
871 2545 980 2589 sensu.
1004 2521 1092 2610 Ergo
1108 2521 1207 2590 etiam

90 2627 124 2692 in
141 2628 203 2695 isto
218 2651 296 2696 casu
309 2629 398 2721 Papa
413 2652 479 2697 non
493 2638 657 2698 teneretur
680 2630 713 2696 vi
737 2637 932 2698 crintractus.
960 2629 1140 2697 Teneretur
1161 2637 1208 2696 ta-

92 2757 165 2801 men
180 2735 223 2802 ob
236 2736 485 2824 promissionem
502 2737 623 2822 datam,
644 2736 823 2827 exjustitia
837 2736 991 2822 naturali,
1012 2759 1087 2827 quae
1107 2735 1208 2804 dictat

91 2843 243 2910 standum
271 2867 340 2912 esse
356 2845 535 2936 promissis.
561 2845 625 2914 Sed
642 2845 871 2914 subaudienda
889 2867 1017 2935 semper
1032 2845 1115 2913 foret
1130 2869 1207 2913 con·

93 2949 182 3037 ditio,
200 2951 266 3018 nasi
276 2952 371 3021 aliud
385 2953 496 3044 ecipat
511 2977 610 3022 causa
621 2955 732 3044 pravis
748 2966 778 3021 et
793 2952 1060 3022 entraordinaria
1070 2967 1209 3045 propter·

96 3056 213 3126 donum
236 3082 407 3130 commune
428 3063 591 3131 Ecclesia.
621 3063 703 3144 Qua
729 3061 902 3130 lamando
927 3062 1122 3150 grauissima
1152 3062 1208 3129 illa

94 3167 270 3254 quastione
295 3168 348 3237 hie
374 3171 496 3238 cursim
523 3170 733 3256 adnotantur,
758 3170 859 3238 nolim
887 3178 1041 3260 tauquam
1061 3170 1207 3238 absolute

94 3271 175 3342 dicta
189 3277 302 3367 accipi,
321 3278 377 3345 sed
393 3287 534 3365 tantum,
559 3287 594 3346 ut
615 3279 850 3369 generaliorem
870 3279 1112 3346 canonistarum
1129 3301 1206 3345 sern—

96 3383 404 3453 sumindicaremus.
