3064 4952
277 449 339 511 220
627 477 801 524 raucrurus
825 481 862 525 oa
885 483 1037 530 carneuna

252 633 297 706 ἰ(
320 607 394 696 bus,
418 617 449 678 et
474 615 657 704 presertim
683 618 718 685 in
744 619 891 690 Romano
916 622 1087 712 Pontifioe,
1114 625 1167 693 cui
1194 625 1229 693 in
1255 649 1390 718 persona

279 742 296 782 a
319 716 407 785 Petri
421 718 543 791 dictum
565 731 613 793 ast
632 747 652 792 a
672 724 828 796 Christo:
848 733 948 799 Posce
966 755 1069 823 cynos
1084 755 1182 818 meos,
1201 758 1299 827 posce
1320 761 1392 806 coes

279 855 295 896 a
320 853 419 916 meos,
439 835 494 904 sed
517 834 549 903 id
569 837 673 907 oritur
690 863 733 908 ex
752 838 879 909 defectu
896 841 1073 910 voluntatis
1090 869 1098 911 ε
1114 866 1220 936 neque
1238 847 1329 914 enirn
1343 845 1392 914 la·

278 967 295 1005 c
318 940 485 1030 gislatores
500 944 714 1034 ecclesiastici,
728 948 891 1041 imprimis
902 951 1072 1021 Romanus
1083 952 1236 1022 Pontifex
1250 977 1392 1041 ...„cen

278 1075 295 1110 a
318 1057 430 1118 santur
444 1051 578 1122 velle-ut
596 1077 695 1155 novae⁸
711 1055 799 1146 legas
819 1079 838 1126 a
853 1080 887 1124 sc
904 1056 979 1126 latae
1001 1059 1069 1128 vim
1095 1058 1235 1128 habeant
1248 1061 1283 1130 iu
1297 1061 1389 1148 locis,

277 1183 295 1219 a
318 1156 352 1223 in
367 1157 486 1248 quibos
504 1160 613 1230 sanior
627 1171 658 1230 et
675 1163 779 1254 major
795 1164 943 1234 fidelium
964 1189 1041 1258 pars
1061 1167 1185 1259 judicat
1199 1169 1391 1260 provincia-

276 1292 293 1330 «
317 1289 391 1335 rum
407 1270 514 1360 genio,
533 1273 691 1360 moribus,
707 1275 858 1368 tempori,
876 1299 943 1344 non
962 1277 1147 1346 convenire.
1166 1277 1391 1349 confirmatur

276 1401 292 1437 a
315 1373 372 1442 illa
401 1378 569 1470 responsio
596 1402 639 1448 ex
664 1404 703 1450 eo
725 1381 813 1474 quod
838 1405 923 1452 nova
949 1384 1088 1473 decreta,
1114 1385 1187 1454 licet
1210 1387 1245 1454 iu
1274 1387 1391 1479 seipsis

277 1510 293 1549 «
317 1484 439 1575 optima
463 1485 540 1573 sint,
559 1510 615 1579 per
637 1490 785 1557 accidens
808 1501 929 1577 tamen,
947 1491 1058 1561 habita
1083 1492 1241 1562 nimirum
1264 1495 1390 1564 ratione

276 1616 292 1655 «
315 1592 645 1684 circumstantiarum,
666 1598 701 1664 in
724 1599 844 1691 quibus
867 1598 980 1690 populi
1002 1599 1114 1669 fideles
1135 1601 1334 1692 quibusdam
1355 1603 1389 1670 in

275 1727 292 1764 a
314 1701 492 1791 provinciis
512 1711 698 1792 versantur,
716 1705 904 1798 reipublicae
928 1706 1151 1776 eeclesiastioae
1173 1731 1286 1800 pacem
1308 1733 1389 1802 per—
1507 1779 1508 1814 ζ

275 1834 291 1870 a
315 1808 446 1876 turbare
471 1810 607 1901 possint,
634 1826 690 1882 aut
717 1814 830 1881 saltem
860 1813 1011 1883 Ecclesiis
1039 1815 1289 1907 particularibus
1322 1841 1389 1888 non
1507 1823 1508 1900 ζ

273 1916 477 2007 «prodesse.
504 1947 520 1984 »

312 2025 493 2096 Cardinalis
507 2029 684 2121 d'Aguirre
698 2034 894 2122 (Auctoritas
905 2034 1087 2126 basallibriis
1100 2035 1263 2106 cctbcdrae
1272 2040 1310 2108 S.
1326 2043 1388 2108 Pa-

270 2134 325 2215 tri,
342 2143 434 2206 tract.
464 2141 496 2228 3,
511 2138 595 2231 disp.
622 2143 676 2226 at,
692 2151 769 2211 sect.
794 2145 825 2228 3,
843 2152 878 2209 u⁰
896 2143 950 2231 23)
972 2169 979 2209 :
1001 2143 1128 2226 «Quod
1149 2145 1236 2214 euim
1259 2146 1389 2218 dicatur

273 2275 289 2310 «
312 2247 480 2319 Poutificis
502 2251 589 2342 leges
609 2251 894 2320 constitutioncsve
915 2259 971 2319 aut
990 2273 1140 2341 canones,
1158 2275 1223 2321 nou
1239 2253 1388 2324 adstrin-

273 2385 289 2420 ι(
312 2380 389 2448 gere
403 2359 570 2429 ecclesiam
586 2371 642 2429 aut
658 2382 798 2450 regnum
812 2358 939 2446 Galliae,
957 2359 1021 2428 nisi
1036 2369 1241 2452 acceptentur
1255 2363 1387 2453 publico

272 2493 288 2530 c
311 2488 483 2554 consensu,
502 2491 560 2536 nec
582 2468 660 2537 ferri
676 2491 695 2538 a
712 2467 868 2536 Pontifice
889 2468 928 2535 de
949 2467 1034 2536 facto
1059 2468 1121 2536 nisi
1136 2469 1198 2538 snb
1213 2491 1251 2536 ea
1266 2471 1382 2539 condi·

272 2603 288 2640 a
313 2576 398 2644 tione
419 2577 657 2668 acceptationis,
675 2575 781 2645 solum
802 2576 863 2645 niti
882 2582 986 2667 potest
1010 2599 1029 2644 a
1051 2576 1121 2667 pari
1142 2585 1200 2644 aut
1219 2577 1333 2666 simili,
1352 2578 1387 2646 iu

271 2710 287 2746 «ι
311 2682 462 2775 opinione
475 2683 509 2751 id
523 2683 736 2752 asserentium
750 2683 790 2752 de
804 2682 933 2773 legibus
948 2683 1060 2772 regiis,
1078 2705 1178 2775 qnam
1197 2685 1387 2754 communi-

270 2819 287 2855 «
310 2801 360 2858 tar
374 2799 506 2859 tuentur
518 2790 743 2884 jurisconsulti
762 2842 814 2878 ...,
829 2789 1059 2883 colligiturque
1072 2813 1114 2859 ex
1128 2791 1200 2882 lege
1214 2791 1255 2861 dc
1268 2794 1387 2885 quibus

270 2931 286 2963 a
309 2899 345 2966 n.
363 2898 403 2967 de
417 2899 550 2990 lapibus,
570 2899 760 2967 ubidicitur
779 2926 786 2965 :
804 2902 886 2990 Ipsae
901 2898 984 2989 lepos
1004 2899 1097 2966 trulla
1121 2898 1189 2967 olio
1212 2922 1312 2968 causa
1327 2924 1386 2968 noa
1506 2931 1507 2968 ι

270 3034 287 3071 u
311 3018 431 3089 tenent,
453 3030 555 3099 mom
577 3007 665 3100 quod
682 3006 802 3099 populi
818 3005 950 3098 judicio
972 3021 1106 3099 recepta
1127 3021 1213 3076 saut.
1238 3008 1385 3102 Eanmue

270 3114 503 3184 «sententiam
524 3115 617 3184 multi
643 3115 740 3185 etiam
766 3137 808 3182 ex
837 3113 995 3204 theologis
1021 3115 1203 3183 extendunt
1228 3115 1269 3183 ad
1296 3116 1386 3208 leges

268 3249 285 3288 a
307 3223 503 3315 pontificias,
520 3224 613 3316 quasi
633 3233 665 3292 et
688 3222 753 3290 illae
776 3222 838 3290 sub
858 3244 895 3290 ea
914 3222 1098 3292 conditione
1124 3223 1220 3292 tacita
1237 3235 1385 3317 accepta-

266 3359 283 3397 ι(
307 3331 404 3400 tionis
427 3331 592 3418 ferantur5
609 3329 722 3398 saltem
743 3351 785 3396 ex
807 3335 1008 3420 praesumpta
1025 3329 1230 3420 indulgentia
1249 3339 1306 3399 aut
1326 3332 1384 3400 be

265 3439 465 3530 «nignitate
492 3437 672 3525 Pontificis,
701 3435 840 3505 uolentis
870 3436 963 3504 aliter
990 3436 1135 3527 obligare
1163 3438 1309 3508 subditos
1315 3491 1381 3508 .....

204 3546 207 3554 ’
265 3575 282 3612 u
306 3547 413 3629 Quare
435 3546 463 3614 si
487 3545 627 3616 illustris
648 3545 758 3614 Merca
777 3544 838 3612 hoc
863 3545 969 3614 solum
995 3567 1092 3616 sensu
1117 3553 1226 3615 tuetur
1251 3547 1383 3618 liberta-

266 3665 354 3724 ates
384 3654 537 3725 Ecclesiae
573 3654 742 3746 gallicanae
774 3652 871 3745 (dum
907 3678 945 3723 ao
974 3655 1070 3724 titulo
1101 3655 1272 3745 insignivit
1301 3681 1383 3750 opus

263 3791 280 3828 c
304 3788 402 3833 suum
418 3764 457 3832 de
473 3763 646 3833 concordia
667 3761 838 3833 sacerdotii
855 3770 886 3832 et
901 3762 1029 3856 imperii
1048 3785 1104 3831 seu
1123 3762 1163 3832 dc
1178 3763 1383 3834 libertatibus

264 3871 458 3941 «Ecclesia
483 3871 664 3964 publicana)
689 3869 846 3964 potuisset
871 3869 952 3940 illud
982 3869 1100 3961 pariter
1129 3870 1318 3959 inscribere,
1342 3872 1381 3941 de

267 4009 283 4046 c
307 3981 515 4050 libertatibus
538 3978 688 4048 Ecclesiae
713 3979 905 4072 hispanicae,
922 3990 979 4050 aut
996 3980 1203 4070 germanicae,
1220 3981 1273 4050 vel
1288 3981 1382 4073 polo-
1505 4017 1506 4032 κ

267 4115 284 4152 c
309 4088 401 4176 nicae,
419 4113 436 4153 a
454 4095 515 4156 etc.

307 4196 429 4266 Suarez
449 4198 507 4289 (De
528 4197 663 4288 leqibos,
679 4197 701 4265 l.
724 4198 828 4277 1v‚c.
850 4203 902 4285 lb,
920 4210 954 4266 u·
970 4197 1016 4289 7).
1035 4199 1208 4290 Postquam
1234 4199 1379 4291 probavit
1505 4199 1506 4202 ’
