3048 4954
491 507 574 554 rums
605 509 755 555 canumet.
1136 493 1174 554 99

74 644 218 734 presules
241 646 347 736 prinro
363 647 529 716 restitisse,
554 647 605 716 Ex
621 647 768 716 doctrina
781 647 871 718 enirn
891 646 1050 734 gallicana
1065 647 1100 712 in
1112 670 1178 738 qua

72 751 335 840 educatifnerant,
352 778 418 824 non
431 763 557 824 tantum
569 757 695 824 obstare
706 762 866 846 poterant,
882 752 951 838 aad,
969 763 1005 822 ut
1021 753 1177 824 dixerunt

71 882 105 924 cx
125 861 201 951 ipsis
215 861 367 952 qnidam,
390 864 486 931 etiam
508 863 548 930 ad
566 863 714 931 vitandas
734 862 931 930 intrusiones
951 871 983 931 et
1004 861 1176 930 schismata

70 989 105 1033 es
123 970 316 1038 conscientie
339 971 498 1038 dehebant
523 970 597 1040 huic
625 970 849 1062 suppressioni
877 993 946 1038 sesa
966 992 1026 1060 pro
1050 969 1176 1038 viribus

70 1099 232 1166 opponere.
256 1079 352 1149 Unde
367 1080 449 1166 nisi,
468 1079 640 1148 miserante
665 1079 749 1166 Deo,
767 1087 844 1147 tunc
864 1077 1016 1170 Episcopi
1036 1077 1176 1146 Gallica-

70 1185 199 1253 nismum
215 1187 403 1278 prolitentes
418 1189 479 1257 sibi
493 1188 781 1276 contradixissent,
810 1211 874 1256 non
891 1188 1099 1278 paucissimi,
1116 1189 1173 1256 sed

68 1298 245 1364 catervatim
270 1298 305 1364 in
328 1299 468 1367 schisma
477 1299 631 1390 parvule
655 1298 791 1368 ecelesiae
818 1297 933 1365 misere
960 1297 1172 1388 proruissent.

68 1400 150 1481 Quod
166 1427 257 1492 vero,
274 1405 415 1474 admissa
430 1407 550 1476 summi
562 1406 731 1475 Pontificis
746 1405 895 1474 ecclesias
911 1426 1023 1472 omues
1036 1406 1173 1497 alicujus

69 1511 148 1599 regni
170 1514 398 1605 supprimendi
422 1524 592 1607 potestate,
618 1515 680 1606 ipsi
696 1515 872 1604 denegetur
888 1513 1061 1604 privilegia
1075 1513 1174 1582 simul

69 1621 229 1688 revocandi
258 1621 411 1711 facultas,
446 1633 493 1690 est
521 1645 654 1714 prorsus
683 1623 854 1691 absonum.
887 1619 1057 1702 Quomodo
1084 1623 1172 1690 enim

68 1733 136 1794 stare
150 1737 256 1819 potest
277 1729 485 1820 privilegium
507 1733 670 1800 destructo
690 1730 917 1822 privilegiato?
946 1730 1048 1798 Porro
1071 1731 1172 1798 eccle-

67 1833 112 1899 sia
131 1835 252 1926 quibus
275 1836 479 1906 inhaerehant
502 1839 562 1906 ista
575 1839 652 1928 jura
674 1839 819 1929 privata,
838 1859 895 1906 seu
909 1838 969 1905 ista
983 1837 1169 1928 privilegia,

66 1963 127 2028 sen,
143 1944 233 2035 quod
248 1945 334 2014 idern
352 1956 419 2032 est,
441 1947 511 2014 istm
528 1947 633 2038 ajure
648 1946 814 2015 communi
837 1945 1078 2036 exemptiones,
1095 1967 1171 2015 vere

66 2057 89 2113 et
102 2053 229 2142 proprie
245 2075 427 2146 suppressae
444 2065 475 2122 et
489 2055 689 2146 interempta²
705 2063 737 2123 et
751 2053 902 2122 extincta
919 2061 1015 2120 sunt:
1031 2053 1172 2122 extincta

66 2179 128 2244 ergo
142 2169 174 2226 et
194 2183 309 2229 earum
327 2162 511 2253 privilegia.
539 2161 633 2230 Unde
648 2161 896 2230 contradictoria
916 2160 1028 2247 thesis,
1046 2160 1170 2230 ratione

64 2267 219 2353 suadente,
238 2269 459 2360 amplectenda
477 2280 538 2358 est,
557 2293 673 2362 nempe
695 2294 760 2338 nou
784 2293 877 2362 posse
899 2293 1065 2338 summum
1079 2271 1170 2337 Pon-

64 2375 168 2444 tificem
199 2379 366 2447 ecclesiam
400 2380 543 2472 aliquam
580 2381 783 2472 supprimere
810 2389 841 2448 et
870 2380 971 2470 ipsius
999 2379 1170 2470 privilegia

62 2505 199 2574 servare;
218 2487 288 2556 hmo
304 2488 391 2556 enim
407 2487 473 2557 duo
489 2491 522 2556 in
540 2491 686 2558 terminis
698 2499 858 2581 pugnant,
874 2497 906 2555 at
919 2509 1068 2556 summus
1081 2488 1168 2555 Pon-

62 2592 127 2662 tilex
144 2617 213 2664 non
229 2606 331 2689 potest
352 2619 428 2689 qnae
447 2620 488 2666 ex
505 2607 622 2667 natura
646 2621 704 2666 sua
726 2597 939 2688 impossibilia
953 2606 1074 2665 suntet
1089 2619 1167 2665 oon-

21 2767 22 2792 ,
62 2701 275 2771 tradictionem
288 2706 471 2774 involvunt.
483 2706 692 2796 Poteritergo
704 2729 853 2774 summus
866 2706 1016 2776 Pontifex
1028 2707 1168 2775 extincta

21 2799 22 2824 l
60 2809 155 2902 aliqua
172 2813 321 2900 ecelesia,
339 2813 380 2882 sd
396 2815 492 2883 aliam
508 2816 610 2906 ipsius
625 2815 799 2907 privilegia
820 2824 895 2882 actu
910 2815 1041 2906 speciali
1055 2822 1166 2884 trans-

21 2905 23 2924 '
61 2915 151 3006 lerre3
176 2943 242 2989 non
267 2929 375 2990 antem
399 2922 468 2990 solo
492 2931 523 2991 et
550 2923 647 2990 unico
672 2931 746 2990 actu
770 2921 1007 3014 suppressionis
1032 2922 1166 3013 privile-

60 3025 142 3112 gista
163 3028 309 3096 ecclcsiae
332 3029 450 3118 lacere,
470 3039 508 3098 ut
529 3030 591 3099 alia
607 3031 763 3122 quaelibet
777 3031 926 3116 ecclesia,
947 3031 1043 3098 etiam
1059 3029 1093 3096 in
1109 3053 1165 3099 eo-

59 3130 120 3201 dem
135 3137 299 3205 territorio
315 3137 485 3227 erigenda,
502 3137 683 3230 privilegiis
698 3137 849 3206 extinctae
865 3139 1015 3228 gaudeat.

93 3243 214 3311 Deinde
226 3267 325 3336 quam
338 3246 556 3336 periculosum
572 3246 614 3314 sit
629 3269 794 3333 asserere,
810 3269 877 3314 non
891 3269 984 3338 posse
999 3269 1092 3327 enm,
1111 3248 1164 3315 cui

58 3348 195 3420 Christus
218 3354 380 3421 commisit
406 3377 483 3422 oves
509 3362 540 3421 et
562 3377 665 3444 agnos
689 3355 723 3422 in
751 3354 905 3422 universo
929 3352 1007 3421 orbe
1024 3355 1163 3445 plenam

54 3459 200 3544 pascendi
213 3473 244 3528 et
255 3461 388 3552 rependi
394 3459 606 3553 potestatem,
625 3463 796 3553 privilegia
811 3463 908 3530 alicui
923 3462 1065 3530 ecclesiae
1081 3487 1163 3533 con-

58 3587 132 3636 cessa
149 3580 207 3640 aut
229 3594 271 3638 ex
287 3571 434 3662 legitime
462 3573 651 3664 praeseripta
676 3571 909 3642 cousuetudine
934 3570 1083 3659 inducta,
1111 3595 1163 3640 rc-

59 3676 190 3764 trahere,
221 3677 374 3770 illamque
396 3680 562 3748 ecclesiam
583 3680 692 3770 adjus
713 3701 884 3748 commune
899 3679 1069 3766 reducere,
1086 3681 1163 3772 quis

60 3801 111 3848 non
125 3784 261 3853 videatl
275 3787 460 3855 Praesertim
477 3809 564 3875 cum,
580 3810 622 3856 ex
638 3811 738 3879 supra
752 3787 908 3878 probatis,
926 3807 1021 3853 omne
1034 3787 1087 3877 jus
1103 3809 1161 3855 ex-

59 3892 222 3980 ceptionale
237 3916 302 3962 non
318 3895 382 3963 alia
396 3917 495 3986 quam
515 3895 679 3986 pontificia
700 3895 888 3964 auctoritate
911 3895 1043 3962 nitatur.
1068 3896 1161 3963 Prae-

60 4003 130 4066 terea
149 4013 275 4070 certum
296 4013 361 4089 cst,
387 4026 552 4072 summum
576 4005 766 4072 Pontificem
787 4027 878 4096 posse
898 4005 1041 4094 praelatis
1061 4005 1159 4073 alicu-

59 4101 102 4190 jus
116 4109 256 4177 ecclesiae
276 4109 535 4200 jurisdictionem
555 4112 694 4180 limitare
716 4113 888 4180 autetiam
909 4111 1065 4198 adimere;
1084 4133 1162 4202 ergo

62 4229 149 4304 potest
177 4221 269 4292 illem
299 4221 561 4312 jurisdictionem
596 4225 682 4293 intra
716 4223 835 4292 limites
859 4222 944 4313 juris
979 4223 1163 4294 communis
