3064 4952
599 529 680 580 cunis
703 531 853 580 canonici.
1220 511 1281 576 173

165 701 186 740 c
213 696 320 744 manse
333 672 425 744 urbis
436 672 614 766 Episcopus
628 672 714 741 illico
725 693 838 740 omnes
850 669 939 738 Asia
951 669 1198 763 vicinarumque
1207 693 1284 763 pro·

167 811 188 848 c
213 784 395 853 cincinnum
406 781 564 852 Ecclesiae
578 788 732 873 unquam
744 778 908 848 contraria
916 785 1013 846 recta
1026 777 1103 847 fidei
1113 779 1286 850 sentientes

168 919 187 957 α
214 891 477 962 acommunionc
488 889 675 960 abscindere
687 897 824 958 conatur
839 899 1030 976 tcmtpnaa
1042 897 1285 978 cespititium

169 1029 190 1068 c
217 1021 299 1076 aaa
313 1015 421 1075 acm
435 1019 572 1090 κρᾶτας
585 998 732 1092 danque
743 996 861 1066 litteris
873 997 1045 1068 universos
1055 999 1111 1090 qui
1122 998 1287 1069 illicerent

168 1139 188 1176 c
215 1111 331 1180 iratres
344 1109 516 1203 proscribit
531 1118 563 1177 et
575 1107 617 1176 ab
629 1107 752 1176 unitate
765 1105 917 1174 Ecclesiae
933 1128 1068 1198 prorsus
1083 1105 1206 1176 alienos
1217 1129 1286 1177 esse

167 1245 188 1284 c
215 1217 414 1311 pronuntiat.
438 1218 564 1287 Verum
588 1215 660 1284 baec
675 1236 741 1285 non
756 1212 910 1284 omnibus
923 1212 1092 1305 placebant
1105 1213 1283 1308 Episcopis.

169 1355 189 1394 c
215 1326 357 1396 Proinde
368 1327 535 1396 Victorem
549 1347 592 1394 ex
605 1324 743 1395 adverso
758 1322 876 1393 hortati
891 1331 981 1410 sunt,
997 1330 1033 1392 nt
1044 1345 1082 1392 ea
1093 1324 1200 1416 potins
1211 1348 1288 1394 sen-

168 1465 190 1502 «
217 1437 280 1504 tire
305 1435 401 1505 vellet
420 1457 495 1528 qna
509 1432 581 1525 paci
605 1441 637 1500 ct
656 1431 775 1502 unitati
798 1429 988 1522 cariutique
1004 1452 1083 1523 erga
1097 1434 1285 1524 proximum

167 1573 189 1611 c
216 1542 449 1636 congruebant.
464 1542 587 1611 Extant
600 1541 779 1611 etiamrmm
788 1540 1031 1610 eornmlitterae
1043 1540 1287 1632 quibusVicto-

169 1681 191 1720 c
213 1675 284 1722 rem
313 1653 461 1722 acerbius
495 1652 722 1745 perstringunt
753 1659 964 1742 (asssumpta
987 1664 1204 1744 καθαπτομένων).
1238 1653 1288 1723 Ex

171 1789 193 1826 c
217 1783 359 1854 quorum
373 1781 511 1830 numero
524 1761 710 1829 bannus...
736 1756 960 1848 »(Traductio
975 1757 1123 1850 Valerii).
1323 1835 1329 1846 ,

218 1869 346 1960 Duplex
360 1869 407 1936 ibi
420 1867 688 1958 distinguendum
702 1868 823 1937 tactum
842 1894 849 1936 :
867 1866 1006 1936 alterum
1020 1867 1062 1936 ad
1080 1867 1201 1960 dogma
1214 1894 1289 1963 per-

166 1977 292 2065 tinens,
308 1999 400 2046 error
409 1999 527 2068 nempe
541 1975 757 2046 Asiaticorum
773 1975 830 2068 qui
844 1974 1094 2064 contendebant,
1112 1999 1178 2046 non
1193 1979 1289 2049 licere

167 2085 295 2156 Pascha
310 2085 472 2154 celebrare
490 2084 554 2153 aiio
579 2107 679 2176 quam
700 2082 943 2175 decimoquarto
957 2081 1009 2151 die
1024 2082 1132 2172 lnnae3
1151 2085 1289 2156 alterum

166 2196 335 2286 attingens
349 2193 557 2285 disciplinam
583 2201 729 2281 tantm,
751 2214 867 2286 nempe
888 2190 1028 2260 sublatio
1047 2196 1290 2264 consuetudinis

168 2325 273 2394 quam
292 2303 337 2371 ibi
353 2301 546 2371 toleraverat
558 2300 651 2369 initio
667 2307 797 2368 sanctus
813 2299 955 2370 Joannes
970 2300 1163 2390 Apostolus,
1189 2326 1290 2396 prop-

170 2421 225 2480 ter
238 2412 460 2482 infirmitatem
474 2412 671 2483 Judaeorum
683 2410 724 2480 sd
743 2409 909 2480 Christum
926 2432 1169 2481 conversorum.
1188 2411 1290 2482 Sanc-

170 2531 228 2590 tus
242 2521 355 2591 Victor
370 2522 471 2613 Papa,
489 2529 520 2590 et
535 2543 678 2591 errorem
693 2521 750 2612 qui
770 2519 903 2588 tolerari
919 2541 983 2587 non
999 2527 1125 2611 poterat
1137 2521 1290 2592 condem·

170 2631 283 2720 navit,
315 2640 346 2701 et
375 2631 644 2702 consuetudinem
671 2630 838 2699 asiaticam
875 2653 950 2722 quio
980 2629 1126 2699 absolute
1161 2632 1291 2702 tolerari

172 2739 342 2830 potuisset,
359 2737 571 2808 deserendam
586 2737 751 2830 pracepit.
769 2738 822 2806 An
837 2759 952 2807 revera
967 2738 1141 2808 renitentes
1159 2739 1290 2833 Episco-

171 2871 234 2941 pos
253 2848 341 2916 Asiae
365 2847 711 2934 excommunicaverit,
732 2869 775 2916 an
793 2868 871 2916 vero
886 2854 1012 2916 unium
1027 2852 1291 2920 excommunice-

172 2957 296 3025 tionem
328 2957 470 3026 minatus
495 2957 611 3043 fuerit,
644 2956 810 3047 disputant
835 2955 966 3024 eruditi.
994 2957 1064 3026 Hoc
1085 2965 1209 3028 certum
1230 2971 1290 3048 est,

173 3070 284 3160 ipsam
299 3076 378 3137 tunc
398 3076 588 3161 potestatem
613 3067 827 3158 legislativum
851 3067 913 3136 sibi
928 3091 1026 3160 super
1041 3069 1131 3138 Asiae
1144 3073 1292 3142 ecclesias

173 3177 338 3247 tribuisse.
351 3177 416 3247 Nec
427 3177 489 3269 ipsi
501 3175 586 3244 dixit
607 3183 734 3244 sanctus
751 3176 909 3263 trenaeus,
926 3175 1010 3245 banc
1022 3185 1210 3269 potestatem
1226 3204 1291 3249 non

174 3285 295 3364 babes;
311 3283 386 3372 sed,
404 3282 648 3375 supponendae
664 3291 776 3352 contra
790 3283 831 3351 ab
847 3283 918 3375 ipso
934 3305 1027 3376 posse
1047 3286 1194 3355 ecclesias
1209 3290 1291 3358 asia·

173 3393 254 3462 ticas
279 3391 567 3479 excommunicari,
591 3391 732 3461 rationes
751 3393 934 3484 opponebat
952 3393 1073 3484 quibus
1092 3394 1242 3466 suaderet
1259 3398 1291 3466 id

175 3525 241 3571 non
265 3502 437 3594 expedire,
457 3510 489 3567 et
511 3501 611 3569 satius
630 3523 699 3568 esse
714 3499 983 3569 consuetudinem
1000 3502 1215 3573 Asiaticorum
1231 3505 1292 3573 ad-

174 3611 240 3681 buc
263 3611 406 3679 tolerari.
423 3610 494 3678 lmo
519 3609 705 3700 Polycrates
720 3610 788 3701 ipse
802 3608 1021 3677 obedientiam
1038 3611 1209 3700 renuebat,
1227 3631 1293 3682 non

174 3725 263 3818 qnod
289 3725 487 3794 existimaret
506 3723 627 3813 Papam
649 3743 825 3826 nontposse
844 3719 906 3786 sibi
928 3720 1104 3812 praecipera
1116 3721 1217 3812 justa,
1237 3725 1291 3792 sed

175 3834 253 3925 quia
277 3833 367 3925 jussa
397 3829 610 3900 contendebat
635 3829 806 3920 preceptis
840 3826 961 3895 divinis
991 3829 1171 3908 contraria;
1204 3835 1291 3923 qnod

174 3949 285 4036 aperte
322 3941 464 4009 innuunt
501 3937 571 4006 baec
608 3937 707 4005 verba
741 3936 782 4004 ab
819 3936 889 4027 ipso
919 3945 1101 4028 usurpata:
1137 3939 1319 4010 «Melius

176 4059 225 4118 est
251 4045 383 4118 obedire
409 4047 476 4115 Deo
499 4067 597 4138 quam
624 4043 822 4114 bominibus!
849 4045 1066 4114 »Pleniorem
1093 4044 1193 4137 bujns
1219 4049 1294 4118 facti

177 4157 411 4228 discussionem
438 4155 511 4226 vide
538 4152 626 4246 apud
651 4153 832 4222 Zaceariam
861 4153 1123 4245 (Antiscbiooius,
1155 4178 1230 4246 pars
1252 4157 1292 4246 11,

178 4269 202 4340 l.
222 4293 255 4360 n,
274 4291 302 4336 c.
323 4267 367 4358 t).
