3042 4946
534 445 616 492 ruars
643 445 793 492 ausonici.
1162 427 1223 494 583

96 584 204 653 lector
232 585 319 652 enim
341 584 421 652 dum
445 584 475 652 oi
498 583 606 671 unica,
630 584 743 674 gravis
765 594 872 652 tamen
895 584 1040 677 alioquin
1071 587 1218 666 materia,

97 717 121 762 a
147 693 273 760 cmteris
294 690 455 784 disjuncta
477 692 682 784 proponitur,
703 691 858 760 libentius
881 700 913 759 et
934 692 1062 763 facilius
1084 695 1114 763 ci
1130 695 1222 787 peni-

98 810 159 870 tus
176 801 437 895 introspiciendas
457 801 628 870 incumbit.
651 801 717 870 Nec
739 809 875 892 possunt
890 823 1003 869 omnes
1023 803 1220 872 immensum

100 910 206 979 totius
228 910 314 1002 juris
334 909 480 979 canonici
503 909 662 979 ambitum
686 930 859 1002 peragrare
876 936 885 990 ;
902 907 957 976 sed
974 931 1041 978 nna
1053 917 1109 980 aut
1123 912 1224 980 altera

101 1028 209 1110 parte,
241 1019 303 1088 sibi
328 1042 387 1112 pro
412 1019 538 1110 ingenii
568 1028 624 1088 aut
652 1040 826 1088 munerum
854 1018 1073 1108 gerendorum
1100 1021 1223 1090 ratione

101 1130 211 1220 magis
236 1129 320 1216 utili,
350 1129 532 1199 accuratius
557 1129 725 1222 explorata
746 1130 889 1198 contenti
904 1137 1020 1216 erunt;
1038 1153 1137 1223 quam
1151 1130 1224 1200 ideo

101 1257 234 1304 necesse
259 1245 306 1304 est
328 1238 373 1304 eis
398 1245 553 1327 tanquam
580 1245 682 1304 totum
710 1234 833 1326 aliquid
853 1235 894 1302 ab
909 1235 981 1303 aliis
993 1235 1224 1328 jurispruden-

102 1345 161 1414 tiae
180 1345 328 1436 portibus
343 1344 536 1433 detractum,
557 1345 724 1416 exhibere.
740 1345 893 1414 Vitamus
906 1343 1003 1414 ctiam
1019 1344 1221 1416 infinitarum

101 1452 303 1524 divisionum
337 1463 369 1523 et
403 1453 666 1524 subdivisionum
700 1451 982 1544 impedimentum.
1018 1452 1055 1520 ld
1090 1453 1224 1545 insuper

102 1561 281 1648 commodi,
318 1562 405 1652 quod
443 1569 638 1631 tractatuum
676 1561 814 1628 istorum
851 1559 1070 1629 collectionem
1107 1561 1224 1652 poterit

102 1668 244 1761 quisque
265 1669 318 1740 vel
332 1669 373 1740 ad
389 1670 516 1738 solitam
533 1669 572 1740 de
588 1668 747 1762 persocia,
766 1668 860 1736 rebus
870 1675 905 1752 et
910 1667 1048 1758 judiciis
1061 1669 1223 1740 distribu-

103 1776 227 1846 tionem
249 1777 446 1868 generalem,
478 1778 530 1847 vel
554 1776 595 1846 ad
621 1775 827 1846 subtiliorem
851 1774 960 1862 aliam,
986 1776 1072 1845 tacili
1094 1778 1223 1870 negotio

103 1891 228 1976 aptare.

152 1993 306 2086 Superest
327 2003 364 2064 ut
389 1995 594 2086 gravissimis
618 2017 636 2064 c
656 1994 762 2064 Gallia
784 1995 865 2064 viris
884 1995 1150 2086 respondeamus,
1166 1997 1225 2088 qui

105 2102 176 2170 sinc
198 2124 288 2171 mora
312 2102 552 2194 Compendium
577 2101 709 2194 aliquod
736 2101 777 2170 ad
804 2102 1055 2172 seminariorum
1081 2127 1177 2173 usum
1204 2127 1223 2172 n

104 2209 200 2278 nobis
227 2211 281 2280 edi
297 2219 451 2302 optarunt
468 2221 565 2304 atque
586 2231 714 2279 summa
736 2232 815 2300 erga
830 2232 889 2279 nos
902 2210 1126 2280 benevolentia
1143 2235 1222 2303 pos-

105 2317 261 2387 tularunt.
290 2318 413 2388 Morem
436 2321 482 2388 eis
513 2342 626 2411 gerere
659 2326 790 2410 gratum
816 2317 959 2410 profecto
989 2319 1103 2388 fuisset
1129 2321 1224 2389 nobis

104 2427 408 2518 quamplurimum
438 2437 471 2497 at
497 2427 654 2496 deterruit
687 2435 782 2518 atque
806 2424 1041 2518 aliquantisper
1067 2425 1222 2495 differen-

105 2534 186 2602 dum
216 2535 316 2604 suasit
343 2558 456 2604 earum
486 2536 519 2604 in
553 2535 672 2628 quibus
707 2557 877 2604 versamur
906 2535 1223 2606 circumstantiarum

104 2641 200 2711 ratic.
225 2643 298 2711 Non
324 2643 412 2711 enim
440 2665 505 2712 uua
529 2651 625 2734 atque
648 2643 760 2712 eadem
784 2641 943 2730 doctrina,
968 2650 1005 2710 ut
1029 2651 1142 2712 notum
1161 2653 1223 2733 est,

102 2751 140 2819 in
156 2773 190 2819 re
203 2751 359 2820 canonica
373 2751 459 2844 apud
477 2751 592 2820 Gallia
609 2751 732 2820 clerum
759 2749 855 2820 hodic
869 2749 1044 2842 recipitur;
1063 2752 1119 2820 sed
1134 2753 1219 2844 quod

106 2857 180 2926 aliis
199 2866 323 2928 certum
339 2870 371 2929 et
392 2859 625 2946 indubitatum,
655 2857 741 2926 idem
758 2857 813 2926 alii
830 2857 947 2926 falsum
966 2865 997 2925 et
1013 2857 1224 2949 rejiciendum

106 2968 331 3058 pronuntiant.
353 2971 446 3040 Varii
464 2971 499 3038 in
515 2971 611 3040 rebus
627 2969 830 3059 gravissimis
848 2989 974 3054 sensus,
1000 2967 1090 3036 varia
1103 2978 1135 3037 et
1149 2969 1225 3039 inde

107 3080 246 3148 deducta
270 3080 391 3171 praxis.
424 3080 494 3146 lmo
516 3085 547 3146 et
572 3075 825 3144 seminariorum
848 3080 951 3143 cretus
976 3074 1139 3144 invaserat
1159 3077 1225 3146 mi·-

107 3187 195 3256 nime
218 3173 296 3254 sana
318 3194 415 3278 atque
437 3209 457 3253 a
476 3182 559 3253 Sede
582 3183 768 3274 Apostolica
787 3204 893 3273 nuper
913 3183 1044 3251 confixa
1065 3182 1223 3255 doctrina.

108 3299 145 3365 In
164 3319 228 3389 quo
246 3317 356 3364 rerum
379 3304 410 3364 et
428 3293 613 3362 animorum
637 3298 722 3359 statu
744 3288 823 3383 quid
847 3291 1004 3380 potuisset
1025 3313 1090 3359 unc
1103 3298 1158 3358 aut
1174 3291 1227 3360 al-

107 3412 176 3472 tero
202 3401 395 3494 Compendii
413 3400 579 3471 volumine
601 3401 636 3467 in
656 3397 794 3468 sanioris
813 3394 969 3465 doctrinae
992 3397 1130 3486 gratiam
1149 3421 1227 3466 con-

64 3529 67 3534 ’
109 3513 190 3581 ficit
213 3513 324 3606 Neque
348 3512 434 3580 euim
462 3511 643 3604 quidrecte
665 3511 823 3579 sentiatur
846 3531 989 3576 asserere
1011 3518 1042 3576 et
1066 3532 1228 3602 exponere

109 3623 193 3690 satis
210 3630 270 3710 est,
293 3621 425 3713 quando
450 3621 593 3714 idipsum
617 3621 733 3711 injecta
756 3616 946 3712 praejudicia
971 3619 1150 3710 repeliunt3
1172 3623 1226 3690 sed

108 3729 242 3800 omnino
266 3750 393 3798 necesse
412 3737 459 3797 est
475 3729 619 3821 probatas
634 3728 792 3796 doctrinae
809 3725 1011 3794 defensorem
1029 3727 1067 3796 ad
1085 3751 1228 3820 pugnam

109 3858 184 3904 cum
209 3836 396 3905 adversario
421 3835 627 3921 descendere,
659 3843 755 3925 atque
776 3833 850 3902 totis
873 3833 1102 3925 probationum
1129 3838 1229 3906 aruris

110 3945 264 4034 congredi
278 3971 288 4031 3
317 3954 354 4013 ut
381 3946 525 4039 sicquae
550 3944 695 4013 veritatis
721 3944 835 4034 vigore
864 3943 1019 4034 polleant,
1047 3968 1121 4035 quae
1141 3946 1230 4014 inani

110 4053 201 4120 larva
222 4051 396 4145 decipiant,
419 4055 459 4122 ab
485 4052 638 4122 omnibus
656 4051 901 4140 dignoscantur.
933 4051 1137 4141 Compendia
1166 4076 1230 4122 au-

112 4172 188 4248 tem,
217 4163 348 4230 arctatis
378 4164 509 4256 quidem
535 4159 797 4254 expositionibus
817 4167 892 4254 apta
920 4167 1016 4241 sunt;
1034 4169 1066 4228 at
1089 4183 1125 4229 ca
1141 4162 1231 4253 pole-
