3022 4950
526 508 608 554 rtrars
631 509 783 556 cauorrcr.
1174 487 1209 552 ll

105 671 119 708 ι
142 669 204 715 non
231 645 353 716 babent
388 671 602 717 communem
637 649 784 742 plurium
812 649 984 720 nationum
1013 650 1212 738 felicitatem,

105 781 120 816 ι
143 764 254 822 mutua
269 756 356 823 inter
370 755 441 824 illas
465 755 700 847 obligationem
716 779 783 826 uon
806 757 971 842 indicunt;
1000 765 1033 826 et
1058 755 1131 827 ideo
1149 781 1216 828 non

30 907 31 912 ι
106 889 120 927 ι
144 865 268 954 proprie
282 873 360 933 sunt
371 865 426 958 jus
440 867 607 954 gentium,
624 867 680 936 sed
696 866 803 959 potius
812 868 868 958 jus
879 865 986 954 civile,
1000 866 1078 957 quia
1090 866 1215 957 obliga·

107 1005 123 1042 ι
144 979 265 1048 donum
280 977 388 1046 solnm
403 977 535 1070 pariunt
548 975 633 1044 inter
643 977 794 1044 membra
804 975 1051 1068 particularium
1063 997 1215 1044 commu-

108 1115 122 1154 ι
144 1089 280 1160 nitatnm
299 1119 307 1159 :
324 1100 484 1160 vocantur
498 1099 610 1159 famen
625 1090 761 1159 abusive
771 1089 827 1180 jus
846 1088 1009 1179 gentium,
1025 1089 1084 1180 qui
1105 1111 1125 1155 a
1139 1086 1215 1179 pln-

30 1231 31 1256 ι
107 1227 122 1263 ι
143 1199 229 1269 ribus
245 1201 375 1293 populis
389 1202 605 1270 observantur
620 1227 627 1268 :
642 1200 753 1268 forsan
767 1219 833 1267 non
849 1198 935 1265 male
947 1196 1033 1265 istud
1048 1197 1215 1266 vocaveris

30 1339 31 1356 ι
108 1333 121 1370 ι
138 1309 190 1399 jus
205 1309 355 1398 gentium
372 1308 618 1401 permissivum,
635 1307 718 1375 sicut
733 1304 813 1374 illud
836 1303 928 1397 prius
945 1304 1076 1395 proprie
1090 1303 1213 1373 dictum

105 1417 381 1508 «preceptioum.

145 1607 158 1644 ιι
179 1581 259 1648 Dico
273 1583 306 1647 1⁶
317 1607 324 1648 :
336 1581 396 1650 Jus
408 1581 558 1670 gentium
568 1581 698 1672 proprie
711 1579 836 1647 dictum
902 1579 946 1645 sic
959 1575 1086 1646 definiri
1102 1598 1210 1668 posse:

105 1697 183 1756 rest
194 1689 249 1778 jus
264 1711 331 1780 quo
352 1697 465 1780 gentes
488 1713 553 1781 qna
575 1687 666 1772 tales,
694 1696 810 1756 mutua
836 1687 1047 1777 obligatione,
1070 1708 1112 1754 cx
1133 1708 1214 1753 con-

105 1820 234 1866 usensu
260 1798 356 1867 tacito
383 1798 435 1866 vel
460 1819 615 1890 expresso
641 1797 703 1864 sibi
732 1796 897 1888 imposita,
926 1795 1152 1864 consociantur
1178 1796 1211 1862 in

107 1931 120 1966 ι
140 1904 250 1974 ordine
264 1907 304 1974 ad
320 1929 358 1976 ea
373 1929 448 1998 quae
464 1906 505 1974 ad
520 1927 732 1974 communem
745 1927 859 1974 earum
876 1903 1062 1971 felicitatem
1077 1909 1109 1969 et
1122 1924 1213 1970 com·

107 2039 120 2077 ι
141 2015 299 2084 mercium
318 2015 493 2108 pertinent.
517 2016 606 2085 Seu:
624 2025 672 2083 est
692 2015 746 2106 jus
771 2017 811 2084 ab
828 2015 1018 2084 bominibus
1038 2037 1098 2108 pro
1120 2038 1214 2085 com-

106 2145 120 2184 ι
138 2123 233 2191 modo
249 2123 388 2192 humani
402 2124 592 2194 commercii
606 2125 790 2192 inventum.
806 2124 874 2192 Etsi
888 2125 977 2192 enim
996 2124 1052 2214 jus
1066 2123 1213 2192 naturale

107 2255 121 2292 ι
140 2240 290 2321 suggerat
305 2234 436 2320 regulas
447 2255 514 2300 non
530 2255 650 2324 paucas
666 2231 847 2320 dirigendis
861 2234 1010 2320 gentium
1026 2230 1211 2300 commodis

107 2362 120 2398 ι
140 2338 310 2428 proficuas,
328 2338 393 2408 illae
406 2349 517 2409 tamen
530 2339 633 2408 nimis
648 2339 816 2428 generales
829 2347 918 2422 sunt,
934 2346 965 2406 et
979 2338 1055 2407 ideo
1071 2339 1113 2406 ab
1132 2338 1211 2428 ipsis

107 2472 120 2508 ι
140 2447 300 2536 gentibus,
321 2448 436 2516 saltem
460 2448 632 2516 communi
655 2471 719 2517 usu
734 2454 765 2514 et
781 2444 1015 2514 consuetudine
1032 2445 1140 2535 magis
1153 2445 1212 2512 de-

107 2579 119 2615 ι
141 2554 366 2640 terminandae,
385 2563 500 2624 mutua
522 2556 584 2624 sibi
610 2555 807 2646 obligatione
826 2553 994 2644 imposita,
1014 2574 1115 2644 aqua
1130 2554 1210 2622 alias

106 2685 120 2724 ι
141 2683 195 2751 por
209 2685 244 2730 se
258 2662 364 2731 forent
377 2663 502 2731 liberae.
517 2663 612 2732 Unde
684 2749 688 2778 Ι

144 2852 159 2890 ιι
180 2825 259 2894 Dico
272 2829 305 2892 2·
322 2853 329 2894 ι
348 2825 417 2894 blec
429 2825 484 2917 jus
498 2827 647 2916 gentium
662 2824 875 2918 distinguitur
888 2827 993 2918 ajnre
1010 2827 1162 2913 naturali,
1179 2838 1210 2896 et

107 2941 184 3000 aest
206 2933 309 3002 libero
336 2933 484 3022 gentium
511 2955 671 3003 consensu
703 2933 939 3002 introductum.
977 2933 1138 3003 Probatur
1168 2935 1209 3004 ab

106 3065 119 3102 ι
141 3040 321 3110 inductione
345 3062 461 3109 eorum
482 3063 556 3132 quae
574 3041 662 3133 juris
683 3042 832 3131 gentium
854 3063 922 3109 csse
943 3064 1019 3110 cum
1038 3043 1208 3110 communi

108 3148 305 3217 edoctorum
333 3170 429 3216 sensu
448 3146 609 3216 diximus.
634 3147 687 3218 Sic
700 3149 755 3240 jus
769 3147 985 3237 legationum,
1010 3149 1069 3216 etsi
1092 3149 1207 3238 iugen-

108 3265 202 3324 ‹stcm
218 3279 287 3347 pra.²
312 3279 346 3324 se
369 3256 450 3324 ferat
472 3256 658 3347 aequitatem
683 3255 878 3342 naturalem,
902 3264 1012 3324 tamen
1038 3256 1152 3325 stando
1174 3257 1206 3323 in

108 3364 303 3456 «principiis
325 3373 449 3433 naturae
480 3365 637 3454 potuisset
660 3363 816 3456 quaelibet
839 3387 919 3455 gens
943 3387 1054 3433 secum
1074 3365 1143 3433 sola
1158 3364 1207 3431 vi-

107 3497 120 3532 ι
140 3495 223 3560 vere,
240 3495 346 3565 neque
359 3495 418 3565 per
435 3473 558 3561 legatos
582 3495 658 3542 cum
685 3473 757 3542 aliis
779 3474 1034 3542 communicare.
1063 3473 1117 3544 Sic
1135 3473 1208 3542 licet

106 3605 119 3642 ι
140 3581 228 3650 valde
241 3582 437 3652 conveniens
451 3581 493 3650 sit
506 3580 632 3652 bellum
653 3582 795 3652 indicere
809 3605 868 3674 per
882 3581 1042 3670 semelem,
1058 3581 1162 3652 fontes
1176 3591 1207 3650 et

107 3713 120 3748 ι
140 3711 227 3758 arnse
247 3711 314 3759 non
334 3689 422 3758 infici
446 3711 584 3776 veneno,
609 3689 736 3758 hostem
762 3712 827 3759 non
843 3688 945 3760 occidi
961 3711 1018 3782 per
1038 3689 1205 3778 sicarium,

107 3823 120 3860 ι
140 3807 244 3868 tamen
260 3800 331 3872 baec
347 3799 493 3868 absolute
513 3802 692 3869 necessario
708 3823 775 3870 non
789 3815 877 3887 sunt,
891 3810 923 3869 et
936 3799 1051 3870 stando
1064 3800 1098 3869 in
1112 3802 1206 3893 prin-

105 3929 119 3969 ιι
139 3908 225 3998 cipiis
239 3918 365 3978 naturae
381 3907 506 3976 licitum
520 3915 569 3976 est
590 3910 625 3976 in
640 3909 725 3976 bello
736 3908 825 3999 justo
839 3907 992 3978 adbibere
1007 3909 1120 3978 omnia
1136 3933 1207 3978 rne-

106 4038 119 4074 «
139 4013 187 4082 dia
198 4039 273 4107 qnae
285 4016 434 4084 serviunt
446 4015 487 4085 cd
502 4015 718 4104 frangendam
728 4016 841 4102 bostis,
857 4016 909 4086 rel
921 4015 1032 4108 inique
1045 4015 1203 4088 damnum

106 4144 118 4179 ι
140 4120 303 4191 inferentis
320 4123 532 4214 proterviam,
557 4123 672 4192 saltem
689 4125 717 4191 si
739 4123 859 4215 injusta
872 4122 1094 4192 damnificatio
1113 4125 1206 4193 aliter

106 4230 202 4298 «sisti
233 4231 283 4299 vel
312 4232 414 4300 arceri
444 4241 595 4323 nequeat,
619 4231 717 4300 modo
749 4231 883 4324 perfidia
906 4251 970 4300 non
998 4231 1202 4302 interveniat.
