3068 4948
558 541 640 589 rums
663 541 812 590 caucana.
1181 521 1241 586 323

131 701 149 738 a
171 673 315 770 aliasque
334 700 447 748 omnes
469 690 535 750 tarn
559 683 726 772 generales
747 703 846 774 quarn
872 682 1025 774 speciales
1052 681 1243 774 apostolicas

131 809 147 846 a
170 783 404 856 beneficiorum
421 789 635 881 provisiones,
658 799 689 858 et
709 791 904 882 pensionum
927 812 1024 882 super
1039 791 1117 882 ipsis
1138 791 1243 882 impo-

131 919 149 956 a
172 894 315 964 sitiones.
342 921 359 960 r
385 897 542 988 (Riganti,
559 907 584 968 t.
610 899 637 986 1,
659 922 693 991 p.
718 901 762 990 8.)
781 899 871 969 Idem
890 900 987 968 tradit
1002 901 1116 970 citatus
1132 908 1245 968 auctor

125 1001 235 1091 quom
250 1002 400 1093 regiones
412 1027 486 1097 quse
505 1006 697 1076 dicebantur
712 1008 746 1076 lo
761 1011 882 1090 Bresse,
906 1012 1029 1100 Rupey,
1053 1008 1241 1100 Volromay‚

126 1115 158 1175 ct
174 1109 254 1178 Gen.
276 1110 324 1198 (T.
340 1112 382 1197 Il,
399 1135 431 1204 p.
450 1117 537 1200 111.)
557 1139 574 1178 a
589 1116 627 1182 ln
646 1115 759 1206 Belgio
773 1113 880 1184 locum
890 1115 987 1184 etiam
1002 1115 1064 1183 sibi
1078 1115 1244 1184 vindicant

128 1242 146 1279 a
171 1218 295 1307 regulae
307 1220 510 1289 cancellariae
575 1251 582 1302 ;
594 1221 870 1313 quemadmodum
880 1223 915 1291 in
926 1222 1245 1312 comitatuBurgun·

129 1349 146 1386 a
171 1323 247 1394 diae.
273 1325 336 1394 Sed
356 1327 444 1420 quod
464 1329 577 1398 attinet
592 1328 633 1397 ad
648 1329 815 1412 beneficia,
832 1331 868 1398 in
887 1331 1033 1416 bletcnsi,
1051 1329 1196 1398 Tullenei
1212 1336 1243 1396 et

130 1459 147 1496 ι
171 1431 373 1502 virdunensi
393 1435 579 1506 civitatibus
597 1457 775 1530 earumque
794 1437 966 1507 territoriis
980 1436 1199 1520 consistentia,
1215 1444 1246 1504 et

129 1566 146 1602 a
170 1547 264 1608 extra
273 1561 441 1611 romanam
452 1543 586 1612 Curiam
597 1545 756 1630 vacantia,
771 1543 920 1613 Clemens
931 1543 977 1612 IX
988 1541 1241 1612 LudovicoXIV

129 1675 146 1716 a
170 1649 308 1718 indulsit
322 1659 359 1720 ut
372 1652 412 1720 ad
429 1651 586 1721 beneficia
601 1653 736 1744 praelata
752 1653 852 1722 libere
866 1653 1036 1722 nominare
1052 1659 1159 1742 posset
1169 1673 1244 1720 cum

130 1785 147 1822 u
171 1758 338 1827 nonnullis
363 1767 468 1828 tamen
490 1761 740 1830 conditionibus.
767 1787 784 1825 o
808 1761 965 1852 (Riganti,
981 1769 1005 1827 t.
1023 1761 1051 1846 l,
1067 1781 1099 1851 p.
1117 1763 1148 1845 9,
1164 1758 1242 1826 edit.

124 1867 254 1952 Rarum,
286 1868 396 1958 1711.)
430 1869 594 1959 vigebant
621 1871 718 1938 etiam
746 1867 841 1937 dieta
871 1867 994 1958 regule
1016 1868 1051 1936 in
1081 1868 1243 1937 Comitatu

125 1976 361 2046 Avenionensi.

169 2083 328 2168 Quamvis
361 2095 468 2155 auten
493 2087 621 2156 dicatur
641 2087 770 2176 regulas
791 2086 991 2155 cancellariae
1014 2108 1078 2155 non
1103 2087 1245 2177 viguisse

123 2193 159 2259 in
190 2194 229 2260 iis
253 2195 399 2285 partibus
425 2194 538 2263 Gallia
560 2195 616 2263 ubi
645 2194 774 2284 vigebat
794 2193 1022 2262 concordatum
1041 2192 1242 2261 Franciscil

125 2326 200 2370 cunr
225 2303 333 2371 Leone
353 2303 397 2388 X,
423 2303 456 2371 id
480 2326 545 2373 non
567 2305 612 2372 ita
627 2301 874 2392 intelligendum
887 2311 946 2388 est,
964 2303 1056 2394 quasi
1067 2303 1121 2392 jus
1135 2303 1242 2394 ponti-

124 2409 236 2479 ficium
262 2413 294 2478 in
321 2411 479 2480 beneficia
501 2411 627 2480 nullum
643 2411 688 2480 ibi
704 2419 932 2502 agnosceretur
948 2419 1004 2479 ant
1024 2419 1239 2479 exerceretur.

123 2518 347 2588 Exercebatur
371 2519 426 2611 jus
452 2519 546 2605 illud,
574 2519 786 2610 nonquidem
807 2520 842 2586 in
867 2517 1020 2587 omnibus
1035 2518 1076 2586 ad
1092 2539 1240 2586 normam

124 2625 285 2694 dictarum
305 2625 507 2716 regularum,
536 2627 592 2695 sed
615 2628 710 2719 J'uxta
742 2635 868 2694 textum
895 2626 1090 2713 concordati,
1118 2626 1160 2694 ab
1186 2626 1242 2692 iis-

123 2733 199 2801 dem
222 2733 344 2824 regulis
367 2735 403 2801 in
418 2734 626 2826 quibusdam,
643 2755 708 2801 non
730 2734 764 2800 in
780 2734 943 2814 omnibus,
958 2733 1136 2802 diversum.
1156 2731 1239 2802 Nam
1314 2817 1316 2824 y

126 2845 160 2908 1⁰
185 2841 311 2912 collatio
343 2841 573 2911 beneficiorum
601 2841 748 2910 omnium
775 2841 960 2910 vacantium
989 2843 1022 2909 in
1056 2842 1156 2912 Curio
1181 2865 1239 2910 ro-

123 2973 226 3019 mano
256 2952 312 3042 (l),
346 2973 411 3019 non
438 2952 546 3018 minus
574 2973 615 3018 ex
639 2949 832 3019 concordata
854 2949 1019 3020 Francisci
1041 2953 1056 3018 1
1076 2973 1172 3042 quam
1197 2973 1239 3018 ex

122 3059 247 3149 regulis
262 3058 463 3128 cancellariae
480 3058 662 3150 pertinebat
675 3059 715 3127 ad
733 3058 866 3150 Papam.
885 3063 918 3126 2ο
933 3059 1006 3128 Non
1024 3060 1131 3128 minus
1144 3060 1241 3150 juxta

123 3167 247 3236 dictum
263 3167 493 3236 concordatum
509 3189 607 3258 quarn
631 3167 727 3258 juxta
739 3166 870 3256 regulas
885 3167 1098 3251 cancellarie,
1116 3177 1240 3259 poterat

122 3276 211 3368 Papa
235 3276 389 3345 beneficia
405 3275 552 3344 vacantia
567 3275 720 3366 quaelibet
737 3277 819 3367 jure
827 3275 1062 3365 prevectioris
1076 3276 1235 3346 conferre.

122 3383 172 3452 En
200 3391 325 3452 textum
354 3381 539 3452 concordati
566 3409 573 3449 ε
602 3381 809 3450 Declarontes
903 3385 1023 3454 Nocet
1048 3405 1237 3452 successores

120 3505 246 3562 nostros
265 3493 355 3584 juna
377 3491 611 3584 prevectioris
638 3491 824 3583 dignitates,
848 3504 1051 3582 personatus,
1076 3493 1237 3561 adminis-

122 3603 281 3671 arationes
296 3613 327 3669 et
340 3601 458 3693 officio,
477 3612 656 3690 sermoque
671 3600 823 3690 beneficia
838 3600 1048 3668 ecclesiastico
1064 3603 1236 3671 secularia

121 3725 152 3778 et
178 3708 367 3802 quorumvis
396 3705 552 3775 ordinum
580 3707 747 3797 repertorio
778 3707 930 3774 vocontio
952 3708 1049 3776 libere
1078 3712 1231 3800 conferre.

122 3818 234 3910 (Apud
260 3815 436 3886 Rebuffum
462 3816 602 3908 reperies
624 3823 749 3885 tentum
775 3815 958 3885 concordati
969 3839 1044 3884 cum
1068 3839 1235 3886 commen-

149 4113 183 4176 (1)
199 4110 299 4164 Dicitur
320 4110 475 4164 beneficium
495 4123 586 4162 vacere
603 4111 630 4162 in
650 4111 729 4161 storia
748 4126 854 4162 romana
869 4123 917 4162 sea
934 4111 1003 4178 apud
1014 4113 1118 4174 sedem,
1131 4116 1234 4178 quando

117 4201 300 4254 beneficiarius
315 4199 425 4249 moritur
442 4199 538 4259 Romae,
559 4195 600 4246 rel
615 4195 708 4245 amittit
721 4207 795 4244 suum
813 4193 968 4245 beneficium
988 4209 1035 4260 per
1047 4197 1159 4262 aliquem
1171 4213 1237 4264 pcn-

117 4284 204 4336 tilicise
220 4278 377 4332 auctoritatis
390 4281 484 4328 actum.
