3068 4948
570 469 651 516 sunu
673 469 822 516 canonici.
1188 447 1251 514 265

182 607 368 680 Pnorosrno
383 611 414 676 6.
431 645 476 662 -
491 608 637 678 Etiamsi
656 619 781 678 eertum
794 619 873 676 esset
886 606 968 676 otim
985 611 1149 676 Ronmnos
1162 610 1250 674 Poa-

138 717 240 838 tifices
252 739 381 786 earasse
394 739 455 785 sac
466 715 594 786 6166616
605 715 830 808 disciplinaris
839 713 1076 807 promulqari'
1062 736 1099 782 m
1108 713 1252 806 quatita

132 825 321 948 6666166616,
350 847 416 893 aaa
434 837 620 948 sequeretur
641 824 726 916 ipsos
746 836 912 916 reputasse
928 821 1144 892 neeessariam
1166 822 1252 890 16666

137 935 174 1002 in
193 935 330 1024 mapalis
346 934 526 1026 prosineiis
541 934 916 1026 promalpatc'onema-
872 932 1014 1001 -Nam
1038 931 1172 1000 minime
1199 953 1253 1000 re-

137 1051 265 1133 pugnat
291 1043 378 1134 ipsos
393 1043 438 1112 116
458 1043 561 1132 egisse
576 1065 617 1112 ex
634 1041 772 1110 utilitate
794 1050 921 1110 tantum
935 1048 967 1109 et
980 1041 1022 1109 ob
1037 1042 1252 1110 circumstan-

137 1150 200 1219 tias
228 1173 328 1242 supra
359 1150 546 1242 descriptas,
584 1173 658 1243 666
689 1148 905 1218 difficiliorem
937 1146 1115 1217 reddebant
1140 1147 1251 1238 legum

137 1257 378 1349 pontificiarum
400 1258 618 1328 authenticam
641 1257 905 1327 notificationem.
926 1257 1106 1325 Potuerunt
1132 1255 1253 1324 scilicet

138 1365 223 1436 velle
243 1367 396 1458 obligare
418 1369 588 1438 universos
613 1366 724 1436 fideles
752 1387 809 1458 per
832 1363 960 1434 decreta
984 1363 1099 1432 Roma
1124 1371 1251 1432 tantum

22 1491 23 1494 ’
139 1481 196 1543 661
215 1473 250 1541 in
271 1474 437 1567 aliquibus
458 1483 582 1544 tantum
603 1472 777 1567 provinciis
796 1471 1012 1564 promulgata,
1035 1481 1066 1540 61
1085 1471 1252 1540 nibilomi-

140 1605 203 1651 nus
227 1605 340 1652 curare
364 1592 399 1653 nt
422 1583 545 1677 ubique
568 1583 823 1677 publicarentur.
850 1579 978 1650 Nedum
994 1601 1063 1648 sese
1078 1577 1252 1647 excludant

139 1691 201 1758 ista
223 1691 302 1778 duo,
325 1700 451 1762 certum
466 1701 513 1762 est
530 1691 586 1760 1116
605 1689 812 1784 postmodum
827 1690 861 1758 in
877 1689 973 1781 praxi
989 1687 1099 1758 luisse.
1115 1687 1193 1756 Pius
1204 1687 1252 1756 IV
1280 1707 1282 1716 ·

139 1798 307 1868 mandavit
321 1799 472 1868 omnibus
495 1799 665 1892 Episcopis
677 1807 715 1867 ut
727 1805 879 1867 curarent
893 1796 1020 1866 decreta
1033 1795 1161 1865 concilii
1177 1794 1255 1864 Tri-.

139 1905 265 1974 dentini
285 1905 463 1996 observari,
476 1915 507 1976 61
522 1907 736 1976 nihilominus
751 1907 871 1974 interea
885 1903 1063 1994 assignavit
1080 1911 1144 1972 1666
1160 1923 1251 1970 men-

139 2039 190 2085 ses
212 2039 232 2085 a
252 2017 470 2109 publicatione
492 2041 559 2086 sure
575 2017 676 2086 bulla
691 2017 806 2086 Romae
821 2015 904 2083 iacta
916 2012 1163 2106 computandos,
1181 2021 1253 2104 post

139 2150 220 2220 quos
247 2129 422 2198 declaravit
448 2128 601 2221 predicta
627 2128 753 2198 decreta
779 2129 848 2199 1666
873 2129 1073 2220 obligatoria.
1099 2128 1194 2199 Unde
1220 2136 1253 2196 61
1367 2153 1371 2168 ¹

138 2236 330 2326 obligatoria
356 2237 459 2306 voluit
481 2259 550 2306 esse
574 2245 646 2329 post
668 2246 733 2306 1666
759 2259 884 2306 meuses
905 2235 1032 2305 decreta
1051 2234 1135 2323 hnc,
1158 2243 1189 2303 et
1204 2237 1251 2303 si·

140 2345 208 2412 mul
223 2345 279 2414 illa
292 2345 413 2438 ubique
424 2344 627 2437 promulgari
643 2343 822 2414 mandavit.

179 2453 363 2523 Psorosnno
388 2458 419 2522 7.
435 2493 480 2506 -
494 2455 586 2545 Erpa
612 2454 806 2544 6666611666
832 2452 983 2522 Ecclesia
996 2451 1251 2543 praececinisse

137 2558 286 2629 enceladi
309 2574 415 2652 potest
446 2563 615 2630 necessitas
630 2561 909 2652 promulqctioais
932 2561 1040 2651 lecum
1060 2559 1249 2652 pontificia-

137 2690 213 2736 rum
241 2668 277 2736 in
304 2669 440 2759 sinqnlis
464 2668 657 2762 6666166116.
674 2667 885 2759 -Seqnitur
909 2689 952 2736 ex
978 2666 1245 2760 praeeedentibus.

138 2775 219 2843 Nam
246 2777 277 2841 11
301 2785 425 2845 constat
450 2800 492 2846 ex
515 2777 735 2868 propositione
755 2775 869 2867 quinta
890 2776 1055 2845 Romanos
1077 2774 1248 2844 Pontifices

137 2882 214 2951 olim
238 2893 402 2975 reputasse
416 2886 607 2976 obligatoriis
625 2885 753 2954 decreta
768 2907 827 2952 sua
842 2885 875 2952 in
892 2883 1115 2976 provinciis-in
1130 2883 1249 2977 quibus

137 3013 202 3060 non
216 2991 300 3060 lacta
314 2993 420 3062 166661
432 2991 663 3085 promulgatio,
681 2991 777 3062 modo
790 2990 908 3061 1611166
920 2991 1032 3061 notitia
1045 2989 1248 3060 decretorum

137 3093 345 3192 pervenisset.
374 3106 407 3170 2⁰
430 3103 510 3173 Tota
528 3103 597 3172 haec
622 3102 733 3193 praxis
747 3102 893 3194 antiquae
916 3101 1068 3170 Ecclesia
1084 3099 1248 3192 66661666

134 3207 278 3276 consistit
303 3209 340 3276 in
366 3231 404 3278 66
425 3209 513 3300 quod
533 3209 738 3280 mitterentur
753 3209 919 3300 pontificia
935 3207 1062 3290 decreta
1073 3208 1247 3300 precipuis

134 3315 332 3406 quibusdam
354 3315 533 3409 Episcopis‚
559 3340 633 3386 cum
659 3317 811 3386 mandato
840 3317 896 3386 1116
920 3317 1035 3387 vicima
1063 3317 1246 3386 communi-

134 3421 240 3491 candi.
270 3422 372 3492 Porro
402 3424 458 3492 illa
486 3425 601 3517 praxis
631 3425 764 3494 minime
788 3425 897 3516 arguit
925 3424 1053 3494 decreta
1080 3424 1150 3492 baec
1179 3447 1246 3494 non

135 3529 234 3599 161666
256 3517 450 3621 obligatoriis
474 3532 538 3600 nisi
565 3553 623 3624 per
648 3531 819 3624 specialem
845 3533 879 3599 in
902 3553 1096 3625 unaquaque
1118 3531 1247 3602 dioeeesi

133 3638 450 3730 promulgationem
478 3640 533 3710 sed
560 3641 642 3710 bene
670 3649 755 3710 stare
781 3641 887 3732 potuit
917 3663 992 3708 eum
1023 3641 1186 3710 voluntate
1215 3648 1247 3710 et

134 3747 341 3837 persuasione
360 3750 534 3837 contraria,
559 3771 676 3842 nempe
696 3749 888 3840 obligatoria
907 3771 975 3817 esse
996 3749 1124 3819 decreta
1138 3749 1246 3819 statim

134 3879 170 3924 66
193 3858 481 3947 cognoscebantur.
504 3861 536 3928 31
559 3859 694 3928 Etiamsi
716 3860 750 3928 in
771 3860 905 3952 antiqua
926 3858 1067 3928 Ecclesia
1091 3868 1246 3930 statutum

134 3963 247 4032 1616661
264 3965 458 4054 generaliter
482 3989 549 4036 nou
573 3967 755 4058 obligatum
777 3968 848 4038 hese
875 3967 1001 4038 decreta
1023 3967 1087 4037 nisi
1115 3968 1149 4038 in
1175 3968 1245 4038 sin-

134 4070 219 4159 gulis
244 4071 420 4163 provinciis
440 4076 509 4165 jam
530 4075 748 4166 promulgata,
774 4099 841 4146 non
865 4083 1054 4170 sequeretur
1076 4076 1157 4147 illud
1179 4085 1246 4146 sta-

137 4187 241 4248 tutum
272 4201 338 4248 uon
364 4182 508 4273 potuisse
538 4183 656 4253 mutari
675 4207 694 4252 a
711 4183 924 4255 Pontificibus
946 4184 1243 4278 subseqnentibus:
