3022 4950
527 535 609 581 ruars
632 535 783 580 cauoarcr.
1173 513 1212 576 15

102 673 184 740 iacto
206 693 272 740 non
290 673 493 764 possidetur5
520 683 552 742 et
577 676 728 764 quamvis
753 674 851 742 bomo
878 674 968 760 sciat,
995 681 1065 740 tum
1091 693 1131 740 ex
1150 672 1213 740 fide

102 789 170 847 tum
185 781 281 848 etiam
302 802 345 848 ex
368 780 509 848 naturali
526 781 709 867 ratiocinio,
731 803 766 850 ae
788 803 854 850 non
876 801 969 871 posse
989 779 1137 848 invenire
1152 779 1214 846 nisi

103 887 136 953 in
162 889 228 956 Deo
255 887 488 956 beatitudinem
515 888 606 957 iilam
628 887 803 980 perfectam
830 886 871 956 ad
906 909 1004 979 quam
1033 887 1215 955 necessario

103 995 213 1082 tendit,
240 996 366 1076 interea
387 1003 496 1064 tamen
520 995 576 1064 iila
589 1006 687 1064 earet.
715 997 799 1064 Hine
822 1003 930 1064 autem
945 993 1104 1086 sequitur,
1121 993 1214 1062 illum

105 1125 166 1170 non
184 1103 370 1172 neeessitari
383 1103 425 1172 ad
449 1103 664 1195 quaerendum
682 1104 806 1174 bonum
826 1125 923 1172 snum
945 1103 1079 1194 plenum
1099 1103 1133 1170 in
1147 1104 1215 1170 Deo

106 1211 205 1300 potius
228 1233 328 1302 quam
351 1211 386 1278 iu
412 1211 510 1280 rebus
523 1213 650 1280 creatis.
679 1211 789 1280 Sancti
814 1219 965 1280 econtra
987 1210 1215 1301 quijamDeo

105 1339 244 1406 possesso
269 1318 439 1404 fruuntur,
463 1319 527 1410 ipsi
548 1328 705 1412 tanquam
729 1320 788 1388 iini
811 1318 927 1388 ultimo
954 1319 1137 1387 necessario
1157 1318 1216 1387 ad·

104 1423 235 1494 herent.
259 1427 464 1518 Impossibile
483 1427 571 1496 euim
591 1435 640 1496 eat
660 1427 787 1498 homini
805 1449 954 1518 quaerere
978 1426 1102 1495 bonum
1126 1428 1214 1519 quod

101 1533 163 1624 jam
176 1543 266 1602 tenet
281 1543 313 1602 et
334 1535 423 1626 quod
446 1535 541 1604 sentit
563 1557 597 1604 se
613 1535 778 1627 possidere
789 1562 798 1622 ;
817 1543 849 1604 et
870 1534 946 1603 inde
962 1534 1214 1627 impeccabilitate

103 1642 282 1728 beatorum,
299 1644 357 1734 qui
370 1650 482 1733 utpote
504 1643 586 1712 bene
608 1643 728 1713 conscii
754 1665 788 1712 se
803 1643 910 1712 Βειιιιι
923 1664 981 1711 aea
994 1642 1119 1711 bonum
1134 1643 1215 1710 inii-

103 1751 205 1820 nitum
234 1751 416 1843 possidere,
449 1761 617 1844 nequeant
652 1753 776 1822 bonum
808 1751 891 1820 illud
928 1751 1094 1820 infinitum
1123 1759 1216 1822 extra

104 1860 203 1930 [kam
220 1883 382 1952 qnaerere;
409 1860 496 1930 unde
517 1862 558 1929 ab
578 1861 719 1931 amando
732 1863 800 1929 Deo
815 1869 971 1953 tanquam
986 1862 1072 1930 bono
1086 1883 1215 1930 summo

101 1967 163 2056 jam
187 1977 355 2060 nequeunt
376 1967 524 2037 deiicere.
550 1970 588 2037 in
609 1968 764 2060 praesenti
786 1977 895 2038 autem
912 1969 980 2039 vita
994 1977 1140 2039 remanet
1153 1969 1215 2038 ho-

105 2075 181 2144 mini
196 2077 329 2146 libertae
343 2077 468 2146 bonnm
482 2099 579 2146 suum
596 2078 730 2169 plenum
753 2078 923 2170 quaerendi
938 2079 991 2148 vel
1006 2079 1040 2148 in
1062 2081 1142 2168 Deo,
1163 2081 1215 2149 vei

103 2185 132 2250 in
165 2185 309 2277 quadam
346 2184 515 2254 finitorum
543 2187 705 2258 bonorum
738 2211 877 2257 summa.
919 2189 984 2256 iata
1019 2209 1099 2258 vero
1129 2189 1215 2258 bona

103 2304 218 2382 ereata,
241 2303 350 2386 utpote
377 2295 549 2386 praesentia
571 2305 603 2364 et
631 2298 813 2385 sensibilia,
838 2297 980 2366 bominis
1003 2297 1213 2366 attentionem

102 2401 309 2471 vehementer
322 2413 499 2494 oeonpant;
528 2411 697 2496 potestque
717 2404 816 2476 bomo
836 2405 1023 2474 abstrahere
1046 2406 1086 2473 ab
1100 2427 1214 2474 eorum

102 2509 270 2598 limitibus,
286 2520 318 2580 et
339 2512 384 2580 ita
399 2535 581 2605 supponere
607 2517 784 2604 attingere
806 2514 853 2582 ibi
868 2515 980 2583 adesse
1001 2516 1124 2583 bonum
1146 2516 1215 2606 ple-

103 2641 181 2688 num
205 2620 294 2712 quod
316 2621 495 2690 necessario
518 2622 657 2713 qnaerit3
683 2624 781 2692 etsie
804 2629 911 2715 potest
934 2623 1084 2692 recedere
1105 2646 1124 2692 a
1147 2623 1215 2692 Deo

103 2737 255 2821 tanquam
271 2729 335 2798 fine
349 2730 480 2817 ultimo,
496 2739 528 2799 et
541 2730 582 2800 ad
595 2733 771 2824 particulas
782 2732 854 2801 illas
869 2735 1031 2804 bonorum
1046 2733 1214 2803 finitorum

103 2844 254 2928 tanquam
284 2837 324 2906 ad
351 2837 449 2906 finem
475 2839 630 2907 ultimum
657 2863 726 2909 aeae
756 2850 969 2928 convertere,
1001 2863 1119 2932 eaeque
1147 2843 1214 2910 Deo

103 2943 275 3035 aliquando
288 2944 483 3036 possidendo
497 2945 678 3033 anteferre;
694 2948 815 3017 atinde
834 2949 868 3016 in
884 2949 1038 3040 presenti
1054 2948 1120 3018 vita
1135 2971 1214 3041 pee-

104 3050 260 3138 cabilitas,
276 3061 463 3122 remanente
478 3053 597 3122 seilicet
609 3055 756 3124 libertate
771 3056 876 3124 Deum
888 3079 956 3125 non
969 3053 1102 3124 amandi
1117 3079 1215 3148 super

105 3159 222 3246 omnia,
247 3167 279 3226 et
304 3159 404 3242 tinem
428 3160 581 3230 ultimum
607 3183 666 3230 sen
692 3161 816 3232 bonnm
842 3163 977 3253 pienum
992 3171 1086 3232 extra
1106 3163 1214 3252 ipsum

106 3267 283 3356 quaerendi.

608 3530 628 3621 a
650 3530 705 3598 ιιι.

105 3739 228 3790 incumbit
243 3739 343 3789 homini
360 3736 463 3802 proprie
481 3737 550 3786 dieta
566 3735 690 3800 obligatio
706 3735 832 3786 tendendi
849 3734 880 3784 ad
898 3733 979 3786 Deum
996 3741 1117 3801 tanquam
1134 3739 1212 3790 tinem

593 3825 721 3876 ultimum.

142 4037 301 4106 Probatur
317 4041 347 4102 i⁰
356 4057 397 4103 ea
412 4034 520 4103 verbis
534 4033 670 4117 Christi,
681 4031 795 4122 dilipes
804 4033 986 4102 Dominum
998 4037 1103 4102 Deum
1116 4049 1210 4105 turrem

104 4163 140 4206 eur
153 4142 328 4211 totocorde
342 4154 439 4210 tuo...
458 4141 518 4208 boc
533 4153 579 4208 est
586 4139 739 4230 primum
752 4151 782 4206 et
796 4137 983 4208 maximum
998 4141 1207 4212 mandatum.

107 4248 209 4318 Verba
238 4249 294 4318 illa
324 4251 514 4340 exprimunt
547 4247 776 4336 obligationem
814 4249 919 4316 Deum
952 4249 1084 4318 amandi
1116 4275 1212 4344 super
