3048 4954
505 505 588 554 runis
610 507 764 554 canonici.
1129 481 1190 547 tta

90 673 102 708 u
121 645 171 714 n'a
195 669 253 738 pas
278 643 336 714 lait
351 645 485 714 obanter
511 649 530 714 d
554 655 634 716 cette
651 647 800 714 occasion
819 645 849 712 le
867 647 908 713 re
921 647 1061 712 Douma
1082 642 1194 711 Saint-

90 783 103 818 «ι
121 755 241 823 Pierre.
260 755 286 823 11
307 755 377 824 lant
393 756 475 848 qu'il
497 757 558 825 soit
572 779 718 848 parvenu
733 764 936 847 auparevant
950 758 970 821 b
985 753 1192 843 regulariser,

88 863 248 932 «suivant
271 863 317 932 les
343 863 463 932 formes
478 863 519 932 de
546 886 581 931 ce
601 885 695 955 pays,
719 885 834 954 caque
851 884 932 930 vous
951 881 1029 930 avez
1050 860 1194 929 leit...li

88 995 102 1032 c
121 970 186 1040 lant
201 971 315 1039 luisset
329 971 468 1040 urbevet
482 971 641 1040 l’examen
661 969 739 1039 dont
755 993 797 1038 on
813 969 1001 1061 s’oceupe...
1013 995 1029 1034 u
1048 967 1193 1061 (Episto-

84 1078 138 1144 lan
167 1079 329 1168 integram
357 1080 499 1170 reperies
525 1077 610 1171 apud
637 1077 778 1164 Artaud,
801 1076 943 1146 Histoire
967 1075 1007 1144 dc
1033 1077 1092 1144 Pie
1121 1078 1190 1157 Vll,

22 1191 23 1196 ’
82 1184 217 1277 chapitre
233 1209 306 1272 xxi,
322 1195 408 1256 tome
422 1187 449 1272 I,
468 1209 551 1278 page
566 1189 643 1269 278,
661 1184 782 1253 e'dition
797 1182 838 1252 de
852 1183 956 1270 Paris,
977 1183 1087 1272 1⁸37.)

120 1295 334 1365 Docunenrou
349 1296 390 1364 ll.
407 1334 451 1347 —
464 1294 664 1364 Protestatio
678 1294 733 1363 Pii
754 1295 812 1362 Vll
824 1305 937 1362 contro
953 1293 1124 1383 orqonicos
1135 1316 1191 1361 or-

22 1449 23 1454 1
83 1403 199 1484 titulos,
213 1403 249 1470 in
258 1403 456 1472 allocutione
470 1402 688 1472 consistoriali
704 1401 771 1470 dici
782 1406 822 1469 24
835 1401 920 1469 mcii
932 1403 1027 1470 18⁰2.
1040 1440 1084 1454 -
1097 1401 1195 1472 Extat

22 1495 23 1506 ³
83 1509 111 1576 in
122 1519 255 1578 extenso
270 1511 423 1579 allocutio
439 1511 528 1598 baec,
546 1510 639 1601 cujus
657 1508 789 1577 initium
803 1518 851 1577 est
868 1511 978 1592 Qrmm
993 1509 1188 1596 luctuosam,

83 1617 110 1682 in
124 1617 269 1686 Bullario
296 1618 445 1688 Romano
464 1617 670 1702 continuato,
690 1626 779 1686 tomo
792 1616 858 1704 Xl,
881 1619 999 1710 pagina
1026 1623 1106 1699 335,
1130 1620 1192 1688 sub

83 1747 209 1796 numero
229 1731 306 1796 131.
331 1729 367 1796 ln
391 1751 456 1819 que
472 1725 666 1796 allocutione
690 1725 769 1794 Pius
795 1724 871 1813 Vll,
901 1735 1072 1819 postquam
1093 1751 1189 1796 auum

82 1857 114 1902 ex
139 1836 325 1905 concordati
357 1835 577 1928 publicatione
614 1832 772 1924 gaudium
803 1836 975 1927 expressit,
1008 1836 1054 1904 sic
1081 1860 1190 1928 prose-

82 1945 203 2034 quitur:

22 2143 23 2146 Ἴ
120 2081 135 2118 c
159 2055 257 2123 Haud
277 2055 321 2122 ita
343 2063 451 2122 tamen
463 2071 480 2140 ,“
495 2055 694 2124 venerabiles
714 2055 851 2141 fratres,
869 2054 991 2145 gaudio
1013 2054 1191 2146 laetitiaque

84 2187 96 2222 c
117 2161 367 2252 perfundimur,
392 2169 429 2230 ut
443 2161 529 2230 nibil
542 2162 643 2231 Nobis
659 2173 734 2231 ante
749 2162 860 2231 oculos
876 2162 1085 2249 obversetur,
1103 2168 1192 2254 quod

85 2295 98 2330 c
117 2269 367 2338 sollicitudinem
392 2277 535 2339 nostram
559 2293 624 2340 non
638 2270 767 2352 excitet,
786 2293 945 2362 curasque
959 2279 1085 2340 nostras
1103 2273 1189 2364 (quse

83 2405 96 2438 u
116 2388 191 2446 sunt
219 2381 366 2448 muneris
389 2380 492 2448 nostri
513 2381 631 2472 partes)
651 2403 716 2450 non
733 2389 897 2474 exposcat.
914 2382 987 2462 Qua
1002 2390 1109 2450 tamen
1124 2382 1190 2450 sol-

22 2483 23 2490 '
84 2511 96 2545 a
116 2487 283 2556 licitudine
306 2487 374 2557 Nos
394 2487 525 2556 liberari
556 2489 751 2557 confidimus
777 2511 834 2581 per
855 2489 1046 2581 sapientiam
1062 2513 1099 2558 ac
1113 2489 1190 2558 reli—

22 2629 23 2634 *
84 2621 97 2654 c
117 2597 246 2684 gionem
267 2598 316 2690 pri
323 2597 366 2666 mi
382 2598 546 2684 conscilia,
563 2599 767 2690 nationisque
783 2598 975 2688 gallicanae,
997 2623 1072 2690 quoe
1088 2609 1117 2667 et
1130 2623 1189 2694 op·
1242 2622 1248 2634 ·

22 2771 23 2794 ,
84 2703 193 2771 atinae
223 2711 269 2774 tot
294 2705 489 2774 saecrrlorum
515 2707 620 2797 spatio
649 2705 689 2775 de
716 2705 873 2775 catholica
895 2706 1053 2796 religione
1075 2709 1192 2777 merita

22 2803 24 2870 l
84 2820 180 2898 rest,
205 2823 237 2880 et
259 2835 328 2882 eam
346 2837 434 2882 nunc
456 2814 563 2883 denuo
588 2815 621 2882 in
648 2815 762 2885 Galliae
794 2817 869 2884 sinu
891 2816 1070 2885 restitutam
1102 2827 1190 2888 tanta

22 2911 23 2926 ³
82 2919 278 2990 «alacritate
313 2923 547 3015 complectitur.
583 2921 753 3014 Siquidem
792 2921 1085 2994 animadvertimus
1124 2951 1189 2996 una

84 3051 96 3086 r
116 3049 187 3095 cum
214 3029 350 3120 praelata
367 3030 581 3098 conventione
600 3038 711 3098 nostra
735 3029 908 3097 nonnullos
932 3031 1014 3098 ulios
1033 3033 1190 3102 articulos

83 3161 96 3194 e
117 3136 243 3225 iqnotos
263 3137 375 3219 Nota,
394 3138 627 3229 promulqctos
646 3160 730 3218 essc,·
744 3160 829 3228 quos
850 3139 992 3228 oestr'yiis
1008 3141 1188 3232 predeces-

22 3287 23 3296 κ
83 3269 95 3302 e
116 3267 225 3314 soriam
240 3259 428 3316 nostrorum
444 3247 648 3323 inherentes,
666 3246 760 3314 huod
770 3269 945 3338 postremus
961 3271 1025 3316 non
1042 3264 1188 3340 expetere

83 3379 95 3412 c
116 3365 154 3420 ut
171 3367 373 3446 opportunas
390 3378 430 3423 uc
447 3355 640 3424 necessarius
660 3352 918 3424 modificationes
936 3379 976 3423 oc
989 3359 1188 3426 mutationes

83 3484 94 3516 o
116 3462 290 3554 occipiunt.
314 3462 380 3531 Nos
398 3471 483 3531 certe
499 3462 604 3530 officia
623 3471 732 3531 nostra
751 3462 837 3554 apud
861 3465 1004 3554 primum
1021 3467 1186 3535 consulem

81 3593 94 3626 c
116 3570 203 3636 ouini
217 3571 326 3638 studio
338 3569 583 3655 adhibebimus,
602 3579 637 3636 ut
652 3571 694 3638 ab
712 3569 782 3661 ejus
803 3569 959 3661 religione
976 3572 1008 3639 id
1025 3573 1188 3642 tribuatur

81 3677 226 3746 «Nobis.
256 3679 382 3748 Etenim
409 3679 606 3770 guberniuni
631 3679 844 3768 gallicanum,
870 3679 905 3746 in
930 3679 1088 3749 catholica
1111 3682 1189 3750 rali-

82 3812 95 3847 ι
114 3786 209 3874 gionc
233 3787 446 3874 restituenda,
460 3788 507 3855 .in
521 3787 591 3879 ejus
605 3787 772 3856 sanctitate
792 3795 889 3879 atque
912 3788 1048 3856 utilitate
1062 3812 1185 3879 agnos-

81 3895 231 3980 ruenda,
256 3894 341 3961 nolle
366 3915 431 3961 non
451 3901 571 3985 potest,
600 3903 635 3961 ut
666 3917 703 3962 ea
736 3917 811 3984 qua>
838 3895 995 3963 restitutae
1017 3896 1186 3985 religionis

82 4001 315 4070 «sanctissima
338 4001 525 4070 constitutio
550 4001 694 4093 exposcit
722 4002 908 4072 executioni
934 4001 1184 4092 demandentur,

83 4133 96 4168 a
116 4119 210 4200 atque
228 4109 339 4180 omnia
357 4108 504 4178 camilla
518 4109 653 4178 salutari
674 4107 847 4201 discipline
867 4110 962 4202 plene
983 4114 1186 4182 consentiant

85 4239 98 4278 c
117 4239 189 4306 quoe
202 4217 244 4284 ab
257 4217 401 4286 ecclesiae
418 4217 545 4306 legibus
558 4225 606 4286 est
619 4215 770 4284 stabilita.
796 4244 813 4284 u

1009 4339 1028 4398 8
