3068 4948
558 527 641 576 sarrs
663 520 818 576 cruenter:
1025 496 1028 507 ’
1180 507 1242 574 269

136 694 152 735 r
175 669 236 738 rita
254 669 338 738 lacta
355 677 414 738 est.
438 669 592 764 Idemque
607 672 730 739 servari
745 671 780 739 in
802 669 923 761 regulis
941 665 1140 738 cancellarie
1157 677 1246 738 notet

135 803 151 842 a
175 777 338 846 Antonius
356 778 487 847 Gomez.
512 779 675 848 Praeterce
694 778 798 848 multa
816 786 893 846 sunt
913 777 1040 846 decreta
1053 777 1087 846 in
1101 776 1175 869 jure
1190 799 1245 846 ca-

136 913 152 950 «
175 887 293 955 nonico
313 909 388 977 quae
408 909 578 979 nunqnam
602 887 737 956 fuerunt
750 884 956 977 promulgata
968 885 1003 952 in
1015 885 1154 976 singolis
1169 909 1245 979 pro-

137 1021 152 1056 «
174 993 304 1081 vinciis,
322 994 378 1064 sed
396 1001 524 1064 tantum
540 995 697 1064 Romae...
721 992 846 1062 Deinde
870 992 973 1061 multa
993 1000 1070 1061 sunt
1091 995 1247 1088 rescripta

136 1127 153 1167 c
175 1100 383 1190 Pontificum,
412 1101 464 1170 vel
491 1101 605 1188 balle,
638 1109 695 1170 aut
721 1108 828 1169 motus
847 1100 984 1192 proprii,
1006 1101 1063 1191 qui
1084 1123 1149 1170 non
1170 1113 1246 1172 sunt

137 1237 153 1274 «
175 1210 289 1279 inserti
314 1211 350 1278 in
371 1213 537 1280 communi
555 1211 630 1303 jure
649 1210 816 1298 canonico,
841 1209 1100 1279 etnihilominns
1113 1233 1247 1280 censen·

138 1345 154 1384 u
177 1326 233 1387 tur
257 1319 403 1409 obligare
422 1342 480 1410 per
493 1318 594 1388 solam
611 1319 862 1410 publicationem
876 1318 990 1387 Rome
1006 1315 1135 1386 factam.
1152 1319 1247 1401 Quod

139 1453 155 1493 ι(
178 1428 275 1497 etiam
292 1427 328 1494 in
342 1427 434 1496 bulla
446 1427 557 1496 Goenae
572 1427 683 1496 videre
702 1428 777 1496 licet
796 1453 802 1494 :
819 1424 1050 1495 universaliter
1064 1426 1150 1495 enim
1165 1427 1247 1496 obli-

99 1607 104 1623 !
138 1562 154 1600 a
178 1543 245 1626 gat,
260 1557 335 1603 cnm
350 1541 458 1603 tamen
473 1557 549 1603 raro
562 1535 597 1604 in
612 1534 752 1626 singulis
765 1533 1006 1626 episcopatibus
1020 1535 1244 1626 publicetur.»

140 1644 199 1724 [De
223 1642 373 1734 Lepidus,
390 1641 413 1710 1.
432 1642 493 1728 IV,
511 1666 540 1711 c.
563 1646 616 1728 14,
635 1665 669 1710 n.
692 1641 737 1732 c.)
759 1641 809 1709 Ex
825 1640 885 1710 bac
900 1650 1008 1710 autem
1028 1643 1123 1733 praxi
1139 1643 1248 1712 Curiae

135 1772 280 1819 romana.
302 1750 350 1817 sic
370 1749 464 1839 argui
480 1756 583 1840 potest
602 1776 610 1816 ε
628 1749 680 1818 Ad
695 1748 813 1818 Sedem
828 1769 996 1817 romanam
1010 1750 1149 1840 pertinet
1171 1773 1250 1820 con-

135 1857 310 1928 troversias
337 1879 398 1948 pro
425 1856 580 1926 universa
607 1855 749 1926 Ecclesia
775 1856 948 1936 dirimere;
979 1878 1058 1946 ergo
1087 1865 1119 1925 et
1143 1859 1250 1950 quoad

137 1963 390 2034 controversiam
419 1963 504 2032 bane
532 1965 584 2052 (an
615 1964 734 2032 scilicet
759 1964 938 2034 necessaria
965 1964 1007 2030 sit
1032 1949 1250 2056 promulgatio

137 2073 171 2140 in
199 2070 404 2163 provinciis),
424 2071 465 2138 ad
492 2071 635 2140 tribunal
658 2093 832 2140 romanum
855 2068 986 2161 quando
1014 2071 1159 2140 orientur
1178 2073 1250 2141 lites

139 2190 194 2250 eut
213 2180 313 2250 dubia
333 2182 472 2272 prae'tica
486 2180 721 2250 recurrendum
740 2182 813 2268 erit,
830 2187 861 2246 et
876 2179 978 2271 ipsius
993 2179 1146 2249 decisioni
1161 2189 1251 2250 stnn-
1302 2266 1305 2271 Ι

140 2291 235 2376 dum;
253 2290 310 2360 sed
323 2300 447 2360 certum
463 2299 523 2380 est,
536 2316 578 2361 ex
594 2315 692 2384 snpra
705 2291 842 2380 allegata
857 2311 1002 2358 romanoe
1018 2290 1127 2359 Curiae
1142 2293 1250 2382 praxi,

141 2397 335 2468 decisionem
368 2399 437 2466 fore
469 2421 596 2491 semper
632 2399 795 2490 systemati
841 2396 999 2486 gallicano
1038 2398 1249 2484 contrariam;

141 2528 219 2595 ergo
240 2506 379 2597 practice
405 2506 473 2597 jam
498 2507 597 2574 Sedes
624 2528 760 2574 romana
782 2504 900 2572 falsum
927 2511 1068 2594 systema
1089 2504 1171 2574 illud
1197 2505 1253 2573 de-

142 2612 253 2701 claret,
269 2613 374 2703 rejicit
387 2635 424 2682 ac
438 2614 599 2704 reprobet.

655 2865 741 2962 sv-
855 2803 860 2816 ’

307 3055 443 3116 Quomodo
458 3053 529 3107 verte
545 3055 650 3107 decreto
663 3055 796 3120 pontificia
815 3055 972 3122 promulgari
988 3057 1096 3109 soleant.

194 3270 324 3339 «Nihil
350 3268 437 3361 apud
467 3267 620 3362 pristinos
649 3270 875 3342 ecclesiasticos
901 3280 1047 3341 auctores
1072 3272 1193 3362 legitur
1219 3271 1259 3344 de

152 3405 168 3444 c
191 3379 320 3470 speciali
342 3379 451 3470 aliqua
470 3377 699 3468 publicationis
717 3377 823 3447 forma
840 3401 939 3470 qnam
963 3380 1090 3448 romani
1108 3380 1260 3472 Episcopi

152 3512 169 3551 «
191 3487 225 3554 in
240 3485 488 3578 promulgandis
504 3487 572 3555 suis
590 3486 726 3555 decretis
742 3487 913 3555 servarint.
930 3488 1002 3568 Quo
1023 3509 1101 3555 vero
1116 3494 1261 3580 tempore

153 3619 169 3658 a
192 3594 333 3663 Ecclesia
356 3595 504 3664 Romana
530 3595 663 3685 coeparit
691 3595 837 3685 specialis
862 3594 1090 3684 publicationis
1120 3595 1260 3665 formam
1327 3589 1331 3600 '

153 3727 171 3766 a
194 3701 289 3771 hodie
309 3703 458 3770 usitatam
486 3723 649 3770 assumere
669 3703 829 3770 incertum
851 3709 909 3768 est.
935 3701 1005 3770 Hoc
1019 3710 1155 3791 constet,
1175 3703 1261 3794 quod
1308 3767 1311 3774 r

154 3810 323 3879 cundem
357 3809 532 3878 invaluerit
568 3809 798 3901 publicationis
830 3809 946 3876 modus
984 3832 1042 3900 per
1076 3810 1261 3879 affixionem

155 3918 397 3986 «decretorum
430 3939 488 3985 seu
524 3917 688 3986 bullarum
724 3918 758 3984 in
786 3916 867 3986 locis
899 3917 1093 4009 quibusdam
1123 3919 1263 4010 publicis

155 4026 285 4094 «urbis
313 4027 439 4094 Remea.
467 4026 603 4094 Decreta
630 4027 752 4117 quippe
782 4048 915 4094 romano
940 4027 1008 4096 sive
1034 4027 1219 4095 immediate
1245 4053 1264 4095 a

155 4163 172 4202 c
194 4133 362 4222 Pontifice,
384 4137 453 4204 sive
472 4159 492 4204 c
512 4135 817 4225 congregationibus
835 4137 1047 4209 cardinalium
1075 4137 1109 4204 in
1131 4135 1263 4205 modum

156 4271 172 4310 c
195 4244 275 4334 legis
296 4255 461 4334 concepta,
482 4265 679 4313 consuevere
693 4265 751 4334 per
771 4266 935 4313 cursorem
951 4243 1162 4336 apostolicum
1176 4243 1266 4334 affigi
