3068 4948
336 513 397 576 aaa}
688 525 862 572 rnrcruros
885 525 923 572 nr
945 523 1101 572 terrenus

335 660 562 764 promulgent.¹
585 665 678 750 Quod
717 667 795 735 utile
833 666 977 757 protecto
1011 675 1078 751 est,
1108 672 1178 732 tom
1217 661 1257 730 ad
1294 661 1453 753 majorem

335 799 466 847 reorum
490 773 727 858 confusionem,
743 781 813 842 tum
835 781 871 842 ut
894 774 1003 842 caeteri
1027 772 1130 862 magis
1144 794 1164 838 a
1178 769 1297 838 talibus
1317 790 1454 838 excom-

335 883 511 953 municatis
525 882 735 968 abhorreant,
752 903 872 972 eosque
894 879 1082 971 diligentius
1096 877 1253 965 devitent,
1268 885 1337 946 tum
1351 877 1455 944 etiam

334 1001 370 1062 ut
399 989 617 1083 ignorantiam
651 988 922 1081 praetendentium
953 987 1038 1057 mala
1066 986 1147 1056 fides
1181 983 1301 1054 clarius
1327 992 1453 1077 pateat.

332 1103 412 1171 Item
433 1099 498 1167 Leo
513 1097 545 1165 X
563 1096 696 1189 quando
716 1095 897 1165 Lntherum
919 1103 950 1164 et
971 1117 1122 1188 sequaces
1140 1091 1455 1178 excommunicavit,

332 1213 406 1280 licet
434 1209 645 1279 declaraverit
671 1216 704 1275 et
724 1207 866 1276 voluerit
890 1206 1016 1276 bullam
1046 1207 1272 1298 obligatoriam
1294 1228 1362 1274 esse
1394 1228 1457 1298 per

332 1319 434 1388 solam
450 1318 564 1386 Romae
580 1315 660 1384 etin
677 1314 805 1384 duabus
827 1314 1032 1383 Alemanniae
1055 1315 1197 1384 ecclesiis
1213 1313 1456 1406 promulgatio-

331 1449 420 1513 nem,
439 1424 654 1493 nihilominos
674 1423 843 1492 mandavit
863 1423 1049 1516 imperatori
1074 1423 1170 1494 Carlo
1184 1423 1228 1509 V,
1246 1431 1283 1491 ut
1300 1421 1457 1491 eamdem

330 1535 454 1604 bullam
483 1532 644 1624 publicari
677 1541 806 1601 curaret
833 1533 868 1600 in
895 1522 965 1602 'toto
990 1533 1129 1624 imperio
1156 1540 1189 1600 et
1217 1532 1252 1598 in
1279 1530 1452 1599 Flandria.

330 1643 418 1732 Ergo
434 1641 545 1734 praxis
558 1641 748 1732 publicandi
768 1642 801 1710 in
825 1642 1005 1734 provinciis
1021 1640 1209 1733 hujusmodi
1224 1639 1402 1709 sententias
1419 1641 1455 1708 in

328 1750 462 1841 antiqua
485 1747 627 1816 Ecclesia
650 1747 776 1837 vigens,
800 1748 834 1815 in
856 1747 1089 1818 recentioribus
1112 1741 1314 1839 temporibus
1337 1769 1454 1838 perse-

331 1858 469 1926 veravit.

290 1983 292 1988 ·
374 1965 561 2034 Pnorosrrro
577 1967 610 2031 2.
629 2001 672 2016 -
687 1966 742 2031 En
758 1986 794 2030 co
808 1963 899 2055 quod
912 1964 954 2031 ab
974 1964 1114 2056 antipae
1132 1963 1277 2032 Ecclesia
1294 1975 1453 2032 miratum

328 2075 371 2141 sit
378 2073 593 2165 promulpari
602 2073 822 2162 inprooiocd's
831 2072 1011 2164 praedictas
1025 2073 1213 2155 sententias,
1229 2073 1454 2165 consequitur

328 2182 414 2250 hanc
437 2179 743 2273 promulgationem
761 2181 805 2260 ,io
831 2180 1012 2271 prouinciis
1046 2193 1209 2272 tanquam
1235 2181 1453 2249 necessariam

328 2292 370 2361 ab
385 2315 423 2359 ea
440 2303 629 2384 reputatam
642 2292 752 2381 faisse.
767 2329 811 2342 —
822 2291 875 2359 Ab
891 2300 965 2360 actu
979 2291 1019 2359 ad
1036 2315 1130 2383 posse
1145 2291 1231 2360 valet
1246 2294 1433 2362 consecutio
1439 2321 1448 2378 ;

328 2400 418 2491 atqui
436 2399 631 2468 recentiores
654 2397 842 2483 Pontifices,
861 2397 934 2466 licet
954 2399 1090 2468 minime
1113 2400 1326 2467 necessariam
1349 2421 1452 2490 repu-

329 2507 468 2576 taverint
482 2513 513 2574 et
527 2505 761 2575 declaraverint
782 2505 865 2574 hanc
884 2507 918 2573 in
943 2505 1120 2598 provinciis
1138 2506 1450 2598 promulgationem,

328 2623 436 2682 mmen
452 2621 585 2705 propter
599 2613 769 2684 utilitatem
786 2636 873 2705 saepe
895 2614 987 2682 illam
1007 2613 1079 2682 fieri
1099 2616 1352 2703 mandaverunt;
1369 2637 1452 2706 ergo

326 2745 393 2790 nou
422 2721 621 2814 impossibile
651 2721 715 2790 fuit
747 2723 949 2822 antiquiores
979 2721 1170 2812 Pontifices,
1197 2722 1272 2790 licet
1299 2722 1451 2792 eamdem

232 2855 234 2862 ’
326 2828 587 2920 procuraverint,
616 2828 706 2896 illam
739 2838 905 2921 reputasse
932 2838 1089 2921 tanquam
1111 2829 1225 2899 utilem
1253 2837 1396 2918 tentum,
1421 2840 1453 2901 et

328 2959 395 3005 non
417 2944 573 3027 tanquam
597 2957 638 3004 ex
661 2947 779 3004 natura
801 2937 849 3005 rei
871 2939 1097 3006 neeessariam.
1122 2937 1202 3006 Haec
1224 2938 1346 3006 scilicet
1369 2938 1449 3028 duo,

326 3045 415 3137 quod
441 3066 507 3113 non
535 3044 759 3136 reputaverint
787 3044 870 3113 hanc
894 3045 1191 3137 promulgationem
1219 3048 1448 3136 necessariam,

326 3161 358 3220 et
379 3150 467 3244 quod
494 3159 601 3219 tamen
627 3151 717 3219 illam
739 3153 983 3243 usurpaverint,
1006 3154 1140 3222 minime
1162 3175 1231 3221 sese
1255 3153 1449 3224 excludunt.

329 3261 502 3346 Praeterea,
521 3281 564 3327 ex
588 3258 839 3327 accidentalibus
863 3261 1114 3329 circumstantiis
1140 3261 1174 3328 in
1198 3262 1319 3352 quibus
1335 3285 1453 3333 versa-

328 3369 448 3436 bantur
459 3366 561 3457 aliqui
572 3367 713 3434 Romani
723 3367 910 3454 Pontifices,
921 3367 1087 3436 difficilius
1098 3368 1269 3459 aliquoties
1280 3374 1449 3440 sententiae

329 3475 670 3545 excommunicatoria
694 3475 809 3543 Romae
833 3484 960 3544 tantum
987 3476 1172 3566 publicatae,
1200 3476 1234 3545 in
1260 3478 1450 3571 longinquis

330 3583 519 3674 regionibus
535 3583 592 3652 ubi
608 3583 656 3651 rei
671 3582 830 3673 degebant
843 3594 875 3652 et
895 3585 951 3652 ubi
970 3585 1216 3676 impediendum
1232 3594 1301 3656 erat
1317 3590 1453 3679 pestile-

331 3715 404 3761 rum
433 3713 506 3760 cum
532 3691 655 3760 eisdem
680 3692 925 3778 commercium,
950 3691 1130 3783 potuissent
1153 3697 1315 3783 cognosci.
1342 3697 1451 3766 Nimi-

329 3823 403 3868 rum
418 3809 562 3891 tempore
580 3799 813 3890 persecutionis
830 3822 896 3868 non
911 3799 991 3868 adeo
1006 3799 1113 3890 palam
1130 3802 1261 3890 vulgari
1276 3805 1347 3873 sine
1362 3808 1451 3897 peri-

330 3910 404 3979 culo
427 3910 606 4001 potuissent
633 3908 822 4000 hujusmodi
851 3911 1041 3997 seutentiae;
1065 3918 1097 3978 et
1115 3912 1212 3980 etiam
1237 3922 1360 4003 postea,
1382 3939 1451 3985 non

331 4019 472 4087 inventis
488 4017 587 4109 typis,
605 4039 664 4086 nec
682 4025 801 4085 statuta
817 4017 1034 4108 epistolarum¹
1052 4019 1182 4109 publica
1196 4024 1449 4111 transvectione,

329 4147 503 4218 operosum
531 4131 600 4194 erat
637 4123 838 4216 exemplaria
874 4127 1059 4194 authentica
1095 4126 1234 4216 singulis
1268 4131 1451 4221 provinciis

330 4233 499 4320 destinata,
518 4231 743 4312 transcribere,
759 4240 791 4299 et
810 4253 869 4322 per
886 4231 1006 4320 legatos
1020 4255 1284 4324 quaquaversum
1306 4239 1448 4312 mittere.
