3072 4948
522 507 604 556 sunrs
627 507 777 556 canonici.
1148 491 1209 556 387

86 647 231 739 acquirit
253 653 313 732 est,
336 655 371 716 ut
388 645 546 733 diximus,
569 648 702 740 quando
716 646 928 737 consuetudo,
943 651 1142 742 caeteroquin
1159 675 1213 720 ra-

89 756 271 838 tionabilis,
290 757 493 846 ignoratura
509 756 674 850 Principe.

135 866 229 934 Tune
261 888 338 934 vero
369 865 587 934 communiter
617 864 812 953 admittitur,
843 876 916 958 post
946 875 996 936 sat
1023 867 1214 937 diuturnam

89 975 301 1044 durationem
317 973 544 1043 consuetudini
567 973 634 1042 vim
659 973 743 1062 legis
764 975 903 1066 anquiri.
920 974 973 1044 Ad
989 974 1214 1045 determinan-

88 1083 168 1154 dam
202 1091 309 1154 autem
347 1082 542 1177 requisitam
572 1083 661 1152 illam
691 1083 910 1172 durationem,
942 1083 1214 1174 distinguendum

89 1200 140 1260 est
163 1191 249 1261 inter
269 1190 519 1261 eonsuetudines
539 1204 663 1284 prater
685 1192 756 1283 jus,
779 1199 811 1261 et
828 1191 1079 1262 eonsuetudines
1099 1206 1214 1262 eontra

83 1299 157 1388 jus.
187 1296 301 1380 Quoad
326 1299 452 1390 priores
477 1297 676 1368 eoncordant
706 1297 852 1367 doctores
877 1299 912 1366 in
938 1300 1135 1390 assignando
1158 1323 1214 1371 re-

88 1406 213 1499 quisito
231 1407 271 1474 ad
295 1408 576 1499 prescriptionem
598 1416 764 1498 tempore,
790 1406 897 1499 quoad
921 1408 1128 1500 posteriores,
1148 1433 1215 1478 non

88 1515 182 1582 item.

135 1623 162 1690 Ι.
180 1623 293 1706 Quoad
316 1624 566 1694 consuetudines
591 1633 709 1716 praeter
725 1625 792 1717 jus,
818 1625 936 1695 sufficit
952 1627 1092 1719 spatium
1109 1631 1216 1698 desem

89 1753 266 1800 annorum.
290 1769 334 1784 -
357 1733 404 1800 lta
431 1734 650 1802 communiter
672 1733 833 1820 doctores,
859 1742 896 1803 nt
920 1733 1030 1804 videre
1058 1743 1106 1802 est
1129 1736 1216 1828 apud

90 1839 302 1910 Reidenstuet
334 1841 379 1928 (in
404 1845 415 1907 t
444 1840 467 1907 l.
493 1842 636 1928 Decret,
663 1851 684 1908 t.
706 1847 737 1923 t,
762 1859 797 1910 n⁰
816 1845 883 1934 et).
903 1843 1218 1916 Fundanturantem

90 1971 130 2018 eo
153 1957 245 2016 textu
263 1948 349 2038 juris
371 1971 436 2040 quo
460 1947 582 2018 dicitur
607 1951 827 2020 revocandum
844 1975 912 2020 esse
928 1953 1091 2045 quidquid
1102 1967 1218 2024 contra

90 2057 227 2146 lonqam
249 2055 513 2126 consuetudinem
527 2059 586 2147 fiet
604 2058 760 2149 (distinet.
782 2062 834 2145 12,
852 2082 923 2128 can.
942 2060 988 2150 7).
1012 2087 1028 2126 o
1043 2063 1156 2153 Atqui,
1173 2061 1218 2130 ait

93 2189 111 2226 u
135 2161 364 2251 Reidenstnel,
392 2163 491 2254 longe
520 2165 720 2234 consuetudo
746 2175 896 2234 censetur
923 2189 960 2233 ea
981 2190 1056 2259 quae
1086 2167 1217 2236 duravit

95 2297 113 2335 u
136 2271 248 2340 decem
263 2272 357 2340 annis
376 2299 382 2339 :
403 2294 478 2340 nam
493 2273 633 2363 spatium
648 2273 759 2342 deoem
774 2295 936 2342 annornm
952 2273 1070 2364 injure
1083 2274 1217 2344 voeattu

95 2405 112 2443 u
137 2378 274 2469 longum
304 2387 431 2472 tempus
452 2381 536 2470 (loeo
556 2403 656 2472 supra
676 2383 796 2470 citato).
826 2380 878 2449 Ad
902 2381 985 2450 hane
1007 2383 1217 2452 eonsuetudi-

95 2514 112 2550 «
137 2509 226 2574 neni,
256 2487 300 2556 ait
321 2488 443 2558 Suarez
468 2488 519 2580 (de
545 2489 700 2578 Legibus,
728 2489 750 2556 l.
775 2494 808 2575 7,
836 2511 865 2558 o.
899 2493 951 2576 to,
977 2505 1011 2556 ιιο
1034 2489 1080 2579 2),
1104 2490 1214 2560 decem

94 2623 112 2660 u
137 2617 300 2664 annorum
324 2605 452 2688 tempus
475 2597 692 2666 necessarium
714 2606 745 2664 et
766 2595 930 2666 sufficiens
952 2606 1101 2667 censetur
1119 2599 1216 2669 etiam

95 2729 114 2767 u
139 2705 173 2770 in
198 2702 353 2771 canoniea
380 2705 554 2774 materia...
584 2704 679 2773 Ratio
703 2703 821 2795 prioris
846 2706 947 2796 partis
972 2705 1100 2796 (nempe
1127 2706 1215 2798 quod

92 2839 111 2884 a
141 2818 355 2909 requirantur
380 2818 489 2886 deoem
514 2817 604 2908 anni)
631 2824 678 2884 est
701 2816 779 2907 quia
800 2815 877 2906 jura
897 2816 1011 2884 dicunt
1029 2816 1215 2906 longaevam

96 2952 114 2990 u
138 2925 191 2994 vel
215 2926 382 3018 antiquam
402 2924 671 3020 consuetudinem
692 2923 731 2993 ad
760 2923 847 2992 hunc
868 2923 1020 2993 effectum
1043 2925 1212 3014 sufficere3

95 3061 114 3098 u
137 3032 194 3101 sed
215 3033 255 3102 ad
277 3035 445 3126 antiquam
467 3056 525 3103 seu
544 3033 635 3122 longi
652 3033 807 3123 temporis
820 3031 1088 3102 consuetudinem
1104 3037 1216 3102 decem

96 3169 114 3207 u
137 3143 217 3210 anni
232 3143 466 3234 requiruntur3
484 3165 573 3231 ergo.
592 3140 686 3209 Ratio
701 3149 809 3216 autem
824 3140 1073 3232 alterinspartis
1089 3143 1216 3232 (nempe

96 3279 113 3316 u
136 3249 285 3320 sufficere
312 3251 424 3320 decem
447 3251 560 3340 annos)
591 3261 650 3336 est,
677 3251 754 3341 quia
778 3247 1065 3318 talisoousuetudo
1085 3260 1216 3319 nonest

96 3386 114 3426 u
138 3367 252 3428 eontra
272 3358 339 3451 jus,
357 3359 412 3428 sed
428 3369 547 3449 praeter
564 3357 632 3448 jus,
648 3366 685 3425 ut
700 3357 915 3449 supponimus
933 3383 940 3424 ε
958 3365 1115 3426 utentem
1131 3380 1215 3427 oon-

96 3495 115 3532 «
134 3477 197 3536 stet
213 3491 254 3536 ex
276 3469 411 3537 materia
433 3467 472 3538 de
491 3465 806 3559 praeseriptionibus,
829 3464 862 3532 in
885 3466 935 3533 his
952 3489 1028 3557 qnae
1052 3489 1118 3535 uon
1136 3476 1214 3535 sunt

96 3605 115 3642 u
137 3585 250 3646 eontra
271 3577 338 3668 jus,
369 3599 434 3646 non
464 3576 642 3668 requiritur
675 3574 792 3665 majus
811 3583 937 3665 tempus
959 3575 1033 3666 jure
1057 3576 1212 3645 canonico

95 3712 114 3750 a
137 3709 237 3777 quam
249 3685 323 3777 jure
338 3685 425 3755 civili
440 3685 481 3753 ad
496 3684 790 3776 praescriptionem,
810 3705 909 3773 quem
929 3683 964 3750 in
981 3683 1040 3751 hae
1058 3685 1212 3776 temporis

95 3821 113 3860 u
136 3793 321 3866 conditione
345 3793 544 3863 consuetudo
567 3791 758 3885 praescripta
778 3791 937 3860 imitatur.
964 3818 982 3856 u
999 3793 1133 3862 Probari
1153 3817 1214 3862 au-

91 3912 158 3970 tem
175 3909 279 3993 potest
293 3903 427 3994 insuper
445 3901 547 3970 thesis
561 3901 622 3970 hoc
639 3898 757 3986 modo;
779 3898 809 3966 si
829 3899 908 3990 quid
924 3899 1017 3969 dubii
1029 3913 1213 3972 remaneret

91 4011 178 4078 eirea
204 4009 294 4078 illam
320 4010 431 4078 deoem
452 4031 613 4078 annorum
638 4006 903 4096 assignationem,
927 4007 1105 4087 decidenda
1129 4009 1215 4105 toret

92 4118 231 4210 quaestio
244 4141 287 4186 ex
298 4119 423 4209 judicio
436 4118 661 4210 prudentium,
679 4125 711 4184 et
725 4116 800 4186 huie
815 4117 1027 4208 prudentium
1042 4118 1210 4213 decisioni,

93 4229 121 4296 si
146 4249 212 4321 qus
237 4226 448 4294 interveniret
472 4226 655 4296 eommunis
683 4233 714 4293 et
734 4224 930 4313 authentica,
966 4249 1099 4319 prorsus
1122 4240 1211 4304 sten-
