3048 4954
499 519 582 565 JUlllS
605 517 755 565 canumet.

514 807 657 878 CAPUT
680 810 735 878 lll.

72 1027 110 1071 as
154 1027 206 1070 rus
242 1027 369 1072 rnrscuu
406 1027 599 1073 ouarcanuu
636 1026 753 1075 ounrno
791 1028 987 1084 annonarum
1022 1028 1131 1076 ruam
1169 1027 1190 1074 Α

112 1135 254 1181 raucone
287 1137 371 1183 rana
404 1137 442 1182 ru
482 1136 543 1194 vn,
576 1137 632 1182 ran
666 1136 886 1184 consonuerunt
918 1137 1001 1184 anuo
1038 1116 1118 1181 ttot
1151 1137 1190 1182 m·

113 1242 339 1297 suasaouanras
361 1243 483 1290 mucra
505 1244 587 1290 sanis
609 1245 715 1292 torus.

112 1463 386 1533 Praenotandum.
401 1502 447 1516 -
459 1465 542 1532 Cum
555 1487 574 1532 a
585 1463 777 1556 questionis
788 1463 887 1555 hujus
899 1462 1059 1532 solutione
1074 1485 1190 1555 quam-

72 1570 249 1659 plurimum
269 1572 338 1663 jam
355 1571 493 1664 pendeat
515 1572 601 1665 juris
620 1571 766 1639 canonici
784 1571 819 1638 in
842 1570 983 1638 ecclesiis
1010 1570 1189 1640 Galliarum

73 1677 272 1767 intelligendi
302 1688 334 1747 et
361 1679 533 1748 exercendi
561 1680 664 1765 ratio,
697 1688 727 1747 et
758 1677 923 1765 noudum,
956 1701 1016 1769 pro
1046 1680 1190 1748 materiae

74 1791 232 1876 novitate,
263 1788 489 1882 supervenerit
525 1787 768 1856 canonistarum
803 1784 859 1853 illa
893 1786 1061 1854 consensio
1091 1808 1189 1878 quam

74 1899 185 1968 ducem
211 1923 340 1990 semper
366 1899 458 1990 sequi
486 1895 607 1988 gaudet
632 1895 829 1988 scriptorum
861 1893 1006 1986 prudens
1029 1895 1189 1986 quisque,

74 2007 227 2097 quidquid
243 2008 305 2074 orit
320 2007 354 2074 in
370 2030 405 2075 re
421 2009 501 2075 tarrti
518 2005 674 2074 momenti
688 2005 825 2096 privatae
845 2003 1040 2094 opinationis
1056 2013 1188 2086 nostrae,

76 2137 241 2183 monemus
271 2125 303 2182 et
335 2115 516 2184 doctiorum
551 2113 639 2198 crisi,
676 2121 707 2181 et
737 2113 936 2181 auctoritatis
969 2112 1190 2180 ecclesiastica,

71 2221 189 2309 judicio
204 2222 434 2311 corrigendum
451 2221 610 2291 submitti.
1061 2208 1065 2216 ’

595 2456 663 2546 §n

144 2643 321 2693 Recensentur
337 2641 408 2705 leges
425 2643 451 2690 et
466 2642 540 2705 gesta
555 2638 588 2689 atl
601 2639 644 2703 J'us
657 2651 756 2690 norum
773 2640 931 2705 gallicanum
948 2641 1114 2706 pertinentia.

11 2813 12 2816 Ἴ
112 2829 343 2922 Expostulavit
362 2829 446 2896 inter
468 2827 532 2896 alia
552 2827 713 2919 Napoleo,
739 2828 865 2919 primns
879 2829 1079 2921 Reipublicae
1095 2829 1193 2922 galli-

71 2963 157 3007 canae
187 2937 320 3022 consul,
343 2959 463 3005 novam
487 2933 559 3004 fieri
582 2935 770 3005 dioecesium
793 2937 893 3006 totius
918 2937 1106 3029 reipublice
1128 2939 1192 3008 oir-

71 3047 367 3139 cumscriptionem.
389 3045 436 3114 De
452 3067 518 3136 qua
534 3043 632 3112 simul
647 3067 722 3111 carm
748 3043 822 3112 aliis
837 3044 878 3113 ad
894 3045 1140 3115 restaurandam
1157 3047 1191 3116 in

70 3155 173 3223 Gallia
189 3177 258 3222 rem
276 3153 523 3220 ecclesiasticam
547 3151 788 3243 pertinentibus
808 3153 1038 3221 concinnatum
1055 3164 1102 3223 est
1118 3178 1192 3246 per-

70 3264 195 3333 calabre
227 3263 460 3332 concordatum
490 3260 556 3329 diei
585 3264 624 3328 15
658 3261 733 3351 julii
763 3261 843 3330 anni
872 3265 954 3330 1801
990 3253 1213 3354 (bullarium

70 3373 164 3442 Rom.
185 3373 424 3457 continuatum,
439 3382 461 3439 t.
479 3371 522 3457 ll,
539 3393 572 3462 p.
592 3371 682 3462 175).
700 3371 820 3440 Petivit
837 3371 916 3441 Pius
929 3373 992 3444 Vll
1008 3373 1048 3441 ab
1059 3373 1191 3466 Episco-

69 3482 116 3571 pis
138 3481 322 3551 Galliarum
349 3489 385 3548 ut
404 3479 609 3568 resignarent
633 3478 745 3547 titulos
767 3501 856 3565 suos,
884 3503 950 3572 quo
974 3481 1020 3549 sic
1041 3493 1192 3551 vacantes

69 3590 218 3657 ecclesias
240 3610 353 3657 omnes
371 3597 479 3679 posset
500 3587 724 3679 supprimere,
748 3596 779 3655 et
807 3611 909 3655 novas
930 3587 1071 3677 erigere,
1094 3600 1126 3658 et
1152 3592 1192 3659 dc

70 3699 162 3766 novis
176 3696 362 3789 pastoribus
378 3694 549 3787 providere
559 3721 568 3781 ;
593 3695 627 3762 in
642 3719 739 3788 quem
753 3717 887 3786 scopum
904 3694 979 3763 data
997 3696 1093 3765 Bulla
1111 3701 1192 3767 Tam

71 3811 177 3878 malta
201 3807 299 3902 (Bull.
325 3807 421 3875 Rom.
439 3813 541 3890 cont,
568 3813 589 3873 t.
615 3805 659 3890 11,
676 3828 708 3896 p.
731 3805 869 3897 ltllpet
892 3803 987 3872 Bulla
1009 3808 1060 3873 La
1078 3807 1193 3878 Clima

71 3918 103 3984 cli
118 3921 204 3987 Gesal
221 3917 326 3987 Crista
345 3915 452 4006 (ibid.‚
470 3938 503 4007 p.
525 3917 612 4004 190).
631 3914 784 3982 Monebat
805 3921 913 3982 autem
940 3936 1090 3982 summus
1105 3915 1191 3988 Pon·

72 4029 164 4115 tifex,
192 4027 319 4097 etiamsi
349 4025 599 4116 resignationem
626 4033 818 4109 renuerent,
848 4047 882 4092 sc
908 4024 1122 4094 nihilomiuus
1149 4027 1189 4095 ad

74 4135 332 4226 suppressionem
366 4135 515 4203 omnium
551 4132 664 4202 Gallim
703 4131 931 4219 ecclesiarum,
968 4155 1193 4226 novarumque

77 4247 265 4314 erectionem
292 4265 531 4336 processurum.
559 4242 758 4311 Postuletarn
785 4240 1038 4332 resignationem
1064 4264 1194 4313 recusa-
