3064 4952
275 483 336 551 222
626 506 799 554 rnucrrrus
821 509 859 554 os
882 505 1035 557 ramanus

276 671 292 710 a
315 655 346 713 et
372 647 428 714 tali
457 646 672 716 declaratione
702 649 880 741 prudenter
908 652 1003 740 lacta,
1034 659 1136 722 cessat
1165 651 1262 722 etiam
1294 675 1388 723 omne

276 783 292 818 a
316 755 496 846 periculum
511 757 645 848 peccati.
669 784 685 822 o

315 863 365 932 Ex
387 863 437 931 his
455 872 486 931 et
501 864 575 953 aliis
591 865 837 937 auctoritatibus
856 869 968 938 multis
990 893 1065 961 quae
1089 869 1223 960 allegari
1244 879 1387 962 possent,

270 977 394 1039 constat
418 971 452 1037 in
478 969 596 1040 scholis
621 972 788 1042 catholicis
812 983 974 1066 receptam
1001 975 1080 1044 satis
1102 999 1172 1045 esse
1196 978 1389 1046 sententiam

269 1079 377 1166 illam,
405 1101 479 1173 quae
513 1089 599 1149 tenet
628 1082 715 1173 leges
744 1085 871 1177 aliquas
902 1084 1084 1177 pontificias
1114 1086 1156 1155 ad
1183 1086 1389 1179 disciplinam
1516 1139 1517 1176 ,

270 1193 447 1278 spectantes
459 1210 524 1257 non
535 1188 679 1278 obligare
691 1191 883 1282 priusquam
895 1201 1115 1284 acceptentur,
1129 1195 1171 1262 ob
1182 1194 1228 1263 ita
1239 1217 1390 1264 annuen-

268 1304 333 1364 tem
359 1295 455 1388 Papar
473 1295 685 1366 voluntatem.
707 1297 771 1366 Sed
791 1299 852 1368 hoc
872 1302 956 1392 ipso,
976 1311 1007 1370 et
1027 1303 1162 1394 insuper
1181 1303 1224 1370 ob
1246 1305 1391 1372 rationes

267 1403 386 1496 quibus
407 1403 577 1493 tundatur,
600 1404 751 1475 habenda
775 1417 823 1475 est
850 1417 886 1476 nt
909 1409 1009 1496 licita,
1035 1431 1094 1477 nee
1122 1409 1216 1477 debet
1241 1409 1292 1477 illi
1321 1411 1390 1478 nlla

269 1519 346 1580 nota
360 1510 540 1602 theologica
552 1513 653 1582 inuri.

312 1620 478 1702 Quatenus
495 1629 603 1688 tamen
619 1621 677 1689 illa
699 1624 860 1692 sententia
880 1625 1062 1716 applicatur
1077 1625 1230 1696 omnibus
1251 1625 1390 1694 omnino

267 1726 396 1815 legibus
418 1727 594 1818 pontificiis
616 1729 702 1798 circa
722 1729 940 1823 disciplinam,
955 1731 1050 1800 nobis
1067 1733 1198 1801 videtur
1218 1733 1310 1818 falsa,
1329 1755 1390 1802 nec
1516 1753 1517 1792 t

268 1833 411 1925 periculo
433 1857 573 1922 vacans5
600 1835 738 1928 ideoque
763 1838 859 1906 certis
880 1838 1040 1909 limitibus
1066 1840 1327 1930 restringendam
1354 1842 1388 1908 in

267 1943 414 2032 sequenti
430 1944 634 2035 paragrapho
650 1945 861 2014 ostendimus.

780 2283 866 2374 §n

267 2478 304 2530 Da
318 2479 471 2543 quibusdam
489 2483 597 2542 ancum,
615 2493 668 2530 non
684 2493 746 2530 vero
763 2481 795 2530 de
815 2482 936 2532 omnihus
951 2483 1053 2548 legium
1073 2482 1223 2548 pontificiis,
1238 2497 1328 2534 rerum
1349 2488 1388 2533 est

409 2570 503 2634 Papam
516 2571 664 2620 consentire
679 2575 707 2620 ut
721 2584 775 2620 non
787 2571 902 2635 obligent
915 2577 1053 2636 autequam
1066 2578 1243 2639 acceptentur.

315 2839 332 2879 a
355 2813 533 2904 Disciplina
555 2815 768 2886 ecclesiastice
789 2817 845 2910 (ait
866 2816 1026 2904 Zaccaria,
1042 2815 1137 2908 cnjus
1158 2815 1266 2884 italica
1284 2815 1388 2884 verba

269 2947 286 2986 a
309 2922 344 2988 in
363 2921 500 2989 latinum
516 2922 698 3013 vertimus),
715 2923 756 2992 de
772 2947 837 3016 qua
857 2923 1031 2992 decernere
1047 2932 1183 3015 possunt
1197 2923 1285 3011 leges
1298 2943 1387 3013 pou-

271 3057 288 3096 a
311 3030 432 3117 tificiae,
451 3030 491 3098 ad
507 3031 573 3100 dno
593 3033 698 3123 capita
713 3031 805 3100 facile
821 3031 934 3100 reduci
953 3040 1104 3124 queunt:
1123 3030 1174 3099 nd
1189 3030 1386 3098 exteriorem

269 3166 297 3216 a„
310 3160 426 3230 nempe
445 3139 729 3229 gubernationem,
746 3139 800 3207 cui
823 3139 1021 3208 accensenda
1043 3146 1119 3207 sunt
1136 3138 1266 3228 negotia
1279 3137 1387 3208 eccle-

270 3273 287 3311 α
310 3247 450 3333 siastica,
469 3245 649 3338 modusque
667 3257 699 3314 et
719 3245 799 3316 ordo
812 3245 869 3314 illa
883 3245 1042 3314 tractandi
1052 3273 1061 3332 ;
1079 3253 1110 3314 et
1129 3245 1171 3314 ad
1192 3245 1385 3314 interiorem

269 3376 383 3446 arque
403 3353 526 3423 cultum
546 3354 695 3423 divinum
722 3352 1072 3445 sanctificationemque
1096 3355 1281 3421 animarum
1309 3376 1385 3422 res-

269 3489 287 3528 a
309 3463 399 3554 picit,
416 3461 504 3532 etad
526 3460 614 3530 hunc
636 3483 767 3554 scopum
790 3471 881 3531 aetus
899 3472 1051 3530 externus
1070 3459 1217 3530 fideliam
1237 3459 1381 3530 ordinat.
1514 3475 1515 3484 ’

269 3571 470 3640 «Praeterea
500 3570 631 3638 sivein
660 3571 820 3639 exteriore
850 3571 919 3638 aive
949 3571 982 3637 in
1010 3569 1165 3640 interiora
1196 3568 1380 3660 disciplina,

268 3706 285 3744 a
308 3677 540 3768 distinguenda
556 3687 633 3747 sunt
652 3699 727 3770 quae
745 3678 838 3769 qnasi
862 3679 903 3747 ad
927 3677 1144 3746 substantiam
1158 3677 1242 3770 ejus,
1260 3688 1292 3746 at
1306 3701 1382 3770 quae

268 3819 285 3855 a
308 3789 349 3856 ad
378 3787 515 3857 modum
541 3788 775 3857 accidentalen
802 3797 927 3857 tantum
957 3788 1132 3880 pertinent.
1162 3787 1232 3856 Hoc
1262 3789 1380 3879 posito,

268 3927 285 3963 a
309 3898 481 3968 dicendum
506 3907 566 3987 est,
588 3899 621 3966 id
642 3899 742 3990 quod,
758 3899 826 3966 sive
850 3900 884 3967 in
902 3899 1068 3983 exteriori,
1086 3899 1155 3965 sive
1175 3900 1210 3965 in
1232 3898 1381 3968 interiori
1513 3905 1514 3936 t

268 4031 285 4070 a
309 4006 490 4099 disciplina,
511 4008 552 4076 ad
571 4005 788 4074 substantiam
810 4006 881 4096 ejus
902 4007 1053 4098 pertinet,
1073 4028 1142 4074 esse
1162 4027 1297 4097 prorsus
1315 4005 1380 4073 im-

269 4140 285 4178 a
309 4115 476 4201 mutabile,
493 4137 531 4183 eo
546 4115 634 4206 quod
653 4114 694 4181 ait
713 4113 876 4182 aGhristo
896 4115 1037 4182 Domino
1053 4113 1248 4194 institutum,
1266 4123 1298 4182 et
1313 4136 1378 4182 non

269 4225 349 4292 usit
373 4225 524 4294 Ecclesia
548 4232 687 4316 potestas
711 4247 749 4293 ea
775 4223 935 4312 mutandi,
959 4246 1034 4316 quae
1062 4223 1102 4292 ad
1133 4223 1376 4294 substantialem
