3072 4948
296 412 357 480 346
648 433 821 480 raucrurns
845 436 882 480 na
906 433 1059 482 cursurus

294 597 433 647 canones
457 574 689 667 interpretandi
711 582 862 667 potestas,
887 583 957 644 tum
979 599 1021 644 ex
1045 575 1120 668 jure
1139 573 1313 668 primatus,
1337 580 1405 640 tum

294 684 474 779 specialiter
493 682 601 776 quoad
624 683 825 752 Tridentium
846 683 963 776 synodi
983 683 1122 770 decreta,
1142 683 1220 776 quis
1233 683 1295 752 ista
1309 703 1407 775 syuo-

295 793 357 862 dus
376 793 440 885 ipsi
457 813 532 860 suus
551 791 640 882 leges
656 789 867 860 declarandas
889 790 1032 884 reliquit.
1055 789 1150 862 Unde
1169 799 1202 858 et
1215 789 1312 858 initio
1326 789 1409 857 baua

296 899 592 992 interpretationem
615 897 677 967 sibi
701 907 922 968 reservaverat
942 907 1052 968 sancta
1066 897 1176 968 Sedes.
1195 896 1310 966 Postea
1332 917 1409 964 vero

295 1009 340 1077 ita
362 1007 523 1099 delegavit
550 1007 635 1076 hunc
664 1029 758 1076 susm
790 1015 978 1100 potestatem
1005 1005 1171 1100 aliquibus
1190 1004 1410 1074 cardinalibus

295 1123 333 1185 ut
356 1137 470 1185 eorum
493 1114 671 1184 decisiones
692 1115 811 1184 laceret
837 1138 924 1184 suas.
951 1115 1040 1205 Ergo
1066 1114 1298 1184 declarationes
1323 1113 1409 1182 Cou-

293 1222 491 1314 gregationis
512 1221 596 1292 liunt
621 1223 811 1290 auctoritate
834 1223 1028 1315 apostolica3
1055 1244 1134 1312 ergo
1156 1221 1239 1290 liuut
1263 1221 1410 1289 auctori-

295 1340 359 1401 tate
386 1331 490 1400 multo
514 1328 631 1421 majori
657 1351 758 1421 quam
783 1337 832 1398 est
857 1330 996 1420 simplex
1023 1328 1196 1398 auctoritas
1221 1326 1410 1396 doctrinalis

295 1439 544 1508 universitatum
559 1435 735 1516 omnium;
760 1459 839 1527 ergo
868 1437 1098 1528 multomagis
1126 1436 1339 1505 temerarium
1362 1446 1410 1504 est

294 1547 345 1614 his
365 1545 635 1616 declarationibus
656 1545 833 1632 contraire3
862 1568 941 1636 crgo
959 1545 1024 1614 illis
1044 1543 1314 1614 declarationibus
1335 1553 1409 1612 tan·
1514 1613 1515 1618 ,

295 1677 394 1746 quam
430 1652 552 1744 regulae
590 1651 703 1721 saltem
739 1652 902 1722 ordinarie
933 1652 1226 1745 obtemperandum
1262 1662 1320 1722 cst.
1353 1653 1408 1721 Di·
1514 1683 1515 1706 κ

295 1763 401 1832 cimus
425 1762 542 1832 saltem
565 1759 732 1830 ordinarie
742 1787 757 1845 ,·
779 1784 856 1830 nam
875 1763 910 1830 in
925 1785 1001 1831 casu
1025 1761 1134 1856 aliquo
1150 1759 1408 1830 extraordinario
1514 1767 1515 1854 J

294 1879 326 1939 et
355 1874 446 1961 gravi
473 1879 608 1964 urgente
633 1872 770 1957 ratione,
797 1877 904 1962 posset
926 1869 1000 1962 quis
1026 1869 1189 1954 excusari,
1213 1870 1242 1938 si
1264 1867 1409 1937 declara-

293 1978 398 2048 tiones
423 1980 692 2071 Cougragationis
717 1987 871 2071 reputans
901 1979 934 2047 vi
957 1977 1039 2067 legis
1070 1977 1281 2070 probabiliter
1308 1973 1409 2045 desti-

294 2095 389 2176 tutas,
406 2098 518 2158 contra
532 2091 677 2182 aliquam
692 2095 814 2179 ageret.

337 2196 378 2264 Et
391 2197 435 2266 ite
453 2198 597 2268 sentiunt
615 2198 714 2268 etiam
731 2196 778 2264 illi
792 2199 940 2264 auctores
953 2194 1010 2286 qui
1024 2193 1219 2264 seutentiam
1235 2203 1406 2284 negantem

292 2305 544 2397 amplectuntur,
572 2306 607 2374 id
629 2313 689 2392 est,
713 2303 770 2397 qni
793 2303 952 2373 rationem
976 2309 1008 2370 et
1027 2303 1095 2370 vim
1116 2302 1197 2393 legis
1212 2324 1279 2371 nou
1294 2325 1408 2372 concc-

292 2411 374 2481 dunt
388 2412 659 2504 Congregationis
673 2411 810 2481 Consilii
829 2408 1112 2480 declarationibus.
1130 2409 1179 2478 Ex
1196 2409 1317 2502 quibus
1330 2411 1408 2480 satis

292 2520 334 2586 sit
355 2519 515 2592 adducere
539 2521 811 2592 Salmanticenses
830 2549 837 2588 :
856 2518 1029 2588 Probabile
1053 2531 1110 2600 est,
1136 2519 1304 2610 inquiunt,
1331 2519 1408 2588 tales

293 2627 527 2698 declarationes
543 2681 595 2711 ...,
613 2653 678 2698 acu
702 2629 821 2697 ladem
845 2627 912 2695 vim
927 2626 1017 2717 lepis,
1043 2649 1100 2694 nec
1119 2625 1219 2694 robur
1240 2627 1410 2719 oblipaudi

293 2757 417 2828 semper
436 2749 467 2804 et
485 2749 655 2830 perpetuo.
678 2735 901 2805 Nihilominus
928 2740 1039 2802 tamen
1061 2733 1162 2802 iidem
1183 2733 1327 2826 theologi
1350 2734 1409 2803 boc

293 2852 417 2912 sartum
440 2852 560 2912 tectum
585 2843 751 2936 imprimis
772 2840 901 2926 volunt,
931 2861 1061 2932 nempe,
1084 2840 1158 2910 illas
1177 2839 1409 2912 declarationes

293 2975 361 3021 esse
375 2954 518 3022 maximi
532 2953 700 3045 ponderis,
718 2965 749 3020 ct
772 2950 962 3020 deserendas
977 2973 1045 3018 non
1058 2973 1122 3020 esse
1137 2951 1200 3020 nisi
1213 2952 1410 3041 gravissima

293 3060 332 3128 de
352 3083 449 3130 causa
465 3090 471 3129 :
491 3062 577 3130 circa
593 3083 695 3153 quam
715 3060 946 3152 pravissimam
959 3059 1171 3150 questionem
1186 3058 1251 3128 duo
1267 3059 1410 3128 iuvenies

293 3171 386 3262 apud
398 3171 542 3240 doctores
556 3170 757 3240 indubitata.
775 3170 938 3251 Primum,
958 3168 1039 3236 tales
1054 3168 1289 3237 declarationes
1298 3170 1409 3238 meai·
1513 3237 1514 3244 ,

294 3279 342 3346 mi
352 3278 508 3371 ponderis
531 3302 606 3362 esse,
628 3301 849 3370 mapnamqsre
871 3277 989 3345 labere
1003 3276 1235 3346 auctoritatem
1250 3291 1282 3346 et
1295 3281 1411 3370 praui·
1513 3349 1514 3352 ,

293 3399 406 3471 tatem
425 3401 571 3481 utpotae
583 3388 788 3479 premantia
805 3387 895 3468 viris,
914 3386 1113 3454 auctoritate
1125 3388 1250 3455 summi
1264 3391 1411 3458 Pastoris
1513 3439 1514 3480 p

292 3495 494 3588 conpreqatis
516 3517 664 3588 espeisse
681 3523 692 3562 :
708 3494 910 3587 proindeque
923 3493 1032 3563 adbuc
1048 3493 1255 3562 inservientia
1274 3495 1410 3565 illorum

292 3605 350 3694 qai
375 3604 488 3673 dicuat
513 3626 580 3672 noa
606 3603 724 3672 babere
749 3603 816 3671 uim
841 3603 931 3694 lepis,
954 3601 1136 3672 dsemde
1157 3625 1223 3673 uon
1247 3618 1328 3692 secat
1348 3607 1413 3674 nisi

291 3711 486 3803 pravissima
508 3711 636 3780 ratione
663 3724 694 3780 et
715 3733 813 3779 caasa
838 3709 1080 3780 mterveniente.
1104 3711 1304 3796 Secundum,
1324 3713 1413 3806 quod

292 3819 322 3887 si
358 3820 439 3889 tales
475 3819 709 3888 declarationes
742 3819 1002 3910 promulqantur
1034 3841 1072 3887 ea
1107 3819 1315 3890 solemnitate
1345 3846 1410 3914 qua

293 3925 395 3994 solent
415 3926 496 4017 leyes
513 3927 733 4018 promulqari,
753 3949 828 3994 cam
843 3925 880 3994 id
890 3928 954 4017 fiat
973 3926 1172 3996 auctoritate
1186 3930 1310 3997 summi
1323 3933 1409 3998 Pon-

294 4033 389 4122 tificis
406 4084 458 4114 ...,
478 4032 714 4125 proculdubio
735 4033 803 4101 uim
826 4033 905 4124 lepis
925 4045 1094 4127 perpetuae
1117 4035 1282 4105 delebunt
1305 4052 1408 4107 totam

294 4140 473 4208 Ecclesiam
489 4141 667 4232 oblipantes
683 4140 734 4232 (de
747 4141 897 4231 Lepidus,
915 4163 985 4234 cap.
1009 4145 1039 4227 3,
1054 4151 1213 4234 punctum
1227 4145 1268 4232 ll,
1288 4155 1325 4212 η’
1340 4147 1404 4236 28).
