3050 4946
333 471 394 534 tan
684 487 858 534 rnacrrrns
883 487 920 532 os
943 485 1096 532 carneuna

329 629 443 697 aiensis
458 628 537 696 anni
555 631 616 695 829
630 653 639 711 ;
654 649 732 716 ergo
750 629 825 696 buic
840 649 926 695 anno
942 626 1086 694 collectio
1103 623 1264 715 posterior
1277 631 1339 691 est.
1359 621 1455 690 Prae·

330 746 417 805 terea
441 736 581 804 advertit
606 736 796 804 Blandellus
823 737 934 827 aliqua
956 735 1054 803 etiam
1076 732 1241 801 hincinde
1257 755 1300 800 ex
1316 731 1456 823 epistola

329 845 422 913 lonae
458 845 610 938 Episcopi
643 844 889 912 Aurelianensis
917 843 958 910 ad
988 843 1143 911 Carolum
1174 841 1317 910 Calvum
1350 840 1455 908 fuisse

329 952 533 1043 deprompta.
546 952 700 1039 Regnum
713 959 823 1019 autem
833 951 973 1019 obtinuit
984 950 1120 1018 Carolus
1132 949 1252 1018 Calvus
1264 970 1352 1016 anno
1367 952 1433 1014 839
1446 975 1454 1028 ;

329 1080 408 1146 ergo
426 1067 456 1126 et
480 1057 554 1126 huie
576 1081 663 1126 anno
683 1060 843 1150 posterior
857 1069 905 1126 est
921 1057 1079 1126 collectio.
1098 1057 1147 1124 Ex
1162 1055 1365 1148 quibusdam
1381 1055 1456 1122 aliis

329 1165 456 1232 indiciis
483 1165 647 1234 concludit
668 1165 817 1233 Zaccaria
841 1165 924 1254 (loco
949 1186 1048 1254 supra
1069 1163 1177 1252 citato)
1192 1161 1233 1230 ad
1249 1184 1376 1230 annum
1391 1165 1453 1227 stt

328 1273 515 1342 referendas
530 1295 599 1341 esse
614 1273 710 1340 falsas
725 1272 840 1340 Isidori
852 1272 1040 1340 decretales,

372 1381 427 1447 lll.
445 1383 483 1447 lu
498 1402 594 1470 quem
608 1401 742 1470 scopum
758 1380 943 1470 excapitata
958 1379 1154 1469 impostura.
1168 1417 1211 1430 -
1225 1404 1241 1442 ι(
1251 1377 1325 1460 Quo
1340 1385 1451 1446 autem

331 1513 348 1552 «
371 1488 502 1578 spiritu,
529 1510 594 1578 quo
618 1487 752 1555 consilio
772 1486 1064 1555 Pseudo-Isidorus
1087 1495 1133 1554 tot
1155 1486 1355 1553 documenta
1375 1507 1455 1552 con-

331 1620 349 1660 «
372 1594 504 1662 finxerit
518 1594 737 1662 omittendum
755 1618 819 1662 non
835 1605 895 1662 est.
918 1595 991 1662 Non
1006 1593 1125 1661 desunt
1139 1594 1197 1684 qui
1213 1615 1290 1660 curn
1305 1591 1454 1682 amplifi-

332 1729 349 1765 «
372 1700 485 1768 candae
501 1701 551 1769 vel
568 1699 779 1768 defendenda
796 1701 997 1770 auctoritatis
1009 1701 1239 1769 Romanorum
1252 1697 1451 1766 Pontificum

332 1835 349 1872 «
373 1808 480 1876 studio
495 1807 629 1875 ductum
646 1807 686 1876 ad
704 1831 741 1876 ca
756 1808 964 1899 procudenda
980 1809 1158 1876 excitatum
1174 1806 1274 1874 fuisse
1288 1806 1453 1872 arbitren-

330 1945 347 1983 «
371 1927 434 1984 tur.
462 1918 506 1983 At
531 1913 688 1985 falluntur
713 1917 893 1986 manifeste.
923 1917 1012 1984 Licet
1034 1917 1123 1983 enim
1151 1916 1185 1981 in
1214 1914 1253 1981 iis
1276 1913 1454 2004 apostolica

332 2053 348 2090 ι(
373 2025 557 2116 amplitudo
570 2035 601 2094 et
617 2027 790 2094 auctoritas
806 2027 957 2116 pluribus
972 2025 1234 2111 commendetur,
1257 2045 1323 2088 non
1340 2031 1453 2090 mmen

334 2163 350 2200 «
375 2135 426 2202 hic
452 2134 638 2224 impostoris
652 2156 769 2224 scopus
786 2133 866 2218 tutu
886 2158 944 2202 nec
956 2134 1071 2202 eadem
1089 2132 1189 2200 Sedes
1205 2131 1300 2223 cujus
1314 2130 1452 2222 privile-

334 2271 350 2306 «
374 2243 428 2330 gie
446 2252 478 2308 et
490 2242 565 2331 jura
589 2264 689 2332 quam
716 2241 868 2332 plurimis
891 2241 1025 2309 sinceris
1041 2250 1072 2307 et
1095 2241 1228 2308 vetustis
1247 2237 1452 2305 documentis

333 2378 350 2414 «
374 2351 537 2433 nituntur,
566 2348 629 2415 illis
655 2347 850 2438 apocryphis
876 2349 1083 2437 indigebat...
1108 2337 1369 2415 Pseudo-Isidori
1396 2370 1452 2413 au-

334 2487 351 2524 «
375 2469 439 2526 tem
465 2455 637 2524 consilium
662 2456 760 2544 longe
778 2457 867 2524 aliud
885 2458 997 2540 luisse,
1016 2467 1047 2524 et
1062 2457 1131 2547 ipsa
1149 2455 1344 2523 collectionis
1365 2477 1453 2544 pra>-

334 2595 350 2630 «
375 2567 492 2634 latione
512 2565 588 2632 satis
615 2565 827 2653 dignoscitur.
858 2567 1036 2656 Postquam
1060 2567 1150 2632 enim
1177 2563 1331 2630 indicavit
1351 2563 1455 2630 docu-

335 2699 352 2738 «
377 2681 487 2740 menta
511 2695 585 2762 «pure
608 2693 677 2738 suae
703 2672 885 2740 collectioni
912 2682 1004 2740 eraut
1028 2671 1213 2754 inserenda,
1232 2671 1314 2738 banc
1336 2692 1454 2738 eorum

335 2777 635 2866 «colligendorum
667 2781 827 2847 rationem
851 2779 983 2870 subjicit
1015 2807 1022 2846 :
1059 2781 1225 2861 Quatenus
1251 2779 1458 2846 ecelesiastici

336 2917 353 2955 «
376 2887 501 2956 ordinis
521 2887 694 2976 disciplina
717 2889 750 2955 iu
772 2911 876 2956 riuum
897 2913 918 2956 a
940 2889 1031 2956 uobis
1053 2901 1167 2956 coacta
1192 2901 1290 2978 atque
1314 2887 1455 2976 dipesta,

336 3025 354 3066 a
377 3010 407 3066 et
435 2998 539 3065 sancti
566 2998 722 3064 Praesules
743 3001 894 3089 paternis
918 3001 1128 3068 instruantur
1157 3000 1288 3088 repulia
1317 3013 1347 3067 ct
1378 3003 1458 3069 ebe-

338 3133 355 3170 «
379 3104 498 3172 dientes
525 3104 676 3172 Ecclesia
696 3105 839 3173 ministri
861 3107 913 3174 cel
925 3107 1044 3198 populi
1058 3108 1284 3198 spiritualibus
1300 3108 1459 3177 imbuan-

337 3241 355 3279 «
379 3228 434 3280 tur
468 3212 634 3302 exemplis,
672 3226 702 3279 et
736 3237 801 3280 nou
831 3215 997 3282 malcrum
1028 3215 1202 3283 domiuum
1232 3217 1459 3306 pravitatibus

337 3349 354 3387 «
378 3321 596 3410 decipiantur.
624 3320 724 3388 Multi
748 3322 832 3388 urim
849 3324 1021 3411 pravitate
1043 3336 1074 3390 et
1100 3323 1281 3414 cupiditate
1302 3323 1457 3415 depressi.

338 3455 355 3495 «
378 3439 565 3495 accusantes
586 3425 778 3494 Sacerdotes
797 3427 1031 3518 depresserunt.
1058 3431 1096 3496 Et
1118 3430 1228 3498 uiuitis
1249 3433 1460 3522 prosequitur

337 3564 354 3602 «
379 3537 412 3602 in
436 3557 490 3602 eos
512 3534 628 3602 acriter
647 3533 805 3602 invehens
823 3536 881 3625 qui
900 3537 1076 3628 Episcopos
1098 3559 1248 3606 accusare
1270 3538 1408 3622 audent,
1426 3554 1460 3606 ut

339 3671 356 3709 ι(
380 3668 412 3712 se
431 3667 493 3736 per
520 3643 593 3711 illos
614 3657 777 3726 excusent,
804 3645 856 3711 vel
873 3667 985 3713 eorum
1005 3646 1097 3713 bouis
1117 3646 1272 3714 ditentur.
1295 3649 1344 3714 Ac
1364 3647 1461 3738 plura

340 3779 358 3816 «
380 3748 543 3842 ejusmodi
556 3749 758 3840 judiciorum
773 3750 982 3820 incommoda
997 3753 1154 3835 referens,
1170 3754 1252 3822 illud
1268 3763 1377 3844 urget,
1396 3779 1460 3824 non

341 3885 358 3924 «
382 3881 474 3949 posse
497 3857 568 3946 cogi
583 3857 758 3947 Episcopus
774 3857 813 3924 ad
829 3857 1000 3926 dicendam
1015 3882 1160 3945 causam,
1178 3861 1207 3927 si
1225 3861 1350 3929 fuerint
1364 3885 1462 3932 accu-

342 3969 455 4050 «sati,
487 3981 518 4034 et
542 3966 639 4032 rebus
665 3966 732 4031 suis
762 3966 933 4056 exspoliati
960 3977 991 4036 at
1017 3993 1037 4036 a
1059 3968 1134 4038 sede
1160 3969 1260 4060 pulsi,
1284 3971 1348 4038 nisi
1369 3974 1461 4062 prins

341 4102 358 4138 «
383 4073 503 4141 luerint
529 4072 701 4140 restituti:
726 4071 879 4164 additque
909 4076 1066 4144 «tonnella
1093 4077 1131 4144 de
1157 4079 1402 4147 accusatoribus
1433 4091 1461 4146 et

340 4207 357 4246 «
379 4179 636 4250 accusationibus
650 4179 844 4270 rejiciendis.
862 4181 988 4261 Quibus
1005 4184 1277 4276 omnibuspalam
1294 4188 1457 4276 significat
