3050 4946
557 511 640 560 rurrs
660 513 812 561 crocatur.
1180 495 1238 564 tar

129 675 146 714 a
169 649 362 740 evulgatum
386 650 499 740 fuisse,
517 618 576 722 lieo
596 676 635 722 eo
658 654 760 723 fuisse
781 677 864 746 opus
888 662 925 722 ut
950 655 1073 724 easdem
1096 657 1245 748 promul·

129 787 146 824 «
169 767 339 848 gerentur,
371 769 402 829 et
430 760 517 851 apud
548 763 706 831 Ecclesiae
744 764 969 832 auctoritatem
999 765 1191 834 obtinerent.
1224 791 1240 830 a

128 867 309 957 (Ballerini,
324 869 395 938 loco
409 869 479 956 cit,
495 870 516 960 fi
532 870 577 960 l.)

637 1119 657 1209 g
681 1117 740 1188 ιν.

124 1307 220 1366 Quales
240 1308 336 1358 tuerint
354 1307 411 1358 dure
430 1307 564 1358 versiones
583 1306 669 1358 latinae
682 1307 778 1358 vetaris
796 1305 893 1358 codicia
911 1307 999 1371 graeci,
1011 1307 1133 1373 Dionysio
1145 1308 1244 1374 Exiguo

173 1397 326 1458 anteriores,
338 1399 364 1448 et
380 1409 442 1446 uum
459 1395 639 1448 auctoritatam
655 1396 793 1447 habuerint
806 1397 835 1446 iu
846 1395 970 1448 Ecclesiis
984 1397 1196 1450 occidentalibus.

176 1664 192 1702 a
217 1639 262 1705 De
281 1639 423 1729 antiquis
442 1631 763 1728 interpretationibus
783 1637 892 1704 latinis
909 1659 1072 1705 canonum
1094 1640 1245 1708 oninium

130 1773 146 1810 a
171 1746 374 1837 synodorum
396 1767 470 1836 quae
485 1745 520 1810 in
536 1743 653 1832 graecis
669 1743 833 1813 codicibus
849 1745 1097 1814 continebantur
1113 1745 1243 1836 dicturi,

129 1879 148 1918 a
171 1851 253 1920 illud
278 1849 554 1943 praemonendum
580 1858 735 1942 putamus
760 1849 818 1917 bas
843 1851 972 1942 privato
994 1853 1102 1920 studio
1121 1862 1152 1920 et
1171 1857 1246 1923 usui

128 1987 145 2026 a
172 1961 270 2029 tuisse
292 1961 490 2029 lucubratus.
512 1959 620 2026 Nullae
644 1982 685 2026 ex
706 1959 753 2026 eis
772 1967 846 2027 ante
871 1969 1001 2028 sertum
1023 1963 1179 2030 seculum
1204 1967 1245 2033 ab

130 2095 146 2134 a
171 2066 279 2156 aliqua
297 2067 396 2134 latinu
415 2065 556 2133 Ecclesia
576 2074 722 2156 receptae.
738 2091 755 2128 a
780 2067 838 2155 (lta
859 2066 1025 2154 Ballerini,
1044 2068 1140 2138 citato
1161 2071 1243 2160 loco,

125 2199 153 2242 0.
176 2178 208 2259 a,
229 2173 313 2265 aa.)

176 2284 389 2352 aversiones
412 2285 555 2375 antiquae
583 2284 681 2352 totius
707 2283 807 2372 graeci
835 2283 953 2352 codicis
980 2305 1142 2354 canonum
1169 2299 1246 2356 sunt
1342 2346 1344 2356 .

131 2419 147 2458 a
172 2401 249 2478 tres,
269 2392 459 2478 Isidoriana,
481 2391 590 2458 Prisca
611 2399 641 2458 et
670 2391 881 2480 Dionysiana.
906 2393 953 2459 De
975 2391 1102 2460 duabus
1124 2395 1246 2484 priori-

131 2529 147 2566 «
172 2503 245 2588 bus,
263 2524 336 2593 quae
358 2509 432 2568 aute
457 2500 615 2568 saeculum
638 2524 670 2568 vr
692 2509 834 2568 exaratae
864 2501 1007 2586 luerunt,
1026 2523 1113 2569 nunc
1135 2501 1246 2572 dicen-

131 2637 148 2674 «
173 2609 254 2677 dum
273 2615 359 2676 est...
376 2606 574 2698 incipiamus
592 2608 632 2674 ab
653 2606 844 2693 isidoriana,
862 2629 936 2698 quae
958 2608 1068 2676 Prisca
1083 2612 1247 2702 antiquior

130 2743 147 2780 a
172 2716 313 2785 videtur.
331 2713 474 2802 Vulgata
495 2714 557 2781 fuit
581 2737 622 2780 cx
643 2713 828 2782 collectione
850 2715 1014 2802 isidori,a
1034 2739 1100 2806 quo
1126 2741 1247 2788 nomeu

130 2852 148 2888 a
171 2823 311 2915 accepit3
331 2823 473 2889 isidorus
494 2829 603 2889 autem
623 2843 665 2889 ex
680 2821 855 2912 antiquiori
878 2823 1064 2891 collectione
1081 2825 1246 2917 hispanica

130 2959 146 2998 a
174 2932 279 3021 ipsam
307 2928 548 3020 transcripsit...
571 2929 685 2996 Latine
710 2927 853 2998 redditos
875 2930 1007 2998 exhibet
1030 2954 1168 3001 canones
1187 2935 1248 3003 Ni-

130 3066 147 3104 «
171 3061 292 3124 caenos,
306 3036 536 3128 Ancyritanos,
558 3035 845 3122 Neocaesarienses,
868 3037 1083 3128 GangrenseS,
1169 3041 1247 3111 lati-

130 3173 146 3212 a
172 3169 254 3214 uum
268 3144 429 3234 originale
453 3143 710 3230 sardicensium,
787 3146 1019 3233 Antiochenos,
1035 3146 1245 3238 Laodicenos,

131 3281 148 3320 a
172 3250 563 3342 Constantinopolitanos,
601 3259 631 3318 ct
670 3251 958 3320 Chalcedonenses.
1001 3279 1017 3317 u
1061 3254 1246 3343 (ballerini,

127 3361 223 3450 ibid.)

172 3470 220 3538 lta
246 3468 365 3536 habent
391 3465 516 3534 codices
539 3475 613 3534 ante
638 3467 818 3536 Ballcrinos
845 3469 985 3557 coguiti3
1014 3468 1069 3535 sed
1094 3471 1249 3539 Ballerini

126 3577 272 3648 codicem
291 3577 395 3645 alium
415 3575 609 3643 detexerunt
624 3576 782 3645 versionis
802 3575 1005 3660 isidorianae,
1024 3599 1125 3666 quem
1146 3580 1250 3649 multo

126 3685 345 3775 antiquiorem
372 3683 498 3750 oaeteris
522 3683 724 3768 existimant,
748 3691 779 3750 et
804 3705 902 3773 quem
924 3705 1050 3772 puram
1071 3686 1250 3754 omoorcem

127 3792 346 3861 isidorianam
367 3803 494 3861 vocant.
520 3793 576 3860 Est
598 3800 710 3859 autem
737 3800 847 3860 notatu
869 3792 1008 3881 dignum
1031 3793 1116 3861 inter
1136 3795 1200 3863 alia
1214 3797 1249 3864 in

127 3901 188 3969 hoc
213 3899 335 3985 codiee,
362 3899 570 3968 Sardioenses
594 3921 733 3966 canones
758 3921 835 3966 cum
862 3899 1003 3968 Nicaenis
1029 3901 1198 3993 conjungi,
1219 3915 1250 3972 et

128 4008 331 4099 synodorum
356 4008 507 4076 omnium
534 4029 674 4074 canones
698 4008 776 4096 poni
804 4007 873 4074 sine
899 4008 1001 4075 titulis
1027 4018 1058 4076 et
1083 4012 1248 4090 numeris;

127 4141 202 4212 quaa
219 4117 402 4186 remotioris
418 4114 619 4205 antiquitatis
633 4113 752 4181 indicia
768 4120 856 4181 sunt.

171 4225 359 4296 Concilium
385 4223 586 4313 Epaonense,
604 4244 690 4290 anno
712 4224 772 4289 517
797 4220 1009 4308 celebratum,
1026 4221 1178 4312 allegavit
1194 4249 1250 4296 ca·-
