3068 4948
527 455 609 502 sums
632 457 782 503 canonici.
1149 443 1211 508 263

93 591 264 683 probanda
283 593 339 662 illu
359 616 424 662 non
446 594 709 662 immorabimur.
727 593 768 662 Et
788 603 945 686 praeterea
966 596 1065 668 totius
1084 606 1215 668 contro-

94 703 213 772 versiae
229 702 327 774 cardo
342 704 426 774 eirea
439 703 568 774 decreta
582 703 803 796 disciplinaris
819 705 969 794 vertitur,
985 706 1025 776 de
1045 707 1165 800 quibus
1178 711 1211 778 in

91 811 304 903 sequentibus
325 813 612 906 propositionibus.

138 919 324 991 Psorosrrro
347 927 378 990 5.
393 959 437 974 -
452 922 587 992 Falsum
602 935 647 990 est
662 924 697 990 in
714 923 852 1015 antiqua
876 924 1022 994 Ecclesia
1044 948 1213 1018 nunquam

90 1028 292 1120 obliyatoria
318 1031 420 1122 [tcism
449 1029 576 1100 decreta
603 1031 793 1125 disciplina,
819 1031 885 1100 nisi
912 1032 948 1102 in
972 1034 1154 1125 prouinciis
1178 1037 1214 1104 in
1290 1067 1293 1076 ⁴

90 1137 211 1228 quibus
230 1141 446 1232 promulpata
465 1141 610 1229 fueram.
629 1177 673 1192 —
691 1139 828 1210 Sinicius
849 1140 938 1233 Papa
961 1141 1003 1211 ad
1026 1141 1210 1213 Himerium

89 1245 384 1340 Arcbiepiscopum
418 1249 692 1318 Tarraconensem
724 1275 732 1316 ι
763 1252 808 1318 Et
843 1271 1049 1342 quamquam
1085 1264 1212 1321 statuta

90 1353 189 1422 Sedis
216 1357 418 1448 Apostolicee,
445 1357 497 1426 uel
518 1379 679 1425 canonum
709 1357 906 1426 venerabilia
945 1356 1094 1448 definita,
1127 1358 1214 1428 nulli

88 1461 297 1532 sacerdotum
318 1464 455 1532 Domini
482 1465 636 1556 ipnorare
654 1463 697 1533 sit
719 1463 877 1548 liberum·
901 1465 1015 1534 utilius
1039 1477 1161 1548 tamne,
1178 1479 1209 1534 et

86 1592 153 1660 pro
176 1570 377 1663 antiquitate
391 1571 566 1642 sacedotii
589 1573 640 1641 tui
663 1572 840 1641 Dilectioni
858 1576 932 1643 Tuae
947 1595 1011 1642 esse
1030 1573 1212 1644 admodum

83 1678 212 1768 poterit
224 1679 415 1771 ploriosum,
431 1681 460 1750 si
474 1703 512 1749 ea
528 1703 600 1772 qum
614 1679 663 1749 ad
673 1691 705 1749 te
718 1681 853 1772 speciali
868 1682 1001 1750 nomine
1013 1683 1210 1773 qeneraliter

88 1787 214 1880 scripta
236 1803 323 1870 stent,
335 1813 397 1882 per
413 1789 643 1860 unanimitatis
663 1802 729 1860 tue
747 1791 999 1860 sollicitudinem
1017 1791 1053 1860 in
1077 1791 1211 1861 uniuer-

88 1918 204 1964 sorum
215 1899 364 1988 fratrum
374 1911 561 1966 nostrorum
573 1897 728 1966 notitiam
744 1900 967 1989 perferantur.
982 1898 1080 1966 Mittit
1092 1898 1212 1968 scilicet

90 2005 230 2074 Sirioius
244 2007 332 2099 Papa
347 2006 499 2099 quasdam
519 2006 702 2098 disciplinae
724 2005 851 2076 decreta
871 2006 912 2075 od
934 2005 1132 2094 Himerium‚
1149 2007 1211 2099 ipsi

90 2112 253 2183 mandans
271 2123 307 2183 ut
325 2114 380 2183 ilia
400 2136 465 2183 non
489 2123 614 2182 tantum
641 2113 808 2206 Episcopis
831 2133 900 2181 suae
921 2111 1098 2204 provinciae
1120 2136 1211 2182 com-

90 2222 249 2308 municet,
266 2221 433 2291 sedetiam
453 2222 622 2314 Episcopis
639 2221 816 2314 provinciae
838 2219 1116 2310 Carthaginiensis,
1133 2221 1212 2290 Boe-

89 2331 177 2418 tieae,
190 2330 354 2400 Lusitanae
367 2338 399 2400 et
412 2330 610 2400 Gallicianae.
622 2329 663 2398 Et
678 2329 718 2397 de
729 2326 793 2397 illis
809 2327 899 2414 dicit,
911 2350 976 2398 non
993 2350 1056 2396 esse
1071 2327 1209 2396 liberum

88 2438 309 2509 sacerdotibus
322 2441 382 2510 illa
398 2440 563 2530 ipnorare,
581 2437 637 2507 sed
655 2451 767 2506 tamen
790 2436 906 2505 utilius
922 2439 995 2529 sore
1009 2445 1040 2506 et
1061 2436 1208 2506 Himerio

88 2546 283 2637 gloriosum,
300 2548 328 2614 si
352 2569 410 2639 per
432 2546 527 2616 illum
547 2545 673 2615 caeteris
694 2545 865 2636 Episcopis
887 2544 948 2612 isto
967 2543 1095 2613 decreta
1118 2567 1210 2613 com-

88 2656 310 2726 municentur.
336 2655 400 2726 Sed
426 2655 454 2724 si
479 2655 660 2724 necessaria
679 2662 711 2722 et
732 2677 798 2723 non
822 2661 949 2722 tantum
978 2652 1066 2722 utitis
1093 2653 1209 2723 fuisset

89 2763 310 2854 promulgatio
331 2764 365 2832 in
385 2763 524 2854 siugulis
548 2761 754 2847 dioecesibus,
770 2761 910 2830 liberum
933 2773 1080 2830 ecorttra
1095 2761 1209 2852 fieuset

88 2871 310 2942 sacerdotibus
333 2871 390 2940 illa
410 2871 571 2960 ignorare,
591 2870 692 2940 donec
712 2870 747 2938 in
768 2869 1023 2962 uniuscujusque
1042 2870 1210 2960 provincia

88 2981 172 3048 facta
187 2979 301 3048 fuisset
314 2979 501 3071 publicatio.
520 2978 753 3070 Debuissetque
768 2976 905 3046 Sinicius
923 2978 970 3046 ita
988 2977 1079 3069 loqui
1097 2977 1209 3047 :Licet

88 3111 199 3157 omnes
218 3087 398 3157 sacerdotes
420 3088 557 3156 Domini
578 3087 655 3156 aliis
674 3085 790 3155 mediis
810 3085 976 3176 seqnituri
996 3085 1059 3154 sint
1081 3084 1209 3154 decreta

89 3219 162 3264 mea
178 3196 248 3265 baec
263 3196 309 3265 ad
323 3209 354 3264 te
368 3195 479 3278 misso,
497 3209 618 3277 tamen,
638 3217 713 3264 cum
728 3195 905 3263 necessaria
924 3194 966 3262 sit
982 3194 1209 3286 promulqatio

89 3307 122 3372 in
136 3328 337 3397 unaquaque
352 3305 479 3374 dioecesi
503 3319 539 3372 ut
555 3305 752 3395 oblipatoria
774 3303 927 3385 evadam,
946 3326 1079 3372 moneas
1099 3327 1209 3372 omnes

89 3413 268 3506 Episcopus
289 3425 326 3480 ut
343 3412 429 3480 banc
451 3413 755 3504 promulpationem
775 3411 914 3502 faciam.
939 3409 1042 3480 Porro
1064 3410 1125 3480 hoc
1146 3434 1210 3479 non

89 3521 185 3607 dixit,
203 3518 259 3587 sed
283 3519 377 3610 plane
401 3519 617 3606 contrarium.
643 3517 733 3588 Idem
758 3519 885 3588 eruitur
900 3539 942 3585 ex
964 3517 1208 3615 Innocentiinad

89 3628 293 3719 Exuperium
311 3626 509 3695 Tolosanum
530 3625 725 3718 Episcopum
745 3624 893 3718 epistola,
908 3624 942 3690 in
963 3646 1028 3716 quo
1048 3624 1157 3715 agitur
1170 3625 1210 3693 de

89 3725 215 3807 clericis
236 3746 310 3806 ante
336 3736 575 3807 ordinationem
602 3760 695 3807 suam
721 3737 880 3823 uxoratis,
902 3735 960 3827 qui
983 3742 1055 3827 post
1077 3734 1212 3826 praefata

90 3846 199 3914 Siricii
219 3844 347 3914 decreta
367 3845 601 3914 commercium
622 3867 696 3914 oum
719 3844 879 3913 uxoribus
903 3841 1049 3911 nondum
1072 3841 1212 3934 relique-

91 3963 163 4023 rant
180 3981 188 4020 :
205 3955 294 4026 Nam
305 3952 335 4020 si
348 3952 394 4022 ad
407 3953 534 4045 clipuos
553 3955 665 4045 [orma
684 3951 744 4021 illa
764 3950 982 4020 ecclesiasticae
997 3949 1072 4018 vitu
1085 3948 1213 4041 pariter

93 4075 121 4129 et
142 4060 322 4153 disciplima
349 4083 421 4152 qua
444 4061 486 4129 ab
512 4063 674 4153 Episcopo
702 4060 822 4130 Siricio
847 4059 893 4129 ad
914 4058 1102 4152 provincias
1125 4082 1213 4126 com-

93 4171 225 4255 meauit,
254 4193 318 4238 non
341 4170 544 4265 probabitur
569 4169 769 4264 peruenisse,
798 4168 848 4237 nis
881 4165 1094 4260 iqnoratiom's
1121 4167 1214 4236 venia
