3050 4946
517 503 600 550 artois
621 501 772 550 alsonus.
1140 473 1201 539 llll

77 643 315 712 tantummodo
329 645 365 712 in
380 644 561 713 isidoriana
573 643 758 713 collectione
772 643 913 710 citantur
928 639 1072 732 epistola
1087 639 1121 707 S.
1135 639 1201 706 Ro-

77 752 210 840 nilacii,
231 753 286 821 sed
302 753 401 821 etiam
419 753 592 821 abbatissae
613 753 754 841 Caugitb
770 752 810 820 ad
826 750 861 818 S.
881 750 1107 834 Bonilacium;
1126 770 1200 840 quae

78 882 152 927 non
172 859 208 927 in
232 861 401 951 Hispania,
418 860 473 929 sed
494 862 527 928 in
543 861 732 946 Germania,
747 859 806 928 ubi
822 859 870 927 illi
883 857 1096 948 versatiffsunt
1109 857 1202 924 inve·

76 969 149 1036 niri
166 977 351 1060 potuerunt.

127 1079 337 1150 Concludunt
356 1081 512 1149 Ballerini
537 1081 595 1170 (De
620 1081 721 1172 antiq.
747 1081 869 1149 collect.
898 1101 985 1166 can,
1010 1102 1043 1170 p.
1070 1083 1102 1166 3,
1117 1102 1145 1147 c.
1166 1083 1198 1163 6,

75 1187 102 1278 ξ
122 1189 167 1278 l),
191 1198 223 1256 ct
237 1189 388 1257 Zaccaria
403 1189 591 1280 (Antiiebr.‚
608 1189 686 1258 diss.
708 1193 740 1276 3,
757 1213 785 1258 c.
806 1191 851 1280 3),
868 1189 1081 1281 impostorem
1102 1187 1202 1257 fuisse

73 1296 225 1388 aliquem
261 1297 392 1366 Gallum
424 1308 479 1366 aut
517 1297 886 1366 Gallo-Germanicum.
921 1298 1020 1366 Putat
1052 1297 1201 1365 Zaecaria

74 1405 236 1474 fraudem
268 1407 475 1476 tribuendam
505 1431 574 1476 esse
608 1409 741 1476 cuidam
772 1407 943 1476 Benedicta
972 1409 1104 1490 Levita,
1138 1409 1200 1476 Ec-

75 1513 190 1580 clesiae
215 1513 478 1602 Mogontinensis
499 1515 627 1600 clerica,
651 1539 669 1582 a
695 1537 760 1607 quo
784 1516 882 1583 etiam
904 1523 970 1582 tres
996 1515 1073 1583 libri
1103 1516 1199 1607 Capi-

75 1621 241 1689 tularium
257 1623 364 1691 Caroli
381 1623 493 1713 Magni
507 1633 538 1691 et
553 1623 710 1692 Ludovici
727 1623 776 1690 Pii
792 1623 921 1692 conflati
934 1632 1010 1694 sunt
1020 1648 1105 1694 anno
1122 1630 1198 1694 stt.

73 1729 162 1795 Haec
183 1739 292 1798 autem
309 1729 349 1797 de
364 1739 495 1798 auctore
519 1729 612 1799 Galla
629 1739 685 1798 aut
698 1731 1010 1802 Galla-Germanico
1026 1735 1197 1820 sententia,

75 1837 211 1905 duabus
237 1839 308 1906 aliis
334 1839 516 1907 rationibus
543 1861 562 1906 a
588 1839 762 1907 Ballerinis
781 1839 997 1909 confirmatur
1021 1869 1027 1908 :
1047 1845 1102 1910 En
1125 1846 1201 1914 Ma—

75 1947 198 2034 puntia
218 1945 361 2037 quidem,
387 1947 491 2031 aiunt,
516 1946 734 2014 collectionem
754 1947 915 2039 prodiisse
943 1961 975 2016 et
988 1970 1051 2039 per
1076 1949 1202 2017 Gallias

76 2053 296 2123 disseminato
321 2055 421 2144 nense
449 2054 652 2145 exemplaria
681 2057 860 2124 Hincmaro
887 2070 965 2126 teste
992 2063 1174 2154 accepimns
1190 2091 1200 2130 ,·

76 2163 151 2253 qni,
181 2165 252 2231 licet
274 2164 308 2232 in
329 2187 364 2233 ea
384 2165 556 2256 subnasci,
576 2165 664 2255 quad
678 2189 880 2256 presumens
901 2182 1068 2238 erectorem
1082 2175 1120 2240 S.
1135 2174 1200 2240 lsi-

76 2271 202 2340 darnm
226 2273 463 2364 Hispalensem,
489 2295 562 2340 eam
587 2296 627 2341 ec
648 2275 811 2364 Hispania
832 2275 973 2344 allatam
990 2277 1141 2362 tradidit,
1166 2280 1200 2346 in

76 2403 117 2448 eo
144 2393 255 2448 tamen
282 2381 405 2471 quade
426 2381 599 2471 Mapnntia
626 2381 740 2449 eadem
765 2382 908 2450 collectio
928 2385 1064 2476 culpata
1084 2388 1197 2478 ficerit,

76 2488 211 2555 conlato
232 2487 400 2556 Benedicti
419 2489 540 2556 Levitae
567 2489 749 2556 testimonia
768 2491 914 2558 manne
939 2493 1196 2582 confirmetur...

75 2590 210 2658 Accedit
230 2591 364 2658 tandem
379 2604 612 2683 arpnmentnm
626 2592 786 2673 omnium,
805 2605 841 2659 nt
857 2593 947 2660 nabis
962 2593 1094 2685 quidem
1110 2597 1199 2665 aide-

76 2713 148 2780 tnr,
178 2700 423 2789 pronissimum.
452 2704 539 2768 mm
563 2700 721 2793 impostor
747 2701 953 2793 hispanicam
979 2704 1198 2776 collectionem

74 2831 148 2876 sue
164 2809 311 2890 inseruit,
329 2833 392 2876 nan
404 2831 481 2876 usus
493 2822 538 2875 est
553 2807 714 2877 codicibus
732 2809 888 2901 Hispane
903 2812 1049 2902 oripinis,
1064 2814 1121 2882 sed
1135 2817 1186 2884 ill'

75 2917 216 3007 ampinis
233 2919 414 2987 Gallicane
431 2919 503 3009 (bac
518 2918 657 3009 probant
670 2919 824 2986 Ballerini
850 2943 891 2988 ex
911 2923 1011 2990 variis
1032 2924 1199 2994 codicibus

75 3049 98 3093 a
113 3047 147 3093 se
166 3025 302 3112 collatis,
322 3037 393 3094 tum
408 3028 454 3094 sic
469 3027 676 3115 concludunt)
696 3053 702 3094 :
719 3027 816 3096 Nittt
829 3051 903 3118 erpo
920 3028 1140 3101 dubitandum
1155 3047 1199 3103 est

77 3133 161 3223 quin
173 3133 460 3202 Pseudo-Isidorus
523 3133 663 3202 codicem
678 3134 866 3204 adbibuerit
879 3160 945 3204 nan
960 3139 1116 3230 Hispanae
1131 3145 1198 3210 ori-

75 3241 176 3331 pinis,
190 3241 248 3310 sed
260 3243 452 3311 Gallicane.
470 3241 559 3326 Quid
570 3243 640 3310 ite?
655 3244 728 3312 Nisi
741 3245 820 3334 qnia
836 3245 872 3312 in
886 3244 1015 3327 Galliis,
1031 3248 1089 3315 nbi
1103 3263 1198 3318 nant

76 3350 275 3442 hujusmodi
292 3350 425 3438 codices,
445 3373 509 3418 nan
531 3364 643 3418 autem
664 3352 698 3418 in
723 3353 885 3442 Hispania
913 3376 1010 3421 snam
1035 3356 1195 3425 collectio·

75 3482 154 3527 nem
169 3459 313 3550 dipessit.
334 3460 413 3542 (lais
427 3481 503 3549 erqo
514 3472 590 3550 post
615 3472 662 3526 tat
678 3483 717 3526 oc
736 3472 806 3526 tam
827 3461 1000 3550 manifesta
1017 3463 1141 3532 indicia
1158 3466 1197 3535 de

75 3579 212 3635 anctore
233 3566 405 3636 Gallicana
427 3589 483 3634 sen
508 3567 819 3634 Germano-Franco
834 3565 943 3634 adbuc
962 3569 1196 3660 omdipendnm

69 3681 193 3768 putet?
213 3675 301 3765 Ergo
327 3674 444 3759 Gallia,
470 3675 504 3741 in
518 3697 584 3765 qua
602 3683 670 3741 tam
693 3673 904 3741 vehementer
922 3682 1035 3744 cantra
1050 3692 1194 3752 sanctam

75 3789 197 3856 Sedcm
224 3787 266 3857 ob
289 3787 386 3855 lalsas
408 3786 584 3856 decretales
606 3786 756 3877 proxime
781 3787 898 3878 elapsis
921 3791 1050 3860 saeculis
1075 3794 1195 3865 clami-

72 3903 182 3964 tatum
197 3903 257 3980 est,
274 3895 465 3986 imposturae
480 3903 648 3962 auctorem
665 3894 727 3961 sibi
742 3895 909 3962 vindicare
922 3896 1028 3968 debet.

119 4005 160 4072 ll.
182 4007 253 4088 Qua
266 4019 410 4096 tempore
425 4003 505 4071 liber
521 4002 636 4071 editas.
650 4041 696 4054 -
710 4003 861 4072 Continet
874 4005 1017 4075 collectio
1032 4011 1192 4100 quasdam

75 4113 252 4182 decretales
275 4113 396 4183 Urbani
418 4113 432 4180 l
454 4120 485 4181 et
509 4111 644 4182 loannis
671 4111 728 4193 111,
760 4113 794 4178 in
820 4111 942 4203 quibus
968 4114 1128 4206 impostor
1154 4125 1193 4190 de

74 4221 175 4291 verbo
195 4221 237 4289 ad
257 4222 396 4290 verbum
417 4222 554 4288 inseruit
576 4219 735 4311 quasdem
758 4222 933 4289 sententias
947 4224 1079 4292 concilii
1094 4227 1192 4298 Pari-

997 4337 1037 4398 29
