<?xml version="1.0" encoding="UTF-8"?>
<!DOCTYPE html PUBLIC "-//W3C//DTD XHTML 1.0 Transitional//EN"
    "http://www.w3.org/TR/xhtml1/DTD/xhtml1-transitional.dtd">
<html xmlns="http://www.w3.org/1999/xhtml" xml:lang="en" lang="en">
 <head>
  <title>
</title>
<meta http-equiv="Content-Type" content="text/html;charset=utf-8" />
  <meta name='ocr-system' content='tesseract 3.04.00' />
  <meta name='ocr-capabilities' content='ocr_page ocr_carea ocr_par ocr_line ocrx_word'/>
</head>
<body>
  <div class='ocr_page' id='page_1' title='image "./tractatusdeprin00bouigoog_0221.png"; bbox 0 0 3064 4952; ppageno 0'>
   <div class='ocr_carea' id='block_1_1' title="bbox 267 457 1037 526">
    <p class='ocr_par' dir='ltr' id='par_1_1' title="bbox 267 457 1037 526">
     <span class='ocr_line' id='line_1_1' title="bbox 267 457 1037 526; baseline -0.001 -2"><span class='ocrx_word' id='word_1_1' title='bbox 267 457 329 526; x_wconf 81' lang='lat'>206</span> <span class='ocrx_word' id='word_1_2' title='bbox 624 477 799 524; x_wconf 74' lang='lat' dir='ltr'>cancrosus</span> <span class='ocrx_word' id='word_1_3' title='bbox 822 479 860 524; x_wconf 83' lang='lat' dir='ltr'>on</span> <span class='ocrx_word' id='word_1_4' title='bbox 882 477 1037 525; x_wconf 81' lang='lat' dir='ltr'>enrncnns</span> 
     </span>
    </p>
   </div>
   <div class='ocr_carea' id='block_1_2' title="bbox 263 613 1390 1250">
    <p class='ocr_par' dir='ltr' id='par_1_2' title="bbox 263 613 1390 1250">
     <span class='ocr_line' id='line_1_2' title="bbox 263 613 1384 710; baseline -0.002 -24"><span class='ocrx_word' id='word_1_5' title='bbox 263 619 404 688; x_wconf 78' lang='lat' dir='ltr'>tentibus</span> <span class='ocrx_word' id='word_1_6' title='bbox 423 617 592 688; x_wconf 80' lang='lat' dir='ltr'><em>Sanctitas</em></span> <span class='ocrx_word' id='word_1_7' title='bbox 612 620 723 686; x_wconf 86' lang='lat' dir='ltr'>Vestro</span> <span class='ocrx_word' id='word_1_8' title='bbox 739 619 875 708; x_wconf 79' lang='lat' dir='ltr'>siapnlis</span> <span class='ocrx_word' id='word_1_9' title='bbox 896 619 1031 686; x_wconf 80' lang='lat' dir='ltr'>ecclesiis</span> <span class='ocrx_word' id='word_1_10' title='bbox 1046 617 1128 710; x_wconf 81' lang='lat' dir='ltr'>quid</span> <span class='ocrx_word' id='word_1_11' title='bbox 1142 615 1313 686; x_wconf 78' lang='lat' dir='ltr'>observare</span> <span class='ocrx_word' id='word_1_12' title='bbox 1328 613 1384 684; x_wconf 87' lang='lat' dir='ltr'>de·</span> 
     </span>
     <span class='ocr_line' id='line_1_3' title="bbox 265 723 1385 820; baseline -0.002 -26"><span class='ocrx_word' id='word_1_13' title='bbox 265 726 362 796; x_wconf 80' lang='lat' dir='ltr'><em>beant</em></span> <span class='ocrx_word' id='word_1_14' title='bbox 375 725 537 796; x_wconf 84' lang='lat' dir='ltr'>evidenter</span> <span class='ocrx_word' id='word_1_15' title='bbox 553 725 714 795; x_wconf 80' lang='lat' dir='ltr'>ostendat.</span> <span class='ocrx_word' id='word_1_16' title='bbox 731 726 766 795; x_wconf 90' lang='lat' dir='ltr'>Si</span> <span class='ocrx_word' id='word_1_17' title='bbox 780 725 965 796; x_wconf 87' lang='lat' dir='ltr'>Galliarum</span> <span class='ocrx_word' id='word_1_18' title='bbox 978 727 1141 796; x_wconf 82' lang='lat' dir='ltr'>Praesnles</span> <span class='ocrx_word' id='word_1_19' title='bbox 1155 733 1325 820; x_wconf 88' lang='lat' dir='ltr'>putassent</span> <span class='ocrx_word' id='word_1_20' title='bbox 1337 723 1385 792; x_wconf 91' lang='lat' dir='ltr'>le-</span> 
     </span>
     <span class='ocr_line' id='line_1_4' title="bbox 264 834 1386 928; baseline -0.002 -25"><span class='ocrx_word' id='word_1_21' title='bbox 264 859 321 926; x_wconf 82' lang='lat' dir='ltr'>ges</span> <span class='ocrx_word' id='word_1_22' title='bbox 335 836 516 928; x_wconf 88' lang='lat' dir='ltr'>pontificias</span> <span class='ocrx_word' id='word_1_23' title='bbox 530 836 654 905; x_wconf 88' lang='lat' dir='ltr'>irritari</span> <span class='ocrx_word' id='word_1_24' title='bbox 673 859 767 928; x_wconf 90' lang='lat' dir='ltr'>posse</span> <span class='ocrx_word' id='word_1_25' title='bbox 782 859 841 928; x_wconf 89' lang='lat' dir='ltr'>per</span> <span class='ocrx_word' id='word_1_26' title='bbox 856 836 1192 928; x_wconf 87' lang='lat' dir='ltr'>uon-ecceptationem</span> <span class='ocrx_word' id='word_1_27' title='bbox 1208 834 1386 926; x_wconf 88' lang='lat' dir='ltr'>Episcopo·</span> 
     </span>
     <span class='ocr_line' id='line_1_5' title="bbox 264 939 1386 1036; baseline -0.004 -25"><span class='ocrx_word' id='word_1_28' title='bbox 264 966 353 1030; x_wconf 88' lang='lat' dir='ltr'>rum,</span> <span class='ocrx_word' id='word_1_29' title='bbox 370 953 401 1013; x_wconf 89' lang='lat' dir='ltr'>et</span> <span class='ocrx_word' id='word_1_30' title='bbox 413 943 453 1012; x_wconf 91' lang='lat' dir='ltr'>ad</span> <span class='ocrx_word' id='word_1_31' title='bbox 464 944 642 1036; x_wconf 87' lang='lat' dir='ltr'>Episcopos</span> <span class='ocrx_word' id='word_1_32' title='bbox 654 944 818 1035; x_wconf 87' lang='lat' dir='ltr'>pertinere</span> <span class='ocrx_word' id='word_1_33' title='bbox 826 943 991 1035; x_wconf 88' lang='lat' dir='ltr'>judicium</span> <span class='ocrx_word' id='word_1_34' title='bbox 1000 945 1040 1011; x_wconf 89' lang='lat' dir='ltr'>de</span> <span class='ocrx_word' id='word_1_35' title='bbox 1049 943 1220 1035; x_wconf 86' lang='lat' dir='ltr'>disciplina</span> <span class='ocrx_word' id='word_1_36' title='bbox 1231 939 1386 1028; x_wconf 67' lang='lat' dir='ltr'>uuanda,</span> 
     </span>
     <span class='ocr_line' id='line_1_6' title="bbox 263 1051 1389 1144; baseline -0.003 -25"><span class='ocrx_word' id='word_1_37' title='bbox 263 1074 305 1119; x_wconf 89' lang='lat' dir='ltr'>au</span> <span class='ocrx_word' id='word_1_38' title='bbox 330 1052 414 1120; x_wconf 89' lang='lat' dir='ltr'>sario</span> <span class='ocrx_word' id='word_1_39' title='bbox 435 1053 617 1144; x_wconf 87' lang='lat' dir='ltr'>potuissent</span> <span class='ocrx_word' id='word_1_40' title='bbox 638 1075 770 1120; x_wconf 90' lang='lat' dir='ltr'>summo</span> <span class='ocrx_word' id='word_1_41' title='bbox 796 1052 948 1122; x_wconf 82' lang='lat' dir='ltr'>Pontifici</span> <span class='ocrx_word' id='word_1_42' title='bbox 970 1051 1103 1120; x_wconf 79' lang='lat' dir='ltr'>dicere:</span> <span class='ocrx_word' id='word_1_43' title='bbox 1127 1051 1264 1120; x_wconf 80' lang='lat' dir='ltr'><strong>Necesse</strong></span> <span class='ocrx_word' id='word_1_44' title='bbox 1286 1059 1336 1118; x_wconf 89' lang='lat' dir='ltr'>est</span> <span class='ocrx_word' id='word_1_45' title='bbox 1351 1059 1389 1117; x_wconf 88' lang='lat' dir='ltr'>ut</span> 
     </span>
     <span class='ocr_line' id='line_1_7' title="bbox 264 1157 1390 1250; baseline -0.002 -24"><span class='ocrx_word' id='word_1_46' title='bbox 264 1157 470 1250; x_wconf 83' lang='lat' dir='ltr'>disciplinam</span> <span class='ocrx_word' id='word_1_47' title='bbox 490 1183 509 1226; x_wconf 90' lang='lat' dir='ltr'>a</span> <span class='ocrx_word' id='word_1_48' title='bbox 531 1159 670 1250; x_wconf 83' lang='lat' dir='ltr'>siugulis</span> <span class='ocrx_word' id='word_1_49' title='bbox 691 1159 834 1228; x_wconf 88' lang='lat' dir='ltr'>ecclesiis</span> <span class='ocrx_word' id='word_1_50' title='bbox 858 1158 1034 1228; x_wconf 87' lang='lat' dir='ltr'>tenendam</span> <span class='ocrx_word' id='word_1_51' title='bbox 1060 1168 1096 1228; x_wconf 89' lang='lat' dir='ltr'>tu</span> <span class='ocrx_word' id='word_1_52' title='bbox 1120 1157 1331 1242; x_wconf 74' lang='lat' dir='ltr'>determines,</span> <span class='ocrx_word' id='word_1_53' title='bbox 1357 1169 1390 1225; x_wconf 89' lang='lat' dir='ltr'>et</span> 
     </span>
    </p>
   </div>
   <div class='ocr_carea' id='block_1_3' title="bbox 236 1264 1390 1798">
    <p class='ocr_par' dir='ltr' id='par_1_3' title="bbox 263 1264 1389 1577">
     <span class='ocr_line' id='line_1_8' title="bbox 264 1264 1389 1361; baseline 0 -27"><span class='ocrx_word' id='word_1_54' title='bbox 264 1274 300 1334; x_wconf 92' lang='lat' dir='ltr'>ut</span> <span class='ocrx_word' id='word_1_55' title='bbox 322 1265 455 1334; x_wconf 85' lang='lat' dir='ltr'>evidens</span> <span class='ocrx_word' id='word_1_56' title='bbox 476 1267 519 1335; x_wconf 90' lang='lat' dir='ltr'>sit</span> <span class='ocrx_word' id='word_1_57' title='bbox 538 1292 613 1361; x_wconf 83' lang='lat' dir='ltr'>quae</span> <span class='ocrx_word' id='word_1_58' title='bbox 627 1267 669 1335; x_wconf 89' lang='lat' dir='ltr'>sit</span> <span class='ocrx_word' id='word_1_59' title='bbox 683 1267 856 1359; x_wconf 78' lang='lat' dir='ltr'>disciplina</span> <span class='ocrx_word' id='word_1_60' title='bbox 872 1267 1022 1354; x_wconf 83' lang='lat' dir='ltr'>tenenda,</span> <span class='ocrx_word' id='word_1_61' title='bbox 1039 1275 1076 1335; x_wconf 91' lang='lat' dir='ltr'>tu</span> <span class='ocrx_word' id='word_1_62' title='bbox 1088 1267 1177 1360; x_wconf 91' lang='lat' dir='ltr'>loqui</span> <span class='ocrx_word' id='word_1_63' title='bbox 1191 1276 1224 1335; x_wconf 88' lang='lat' dir='ltr'>et</span> <span class='ocrx_word' id='word_1_64' title='bbox 1238 1264 1389 1334; x_wconf 80' lang='lat' dir='ltr'>decidere</span> 
     </span>
     <span class='ocr_line' id='line_1_9' title="bbox 263 1375 1385 1466; baseline 0.005 -24"><span class='ocrx_word' id='word_1_65' title='bbox 263 1375 379 1444; x_wconf 88' lang='lat' dir='ltr'>debes‘t</span> <span class='ocrx_word' id='word_1_66' title='bbox 394 1379 458 1446; x_wconf 90' lang='lat' dir='ltr'>Hic</span> <span class='ocrx_word' id='word_1_67' title='bbox 471 1379 560 1446; x_wconf 88' lang='lat' dir='ltr'>enim</span> <span class='ocrx_word' id='word_1_68' title='bbox 577 1389 625 1446; x_wconf 87' lang='lat' dir='ltr'>est</span> <span class='ocrx_word' id='word_1_69' title='bbox 638 1399 752 1448; x_wconf 86' lang='lat' dir='ltr'>sensus</span> <span class='ocrx_word' id='word_1_70' title='bbox 763 1378 937 1448; x_wconf 88' lang='lat' dir='ltr'>allatorum</span> <span class='ocrx_word' id='word_1_71' title='bbox 953 1381 1145 1466; x_wconf 89' lang='lat' dir='ltr'>verborum,</span> <span class='ocrx_word' id='word_1_72' title='bbox 1163 1402 1224 1448; x_wconf 90' lang='lat' dir='ltr'>nec</span> <span class='ocrx_word' id='word_1_73' title='bbox 1237 1381 1271 1448; x_wconf 91' lang='lat' dir='ltr'>in</span> <span class='ocrx_word' id='word_1_74' title='bbox 1281 1380 1385 1448; x_wconf 89' lang='lat' dir='ltr'>alium</span> 
     </span>
     <span class='ocr_line' id='line_1_10' title="bbox 267 1483 516 1577; baseline 0.016 -27"><span class='ocrx_word' id='word_1_75' title='bbox 267 1483 351 1552; x_wconf 87' lang='lat' dir='ltr'>flecti</span> <span class='ocrx_word' id='word_1_76' title='bbox 368 1495 516 1577; x_wconf 78' lang='lat' dir='ltr'>possunt.</span> 
     </span>
    </p>

    <p class='ocr_par' dir='ltr' id='par_1_4' title="bbox 236 1593 1390 1798">
     <span class='ocr_line' id='line_1_11' title="bbox 236 1593 1387 1684; baseline 0.005 -24"><span class='ocrx_word' id='word_1_77' title='bbox 236 1641 238 1644; x_wconf 29' lang='grc' dir='ltr'>ψ</span> <span class='ocrx_word' id='word_1_78' title='bbox 309 1593 412 1662; x_wconf 85' lang='lat' dir='ltr'>Testis</span> <span class='ocrx_word' id='word_1_79' title='bbox 425 1595 523 1662; x_wconf 87' lang='lat' dir='ltr'>etiam</span> <span class='ocrx_word' id='word_1_80' title='bbox 538 1596 579 1664; x_wconf 89' lang='lat' dir='ltr'>sit</span> <span class='ocrx_word' id='word_1_81' title='bbox 594 1595 763 1666; x_wconf 81' lang='lat' dir='ltr'>catholicae</span> <span class='ocrx_word' id='word_1_82' title='bbox 778 1598 936 1666; x_wconf 74' lang='lat' dir='ltr'>doctrina</span> <span class='ocrx_word' id='word_1_83' title='bbox 951 1607 1082 1668; x_wconf 89' lang='lat' dir='ltr'>sauctus</span> <span class='ocrx_word' id='word_1_84' title='bbox 1095 1599 1153 1669; x_wconf 86' lang='lat' dir='ltr'>lvo</span> <span class='ocrx_word' id='word_1_85' title='bbox 1163 1598 1387 1684; x_wconf 88' lang='lat' dir='ltr'>Carnoteasis,</span> 
     </span>
     <span class='ocr_line' id='line_1_12' title="bbox 264 1699 1390 1798; baseline 0.005 -30"><span class='ocrx_word' id='word_1_86' title='bbox 264 1699 408 1768; x_wconf 86' lang='lat' dir='ltr'>eximius</span> <span class='ocrx_word' id='word_1_87' title='bbox 437 1700 492 1770; x_wconf 88' lang='lat' dir='ltr'>illc</span> <span class='ocrx_word' id='word_1_88' title='bbox 522 1704 666 1795; x_wconf 79' lang='lat' dir='ltr'>antiquae</span> <span class='ocrx_word' id='word_1_89' title='bbox 691 1703 842 1773; x_wconf 82' lang='lat' dir='ltr'>Ecclesiae</span> <span class='ocrx_word' id='word_1_90' title='bbox 868 1704 1037 1795; x_wconf 73' lang='lat' dir='ltr'>gallicana</span> <span class='ocrx_word' id='word_1_91' title='bbox 1068 1705 1222 1798; x_wconf 81' lang='lat' dir='ltr'>splendor</span> <span class='ocrx_word' id='word_1_92' title='bbox 1246 1734 1253 1773; x_wconf 77' lang='grc' dir='ltr'><strong><em>ε</em></strong></span> <span class='ocrx_word' id='word_1_93' title='bbox 1277 1706 1390 1796; x_wconf 83' lang='lat' dir='ltr'>Hujus</span> 
     </span>
    </p>
   </div>
   <div class='ocr_carea' id='block_1_4' title="bbox 262 1807 1393 4282">
    <p class='ocr_par' dir='ltr' id='par_1_5' title="bbox 262 1807 1391 2114">
     <span class='ocr_line' id='line_1_13' title="bbox 268 1807 1391 1906; baseline 0.005 -32"><span class='ocrx_word' id='word_1_94' title='bbox 268 1807 475 1899; x_wconf 83' lang='lat' dir='ltr'>(Apostolicae</span> <span class='ocrx_word' id='word_1_95' title='bbox 491 1809 595 1901; x_wconf 89' lang='lat' dir='ltr'>Sedis)</span> <span class='ocrx_word' id='word_1_96' title='bbox 616 1809 757 1903; x_wconf 83' lang='lat' dir='ltr'>judiciis</span> <span class='ocrx_word' id='word_1_97' title='bbox 772 1823 803 1879; x_wconf 89' lang='lat' dir='ltr'>et</span> <span class='ocrx_word' id='word_1_98' title='bbox 815 1813 1099 1882; x_wconf 70' lang='lat' dir='ltr'>constitutionibus</span> <span class='ocrx_word' id='word_1_99' title='bbox 1113 1814 1255 1894; x_wconf 83' lang='lat' dir='ltr'>obviare,</span> <span class='ocrx_word' id='word_1_100' title='bbox 1282 1812 1391 1906; x_wconf 83' lang='lat' dir='ltr'>plane</span> 
     </span>
     <span class='ocr_line' id='line_1_14' title="bbox 265 1914 1388 2013; baseline 0.005 -31"><span class='ocrx_word' id='word_1_101' title='bbox 265 1928 310 1982; x_wconf 87' lang='lat' dir='ltr'>est</span> <span class='ocrx_word' id='word_1_102' title='bbox 320 1914 665 2008; x_wconf 73' lang='lat' dir='ltr'>bareticaprooitatis</span> <span class='ocrx_word' id='word_1_103' title='bbox 675 1932 790 1988; x_wconf 84' lang='lat' dir='ltr'>notam</span> <span class='ocrx_word' id='word_1_104' title='bbox 801 1919 975 1988; x_wconf 79' lang='lat' dir='ltr'>incurrere.</span> <span class='ocrx_word' id='word_1_105' title='bbox 992 1920 1101 2012; x_wconf 83' lang='lat' dir='ltr'>(Apud</span> <span class='ocrx_word' id='word_1_106' title='bbox 1110 1920 1388 2013; x_wconf 77' lang='lat' dir='ltr'>Arctisebronium,</span> 
     </span>
     <span class='ocr_line' id='line_1_15' title="bbox 262 2023 835 2114; baseline 0.01 -24"><span class='ocrx_word' id='word_1_107' title='bbox 262 2033 286 2092; x_wconf 89' lang='lat' dir='ltr'>t.</span> <span class='ocrx_word' id='word_1_108' title='bbox 301 2023 358 2110; x_wconf 91' lang='lat' dir='ltr'>Ill,</span> <span class='ocrx_word' id='word_1_109' title='bbox 375 2025 454 2094; x_wconf 89' lang='lat' dir='ltr'>diss.</span> <span class='ocrx_word' id='word_1_110' title='bbox 472 2029 504 2113; x_wconf 82' lang='grc'>6,</span> <span class='ocrx_word' id='word_1_111' title='bbox 519 2049 547 2094; x_wconf 92' lang='lat' dir='ltr'>c.</span> <span class='ocrx_word' id='word_1_112' title='bbox 567 2031 611 2114; x_wconf 80' lang='grc'>3.)</span> <span class='ocrx_word' id='word_1_113' title='bbox 831 2030 835 2038; x_wconf 90' lang='grc'><strong>’</strong></span> 
     </span>
    </p>

    <p class='ocr_par' dir='ltr' id='par_1_6' title="bbox 264 2134 1392 2546">
     <span class='ocr_line' id='line_1_16' title="bbox 309 2134 1392 2226; baseline 0.001 -24"><span class='ocrx_word' id='word_1_114' title='bbox 309 2135 381 2226; x_wconf 89' lang='lat' dir='ltr'>lpse</span> <span class='ocrx_word' id='word_1_115' title='bbox 400 2134 598 2204; x_wconf 87' lang='lat' dir='ltr'>Hincmarus</span> <span class='ocrx_word' id='word_1_116' title='bbox 614 2134 822 2223; x_wconf 88' lang='lat' dir='ltr'>Rbemensis,</span> <span class='ocrx_word' id='word_1_117' title='bbox 838 2137 913 2206; x_wconf 88' lang='lat' dir='ltr'>licet</span> <span class='ocrx_word' id='word_1_118' title='bbox 937 2146 984 2205; x_wconf 93' lang='lat' dir='ltr'>tot</span> <span class='ocrx_word' id='word_1_119' title='bbox 1006 2137 1041 2205; x_wconf 91' lang='lat' dir='ltr'>in</span> <span class='ocrx_word' id='word_1_120' title='bbox 1063 2159 1097 2206; x_wconf 89' lang='lat' dir='ltr'>se</span> <span class='ocrx_word' id='word_1_121' title='bbox 1118 2137 1278 2206; x_wconf 74' lang='lat' dir='ltr'>Romanae</span> <span class='ocrx_word' id='word_1_122' title='bbox 1293 2134 1392 2204; x_wconf 89' lang='lat' dir='ltr'>Sedis</span> 
     </span>
     <span class='ocr_line' id='line_1_17' title="bbox 264 2241 1392 2336; baseline -0.001 -24"><span class='ocrx_word' id='word_1_123' title='bbox 264 2243 413 2336; x_wconf 83' lang='lat' dir='ltr'>querelas</span> <span class='ocrx_word' id='word_1_124' title='bbox 424 2241 464 2310; x_wconf 90' lang='lat' dir='ltr'>de</span> <span class='ocrx_word' id='word_1_125' title='bbox 479 2243 641 2310; x_wconf 87' lang='lat' dir='ltr'>insincera</span> <span class='ocrx_word' id='word_1_126' title='bbox 653 2243 836 2312; x_wconf 87' lang='lat' dir='ltr'>obedientia</span> <span class='ocrx_word' id='word_1_127' title='bbox 847 2244 1068 2330; x_wconf 79' lang='lat' dir='ltr'>concitaverit,</span> <span class='ocrx_word' id='word_1_128' title='bbox 1081 2243 1245 2312; x_wconf 79' lang='lat' dir='ltr'>dictitabat</span> <span class='ocrx_word' id='word_1_129' title='bbox 1263 2246 1392 2335; x_wconf 83' lang='lat' dir='ltr'>:Apos-</span> 
     </span>
     <span class='ocr_line' id='line_1_18' title="bbox 266 2336 1389 2442; baseline -0.002 -24"><span class='ocrx_word' id='word_1_130' title='bbox 266 2351 370 2418; x_wconf 77' lang='lat' dir='ltr'>tolicae</span> <span class='ocrx_word' id='word_1_131' title='bbox 394 2348 489 2418; x_wconf 84' lang='lat' dir='ltr'>Sedis</span> <span class='ocrx_word' id='word_1_132' title='bbox 512 2336 645 2418; x_wconf 85' lang='lat' dir='ltr'>decretis</span> <span class='ocrx_word' id='word_1_133' title='bbox 671 2350 705 2420; x_wconf 84' lang='lat' dir='ltr'>in</span> <span class='ocrx_word' id='word_1_134' title='bbox 722 2350 873 2419; x_wconf 84' lang='lat' dir='ltr'>omnibus</span> <span class='ocrx_word' id='word_1_135' title='bbox 890 2373 1011 2442; x_wconf 82' lang='lat' dir='ltr'>parcre</span> <span class='ocrx_word' id='word_1_136' title='bbox 1035 2349 1180 2418; x_wconf 85' lang='lat' dir='ltr'>desidero</span> <span class='ocrx_word' id='word_1_137' title='bbox 1197 2349 1311 2440; x_wconf 88' lang='lat' dir='ltr'>(Epist.</span> <span class='ocrx_word' id='word_1_138' title='bbox 1330 2353 1389 2436; x_wconf 86' lang='grc'>26,</span> 
     </span>
     <span class='ocr_line' id='line_1_19' title="bbox 266 2455 555 2546; baseline -0.007 -22"><span class='ocrx_word' id='word_1_139' title='bbox 266 2455 343 2525; x_wconf 86' lang='lat' dir='ltr'>edit.</span> <span class='ocrx_word' id='word_1_140' title='bbox 361 2455 555 2546; x_wconf 82' lang='lat' dir='ltr'>Sirmondi.)</span> 
     </span>
    </p>

    <p class='ocr_par' dir='ltr' id='par_1_7' title="bbox 266 2565 1393 3849">
     <span class='ocr_line' id='line_1_20' title="bbox 310 2565 1392 2657; baseline 0.002 -24"><span class='ocrx_word' id='word_1_141' title='bbox 310 2568 546 2654; x_wconf 73' lang='lat' dir='ltr'>deprimentem</span> <span class='ocrx_word' id='word_1_142' title='bbox 560 2566 742 2634; x_wconf 75' lang='lat' dir='ltr'>roratione</span> <span class='ocrx_word' id='word_1_143' title='bbox 759 2566 954 2656; x_wconf 79' lang='lat' dir='ltr'>tbcclopicc.</span> <span class='ocrx_word' id='word_1_144' title='bbox 972 2605 1017 2618; x_wconf 96' lang='lat'><em>-</em></span> <span class='ocrx_word' id='word_1_145' title='bbox 1030 2565 1185 2652; x_wconf 85' lang='lat' dir='ltr'>Zalwein,</span> <span class='ocrx_word' id='word_1_146' title='bbox 1202 2567 1258 2657; x_wconf 90' lang='lat' dir='ltr'>qni</span> <span class='ocrx_word' id='word_1_147' title='bbox 1279 2589 1392 2635; x_wconf 86' lang='lat' dir='ltr'>neees-</span> 
     </span>
     <span class='ocr_line' id='line_1_21' title="bbox 266 2672 1389 2765; baseline 0.001 -25"><span class='ocrx_word' id='word_1_148' title='bbox 266 2672 387 2741; x_wconf 87' lang='lat' dir='ltr'>sariam</span> <span class='ocrx_word' id='word_1_149' title='bbox 415 2681 598 2763; x_wconf 83' lang='lat' dir='ltr'>propugnat</span> <span class='ocrx_word' id='word_1_150' title='bbox 624 2673 877 2764; x_wconf 80' lang='lat' dir='ltr'>acceptationem</span> <span class='ocrx_word' id='word_1_151' title='bbox 908 2673 1164 2765; x_wconf 89' lang='lat' dir='ltr'>Episcoporum,</span> <span class='ocrx_word' id='word_1_152' title='bbox 1192 2673 1305 2742; x_wconf 90' lang='lat' dir='ltr'>sedulo</span> <span class='ocrx_word' id='word_1_153' title='bbox 1329 2673 1389 2741; x_wconf 87' lang='lat' dir='ltr'>ad-</span> 
     </span>
     <span class='ocr_line' id='line_1_22' title="bbox 268 2779 1389 2873; baseline -0.001 -23"><span class='ocrx_word' id='word_1_154' title='bbox 268 2781 376 2864; x_wconf 89' lang='lat' dir='ltr'>vertit,</span> <span class='ocrx_word' id='word_1_155' title='bbox 415 2779 551 2847; x_wconf 91' lang='lat' dir='ltr'>minime</span> <span class='ocrx_word' id='word_1_156' title='bbox 585 2789 694 2848; x_wconf 89' lang='lat' dir='ltr'>tamen</span> <span class='ocrx_word' id='word_1_157' title='bbox 731 2781 951 2848; x_wconf 87' lang='lat' dir='ltr'>necessarium</span> <span class='ocrx_word' id='word_1_158' title='bbox 988 2804 1057 2848; x_wconf 88' lang='lat' dir='ltr'>esse</span> <span class='ocrx_word' id='word_1_159' title='bbox 1092 2781 1250 2873; x_wconf 86' lang='lat' dir='ltr'>acceptari</span> <span class='ocrx_word' id='word_1_160' title='bbox 1280 2782 1389 2872; x_wconf 84' lang='lat' dir='ltr'>legem</span> 
     </span>
     <span class='ocr_line' id='line_1_23' title="bbox 267 2887 1392 2982; baseline 0 -23"><span class='ocrx_word' id='word_1_161' title='bbox 267 2914 286 2959; x_wconf 87' lang='lat' dir='ltr'>a</span> <span class='ocrx_word' id='word_1_162' title='bbox 308 2887 471 2956; x_wconf 90' lang='lat' dir='ltr'>subditis:</span> <span class='ocrx_word' id='word_1_163' title='bbox 493 2915 510 2954; x_wconf 91' lang='grc' dir='ltr'>ιι</span> <span class='ocrx_word' id='word_1_164' title='bbox 532 2889 592 2957; x_wconf 89' lang='lat' dir='ltr'>His</span> <span class='ocrx_word' id='word_1_165' title='bbox 619 2890 721 2974; x_wconf 90' lang='lat' dir='ltr'>enim,</span> <span class='ocrx_word' id='word_1_166' title='bbox 753 2890 874 2980; x_wconf 88' lang='lat' dir='ltr'>inquit,</span> <span class='ocrx_word' id='word_1_167' title='bbox 902 2890 929 2957; x_wconf 91' lang='lat' dir='ltr'>si</span> <span class='ocrx_word' id='word_1_168' title='bbox 957 2888 1139 2959; x_wconf 85' lang='lat' dir='ltr'>libertatem</span> <span class='ocrx_word' id='word_1_169' title='bbox 1162 2889 1392 2982; x_wconf 85' lang='lat' dir='ltr'>relinquemus</span> 
     </span>
     <span class='ocr_line' id='line_1_24' title="bbox 273 2996 1392 3092; baseline 0.005 -29"><span class='ocrx_word' id='word_1_170' title='bbox 273 3025 290 3064; x_wconf 86' lang='grc' dir='ltr'>ιι</span> <span class='ocrx_word' id='word_1_171' title='bbox 311 2997 400 3086; x_wconf 82' lang='lat' dir='ltr'>leges</span> <span class='ocrx_word' id='word_1_172' title='bbox 419 2996 606 3090; x_wconf 89' lang='lat' dir='ltr'>acceptandi</span> <span class='ocrx_word' id='word_1_173' title='bbox 630 2998 682 3065; x_wconf 86' lang='lat' dir='ltr'>vel</span> <span class='ocrx_word' id='word_1_174' title='bbox 709 3021 776 3066; x_wconf 91' lang='lat' dir='ltr'>non</span> <span class='ocrx_word' id='word_1_175' title='bbox 795 2997 996 3090; x_wconf 84' lang='lat' dir='ltr'>acceptandi,</span> <span class='ocrx_word' id='word_1_176' title='bbox 1020 3020 1106 3091; x_wconf 75' lang='lat' dir='ltr'>saepe</span> <span class='ocrx_word' id='word_1_177' title='bbox 1130 2999 1269 3068; x_wconf 90' lang='lat' dir='ltr'>illudent</span> <span class='ocrx_word' id='word_1_178' title='bbox 1283 3000 1392 3092; x_wconf 87' lang='lat' dir='ltr'>impe-</span> 
     </span>
     <span class='ocr_line' id='line_1_25' title="bbox 273 3104 1393 3198; baseline 0.003 -26"><span class='ocrx_word' id='word_1_179' title='bbox 273 3131 290 3172; x_wconf 92' lang='grc' dir='ltr'>ιι</span> <span class='ocrx_word' id='word_1_180' title='bbox 313 3105 459 3182; x_wconf 87' lang='lat' dir='ltr'>rantibus</span> <span class='ocrx_word' id='word_1_181' title='bbox 482 3114 513 3173; x_wconf 89' lang='lat' dir='ltr'>et</span> <span class='ocrx_word' id='word_1_182' title='bbox 535 3104 770 3174; x_wconf 86' lang='lat' dir='ltr'>saluberrimas</span> <span class='ocrx_word' id='word_1_183' title='bbox 785 3106 874 3195; x_wconf 80' lang='lat' dir='ltr'>leges</span> <span class='ocrx_word' id='word_1_184' title='bbox 898 3105 1030 3175; x_wconf 85' lang='lat' dir='ltr'>elidant.</span> <span class='ocrx_word' id='word_1_185' title='bbox 1058 3133 1075 3172; x_wconf 82' lang='lat' dir='ltr'>n</span> <span class='ocrx_word' id='word_1_186' title='bbox 1105 3106 1287 3198; x_wconf 81' lang='lat' dir='ltr'>(Principio</span> <span class='ocrx_word' id='word_1_187' title='bbox 1298 3108 1393 3198; x_wconf 82' lang='lat' dir='ltr'>juris</span> 
     </span>
     <span class='ocr_line' id='line_1_26' title="bbox 269 3212 1393 3304; baseline 0 -22"><span class='ocrx_word' id='word_1_188' title='bbox 269 3215 388 3297; x_wconf 68' lang='lat' dir='ltr'>eccles„</span> <span class='ocrx_word' id='word_1_189' title='bbox 414 3223 437 3282; x_wconf 88' lang='lat' dir='ltr'>t.</span> <span class='ocrx_word' id='word_1_190' title='bbox 461 3214 489 3300; x_wconf 90' lang='lat'>1,</span> <span class='ocrx_word' id='word_1_191' title='bbox 509 3235 542 3304; x_wconf 88' lang='lat' dir='ltr'>p.</span> <span class='ocrx_word' id='word_1_192' title='bbox 570 3212 661 3303; x_wconf 80' lang='grc'><strong>693.)</strong></span> <span class='ocrx_word' id='word_1_193' title='bbox 687 3238 704 3278; x_wconf 91' lang='grc' dir='ltr'>ιι</span> <span class='ocrx_word' id='word_1_194' title='bbox 723 3212 1038 3302; x_wconf 82' lang='lat' dir='ltr'>Verumenimvero,</span> <span class='ocrx_word' id='word_1_195' title='bbox 1057 3214 1102 3282; x_wconf 89' lang='lat' dir='ltr'>ait</span> <span class='ocrx_word' id='word_1_196' title='bbox 1125 3215 1287 3302; x_wconf 86' lang='lat' dir='ltr'>Zaccaria,</span> <span class='ocrx_word' id='word_1_197' title='bbox 1313 3215 1393 3283; x_wconf 88' lang='lat' dir='ltr'>licet</span> 
     </span>
     <span class='ocr_line' id='line_1_27' title="bbox 273 3320 1390 3415; baseline 0.003 -27"><span class='ocrx_word' id='word_1_198' title='bbox 273 3351 290 3390; x_wconf 88' lang='grc' dir='ltr'>ιι</span> <span class='ocrx_word' id='word_1_199' title='bbox 313 3321 462 3415; x_wconf 86' lang='lat' dir='ltr'>Episcopi</span> <span class='ocrx_word' id='word_1_200' title='bbox 472 3320 624 3389; x_wconf 80' lang='lat' dir='ltr'>Ecolesiae</span> <span class='ocrx_word' id='word_1_201' title='bbox 636 3321 798 3413; x_wconf 90' lang='lat' dir='ltr'>principes</span> <span class='ocrx_word' id='word_1_202' title='bbox 812 3321 889 3409; x_wconf 92' lang='lat' dir='ltr'>sint,</span> <span class='ocrx_word' id='word_1_203' title='bbox 903 3322 1076 3414; x_wconf 84' lang='lat' dir='ltr'>gregisque</span> <span class='ocrx_word' id='word_1_204' title='bbox 1087 3330 1232 3414; x_wconf 87' lang='lat' dir='ltr'>pastores</span> <span class='ocrx_word' id='word_1_205' title='bbox 1244 3374 1297 3410; x_wconf 92' lang='lat'>...,</span> <span class='ocrx_word' id='word_1_206' title='bbox 1311 3347 1390 3391; x_wconf 89' lang='lat' dir='ltr'>cum</span> 
     </span>
     <span class='ocr_line' id='line_1_28' title="bbox 274 3427 1391 3520; baseline 0.002 -26"><span class='ocrx_word' id='word_1_207' title='bbox 274 3455 291 3494; x_wconf 88' lang='grc' dir='ltr'><strong>ι</strong></span> <span class='ocrx_word' id='word_1_208' title='bbox 314 3429 464 3498; x_wconf 87' lang='lat' dir='ltr'>Romano</span> <span class='ocrx_word' id='word_1_209' title='bbox 482 3437 593 3496; x_wconf 90' lang='lat' dir='ltr'>tamen</span> <span class='ocrx_word' id='word_1_210' title='bbox 617 3427 784 3517; x_wconf 85' lang='lat' dir='ltr'>Pontifice,</span> <span class='ocrx_word' id='word_1_211' title='bbox 809 3429 861 3498; x_wconf 89' lang='lat' dir='ltr'>cui</span> <span class='ocrx_word' id='word_1_212' title='bbox 887 3427 1104 3497; x_wconf 89' lang='lat' dir='ltr'>obedientiam</span> <span class='ocrx_word' id='word_1_213' title='bbox 1122 3429 1267 3520; x_wconf 80' lang='lat' dir='ltr'>praestito</span> <span class='ocrx_word' id='word_1_214' title='bbox 1281 3450 1391 3496; x_wconf 90' lang='lat' dir='ltr'>sacra-</span> 
     </span>
     <span class='ocr_line' id='line_1_29' title="bbox 274 3538 1391 3629; baseline 0.003 -26"><span class='ocrx_word' id='word_1_215' title='bbox 274 3565 290 3604; x_wconf 84' lang='lat'>«</span> <span class='ocrx_word' id='word_1_216' title='bbox 315 3547 426 3608; x_wconf 88' lang='lat' dir='ltr'>mento</span> <span class='ocrx_word' id='word_1_217' title='bbox 446 3538 645 3626; x_wconf 83' lang='lat' dir='ltr'>obligarunt,</span> <span class='ocrx_word' id='word_1_218' title='bbox 675 3539 795 3625; x_wconf 87' lang='lat' dir='ltr'>collati,</span> <span class='ocrx_word' id='word_1_219' title='bbox 820 3563 862 3606; x_wconf 87' lang='lat' dir='ltr'>au</span> <span class='ocrx_word' id='word_1_220' title='bbox 893 3561 959 3607; x_wconf 93' lang='lat' dir='ltr'>non</span> <span class='ocrx_word' id='word_1_221' title='bbox 989 3538 1111 3607; x_wconf 87' lang='lat' dir='ltr'>subditi</span> <span class='ocrx_word' id='word_1_222' title='bbox 1140 3540 1216 3624; x_wconf 88' lang='lat' dir='ltr'>sint,</span> <span class='ocrx_word' id='word_1_223' title='bbox 1247 3561 1391 3629; x_wconf 86' lang='lat' dir='ltr'>ovesque</span> 
     </span>
     <span class='ocr_line' id='line_1_30' title="bbox 276 3647 1387 3740; baseline -0.002 -26"><span class='ocrx_word' id='word_1_224' title='bbox 276 3676 291 3714; x_wconf 89' lang='grc' dir='ltr'><strong>ι</strong></span> <span class='ocrx_word' id='word_1_225' title='bbox 315 3649 425 3738; x_wconf 83' lang='lat' dir='ltr'>gregis</span> <span class='ocrx_word' id='word_1_226' title='bbox 446 3647 591 3715; x_wconf 86' lang='lat' dir='ltr'>universi</span> <span class='ocrx_word' id='word_1_227' title='bbox 613 3671 711 3740; x_wconf 90' lang='lat' dir='ltr'>quem</span> <span class='ocrx_word' id='word_1_228' title='bbox 739 3647 889 3718; x_wconf 85' lang='lat' dir='ltr'>Christus</span> <span class='ocrx_word' id='word_1_229' title='bbox 909 3647 997 3716; x_wconf 89' lang='lat' dir='ltr'>Petri</span> <span class='ocrx_word' id='word_1_230' title='bbox 1016 3670 1104 3715; x_wconf 82' lang='lat' dir='ltr'>curae</span> <span class='ocrx_word' id='word_1_231' title='bbox 1125 3647 1349 3716; x_wconf 73' lang='lat' dir='ltr'>concredidit?</span> <span class='ocrx_word' id='word_1_232' title='bbox 1370 3675 1387 3712; x_wconf 77' lang='lat' dir='ltr'>n</span> 
     </span>
     <span class='ocr_line' id='line_1_31' title="bbox 274 3755 1389 3849; baseline -0.004 -23"><span class='ocrx_word' id='word_1_233' title='bbox 274 3756 527 3849; x_wconf 76' lang='lat' dir='ltr'>(Antisebronins</span> <span class='ocrx_word' id='word_1_234' title='bbox 550 3755 742 3838; x_wconf 82' lang='lat' dir='ltr'>vindicatus,</span> <span class='ocrx_word' id='word_1_235' title='bbox 772 3765 793 3822; x_wconf 91' lang='lat' dir='ltr'>t.</span> <span class='ocrx_word' id='word_1_236' title='bbox 818 3756 875 3841; x_wconf 88' lang='grc' dir='ltr'><strong>ΙΙΙ,</strong></span> <span class='ocrx_word' id='word_1_237' title='bbox 893 3780 925 3847; x_wconf 91' lang='lat' dir='ltr'>p.</span> <span class='ocrx_word' id='word_1_238' title='bbox 944 3759 984 3823; x_wconf 89' lang='grc'>66</span> <span class='ocrx_word' id='word_1_239' title='bbox 1001 3755 1077 3824; x_wconf 87' lang='lat' dir='ltr'>edit.</span> <span class='ocrx_word' id='word_1_240' title='bbox 1102 3755 1259 3842; x_wconf 78' lang='lat' dir='ltr'>Caescnae,</span> <span class='ocrx_word' id='word_1_241' title='bbox 1278 3758 1389 3844; x_wconf 84' lang='lat'>1771.)</span> 
     </span>
    </p>

    <p class='ocr_par' dir='ltr' id='par_1_8' title="bbox 273 3863 1391 4282">
     <span class='ocr_line' id='line_1_32' title="bbox 321 3863 1391 3956; baseline -0.005 -20"><span class='ocrx_word' id='word_1_242' title='bbox 321 3866 472 3956; x_wconf 85' lang='lat' dir='ltr'>Objicics.</span> <span class='ocrx_word' id='word_1_243' title='bbox 490 3864 671 3933; x_wconf 88' lang='lat' dir='ltr'>-Saltem</span> <span class='ocrx_word' id='word_1_244' title='bbox 696 3865 757 3932; x_wconf 90' lang='lat' dir='ltr'>snb</span> <span class='ocrx_word' id='word_1_245' title='bbox 781 3888 837 3933; x_wconf 78' lang='lat' dir='ltr'>xiv</span> <span class='ocrx_word' id='word_1_246' title='bbox 857 3864 968 3932; x_wconf 78' lang='lat' dir='ltr'>saeculi</span> <span class='ocrx_word' id='word_1_247' title='bbox 990 3863 1092 3931; x_wconf 88' lang='lat' dir='ltr'>finem</span> <span class='ocrx_word' id='word_1_248' title='bbox 1114 3864 1319 3933; x_wconf 89' lang='lat' dir='ltr'>introductus</span> <span class='ocrx_word' id='word_1_249' title='bbox 1343 3873 1391 3932; x_wconf 88' lang='lat' dir='ltr'>cst</span> 
     </span>
     <span class='ocr_line' id='line_1_33' title="bbox 275 3962 1391 4066; baseline -0.002 -24"><span class='ocrx_word' id='word_1_250' title='bbox 275 3997 346 4043; x_wconf 90' lang='lat' dir='ltr'>mos</span> <span class='ocrx_word' id='word_1_251' title='bbox 364 3973 451 4066; x_wconf 87' lang='lat' dir='ltr'>apud</span> <span class='ocrx_word' id='word_1_252' title='bbox 473 3973 597 4062; x_wconf 89' lang='lat' dir='ltr'>aliquas</span> <span class='ocrx_word' id='word_1_253' title='bbox 620 3979 745 4060; x_wconf 84' lang='lat' dir='ltr'>gentes,</span> <span class='ocrx_word' id='word_1_254' title='bbox 767 3980 804 4041; x_wconf 88' lang='lat' dir='ltr'>ut</span> <span class='ocrx_word' id='word_1_255' title='bbox 822 3962 893 4040; x_wconf 86' lang='grc' dir='ltr'>ιιοιιΙ</span> <span class='ocrx_word' id='word_1_256' title='bbox 910 3979 984 4040; x_wconf 89' lang='lat' dir='ltr'>ante</span> <span class='ocrx_word' id='word_1_257' title='bbox 1006 3971 1201 4041; x_wconf 89' lang='lat' dir='ltr'>Pontificum</span> <span class='ocrx_word' id='word_1_258' title='bbox 1223 3972 1391 4042; x_wconf 87' lang='lat' dir='ltr'>Romano-</span> 
     </span>
     <span class='ocr_line' id='line_1_34' title="bbox 273 4079 1389 4175; baseline -0.002 -25"><span class='ocrx_word' id='word_1_259' title='bbox 273 4103 350 4150; x_wconf 90' lang='lat' dir='ltr'>rum</span> <span class='ocrx_word' id='word_1_260' title='bbox 376 4079 620 4149; x_wconf 88' lang='lat' dir='ltr'>constitutiones</span> <span class='ocrx_word' id='word_1_261' title='bbox 647 4079 715 4148; x_wconf 91' lang='lat' dir='ltr'>vim</span> <span class='ocrx_word' id='word_1_262' title='bbox 752 4079 927 4165; x_wconf 86' lang='lat' dir='ltr'>baberent,</span> <span class='ocrx_word' id='word_1_263' title='bbox 955 4103 1056 4172; x_wconf 89' lang='lat' dir='ltr'>quam</span> <span class='ocrx_word' id='word_1_264' title='bbox 1080 4082 1121 4150; x_wconf 85' lang='lat' dir='ltr'>de</span> <span class='ocrx_word' id='word_1_265' title='bbox 1150 4079 1214 4148; x_wconf 92' lang='lat' dir='ltr'>illis</span> <span class='ocrx_word' id='word_1_266' title='bbox 1239 4081 1389 4175; x_wconf 85' lang='lat' dir='ltr'>Episcopi</span> 
     </span>
     <span class='ocr_line' id='line_1_35' title="bbox 273 4187 1388 4282; baseline 0 -22"><span class='ocrx_word' id='word_1_267' title='bbox 273 4191 510 4282; x_wconf 84' lang='lat' dir='ltr'>cognovissent.</span> <span class='ocrx_word' id='word_1_268' title='bbox 529 4225 573 4240; x_wconf 90' lang='lat'><em>-</em></span> <span class='ocrx_word' id='word_1_269' title='bbox 588 4188 773 4280; x_wconf 84' lang='lat' dir='ltr'>Respondet</span> <span class='ocrx_word' id='word_1_270' title='bbox 795 4187 968 4257; x_wconf 85' lang='lat' dir='ltr'>Zaccaria:</span> <span class='ocrx_word' id='word_1_271' title='bbox 995 4216 1011 4255; x_wconf 91' lang='grc' dir='ltr'><strong>ι</strong></span> <span class='ocrx_word' id='word_1_272' title='bbox 1035 4190 1104 4258; x_wconf 86' lang='lat' dir='ltr'>Hoc</span> <span class='ocrx_word' id='word_1_273' title='bbox 1127 4189 1310 4258; x_wconf 86' lang='lat' dir='ltr'>schismatis</span> <span class='ocrx_word' id='word_1_274' title='bbox 1332 4213 1388 4260; x_wconf 90' lang='lat' dir='ltr'>ne·</span> 
     </span>
    </p>
   </div>
   <div class='ocr_carea' id='block_1_5' title="bbox 0 0 1542 4948">
    <p class='ocr_par' dir='ltr' id='par_1_9' title="bbox 0 0 1542 4948">
     <span class='ocr_line' id='line_1_36' title="bbox 0 0 1542 4948; baseline 0 0"><span class='ocrx_word' id='word_1_275' title='bbox 0 0 1542 4948; x_wconf 95' lang='lat' dir='ltr'> </span> 
     </span>
    </p>
   </div>
  </div>
 </body>
</html>
