3050 4946
573 465 656 510 sums
678 463 830 510 canonici.
1194 441 1251 507 lll

136 628 224 676 anno
256 610 317 674 560
345 606 551 674 Bracaeensis
568 601 841 694 Archiepiscopus
866 601 969 670 factus
983 609 1041 670 est.
1060 600 1149 670 Obiit
1170 625 1256 670 anno

141 718 217 783 583.

181 821 438 913 Compingcndae
461 821 660 891 collectionis
684 843 753 888 suae
779 840 909 888 causam
930 828 961 887 et
984 819 1171 890 methodum
1189 822 1257 912 ipse

136 931 171 999 in
186 931 355 1023 praemissa
369 930 508 1022 epistola
523 929 658 1020 exponit
673 928 725 996 his
740 927 849 995 verbis
867 955 874 994 :
896 927 1043 996 Oenones
1057 929 1093 996 in
1104 929 1257 1020 portibus

140 1039 282 1108 Orientis
296 1039 339 1107 ob
354 1039 499 1131 antiquis
514 1038 669 1106 Patribus
683 1036 862 1116 constituti,
881 1057 985 1126 preco
997 1037 1092 1127 prius
1111 1060 1258 1106 sermone

137 1146 306 1214 comtituti
317 1159 394 1214 sunt
402 1171 416 1229 ,·
425 1157 541 1238 postea
557 1157 669 1213 autem
690 1143 873 1212 succedente
890 1156 1044 1234 tempore,
1063 1144 1097 1210 in
1115 1143 1257 1212 latinum

139 1259 291 1349 linquam
312 1258 467 1326 translati
480 1269 568 1326 sunt.
590 1259 635 1326 Et
649 1256 729 1348 quio
744 1256 874 1348 difficile
889 1266 935 1323 est
950 1267 988 1323 ut
1000 1254 1179 1346 simplicius
1194 1257 1257 1324 ali-

138 1365 222 1456 quid
235 1390 275 1434 eu
290 1367 359 1434 alia
374 1367 488 1456 linquo
501 1366 722 1455 transferatur
735 1364 771 1431 in
785 1363 938 1444 alterum,
955 1361 1117 1454 simulque
1130 1374 1161 1430 et
1175 1361 1260 1431 illud

136 1474 268 1556 uendit,
297 1489 334 1542 ut
358 1475 392 1542 in
413 1475 516 1542 tontis
539 1474 737 1566 temporibus
760 1474 944 1564 scriptores,
968 1484 1027 1540 out
1048 1495 1114 1540 non
1130 1472 1256 1540 intelli-

137 1594 257 1672 pcntes,
286 1594 346 1650 out
369 1581 585 1651 dormitantes
609 1582 714 1650 multo
736 1582 1007 1673 pretermittant,
1034 1594 1064 1648 ct
1082 1593 1256 1672 propterca

138 1693 174 1759 in
193 1693 271 1783 ipsis
293 1693 471 1761 canonibus
490 1693 604 1784 aliqua
626 1693 876 1783 simplicioribus
897 1691 1072 1760 uideantur
1091 1691 1225 1760 obscuro
1244 1718 1254 1757 .·

138 1799 210 1869 idco
231 1801 337 1868 uisum
357 1813 414 1882 cst,
437 1814 474 1869 ut
490 1823 565 1868 cum
581 1801 671 1868 omni
683 1800 867 1891 dilipentio,
886 1813 917 1868 et
933 1823 971 1868 eo
985 1822 1058 1890 que
1069 1821 1129 1890 per
1149 1811 1256 1867 tcons-

137 1911 257 1977 latores
283 1910 447 1978 obscurius
472 1910 561 1978 dicto
586 1923 671 1992 scint,
702 1923 732 1978 et
757 1933 795 1978 eo
818 1934 891 2001 qua
907 1932 967 2000 per
992 1909 1162 2001 scriptores
1183 1921 1257 1977 sunt

138 2018 332 2106 immutata,
348 2019 528 2112 simplicius
544 2031 575 2087 et
590 2018 792 2088 emendatius
808 2031 1069 2086 restaurarem...
1082 2021 1151 2085 Hoc
1159 2017 1261 2085 simul

137 2125 322 2207 observans,
350 2139 388 2195 ut
411 2127 470 2195 illo
493 2149 565 2218 quae
588 2127 636 2194 od
653 2128 829 2218 Episcopos
849 2126 901 2194 uel
924 2126 1111 2194 umuersum
1135 2125 1258 2193 clerum

134 2234 311 2324 pertinent,
340 2258 408 2302 uno
427 2236 463 2302 in
477 2247 576 2325 purte
598 2236 780 2325 conscripto
800 2233 886 2318 sint,·
906 2233 1058 2300 similiter
1073 2245 1103 2300 et
1118 2255 1190 2323 qua
1213 2233 1260 2300 od

137 2341 239 2408 laicos
254 2343 423 2432 pertineret
439 2343 542 2410 simul
560 2344 624 2410 sint
641 2342 813 2424 adunata,·
830 2353 866 2410 ut
882 2341 999 2432 dequo
1013 2339 1157 2431 capitulo
1177 2339 1258 2406 scire

136 2449 257 2540 aliquis
269 2450 420 2532 coluerit,
435 2451 539 2542 possit
554 2451 687 2518 celerius
703 2450 856 2518 invertire.

180 2557 359 2626 Canonese
381 2559 506 2627 Graecis
537 2558 671 2650 synodis
693 2557 900 2650 potissimum
933 2557 1050 2644 hausit,
1081 2555 1256 2624 nonnullos

136 2685 217 2734 vero
232 2689 273 2734 ex
287 2666 473 2757 Hispanicis
492 2675 524 2735 et
543 2666 706 2735 Africanis
728 2665 883 2735 conciliis.
908 2667 996 2734 Licet
1012 2674 1123 2736 ,autem
1151 2665 1255 2733 inten-

138 2773 222 2842 derit
240 2775 443 2844 collectiones
456 2799 516 2844 suo
532 2775 885 2867 tempoeeexsistentes
906 2773 1106 2843 emendatius
1127 2785 1255 2840 restau-

137 2907 224 2966 rare,
247 2907 312 2954 non
335 2886 445 2953 omnia
470 2891 577 2952 tamen
603 2893 678 2953 sunt
703 2884 790 2975 apud
813 2885 922 2976 ipsum
945 2881 1125 2952 emendata.
1150 2883 1256 2950 lnter-

136 2991 217 3062 dnm
238 3013 378 3062 canones
404 2992 612 3062 diversorum
636 2992 847 3062 conciliorum
874 2992 909 3059 in
935 3013 1040 3059 unum
1067 2991 1251 3060 conflavit:

136 3100 303 3170 interdum
317 3100 469 3193 quaedam
483 3100 620 3188 addidit,
639 3101 792 3190 detraxit,
805 3101 1003 3190 immutavit,
1017 3107 1054 3169 ut
1065 3101 1254 3170 Graecorum

134 3212 339 3304 disciplinam
359 3221 493 3283 suorum
518 3215 664 3284 moribus
684 3215 951 3285 accommodaret.
979 3213 1045 3300 Sic,
1066 3213 1157 3282 verbi
1173 3235 1253 3302 gra-

134 3323 192 3408 tia,
208 3345 311 3392 canon
328 3327 373 3390 to
384 3325 500 3415 synodi
517 3326 715 3418 Ancyreum,
733 3346 830 3416 quem
846 3346 915 3416 prae
929 3323 1031 3394 oculis
1043 3322 1168 3408 habuit,
1183 3320 1254 3389 vult

134 3430 171 3498 in
197 3432 376 3499 ministerio
402 3455 592 3522 permanere
625 3433 791 3520 diaconos,
816 3435 873 3525 qui
901 3430 1165 3500 inordinatione
1194 3451 1253 3497 sna

134 3539 304 3630 protestati
318 3548 395 3608 sunt
407 3561 441 3608 se
457 3539 540 3608 velle
555 3562 693 3609 uxorem
709 3540 838 3624 ducere,
855 3546 886 3607 et
900 3546 1010 3630 postea
1025 3537 1093 3629 jam
1109 3536 1250 3605 ordinati

135 3646 343 3714 matrimonio
356 3645 520 3736 conjuncti
534 3654 622 3716 sunt.
640 3645 799 3715 Martinus
813 3657 921 3715 autem
937 3645 1015 3715 dicit
1029 3647 1111 3738 (cap.
1131 3649 1183 3736 39)
1196 3669 1251 3716 eos

136 3765 209 3846 post
224 3756 321 3824 talem
336 3758 597 3848 protestationem
615 3780 680 3827 non
696 3779 789 3848 posse
812 3757 968 3825 ordinari.
1000 3811 1005 3820 .

180 3864 277 3935 Edita
301 3874 349 3934 est
366 3865 518 3936 Collectio
543 3866 677 3934 Martini
703 3866 909 3934 Bracarensis
930 3865 965 3934 in
988 3868 1104 3938 tomol
1123 3865 1251 3934 Biblio-

135 3973 235 4041 tbecse
245 3974 336 4064 juris
348 3973 499 4042 canonici
517 3974 641 4044 ceteris.
