3050 4946
285 468 346 534 178
638 485 812 536 macrinus
835 489 873 534 na
896 487 1048 535 eumeleus

285 624 476 716 Berengarii
497 647 637 712 errores,
663 636 694 694 et
715 649 790 718 quae
814 634 904 718 parte
921 629 960 692 ttt
985 625 1174 693 referuntur
1187 647 1227 692 ex
1248 623 1324 716 jure
1345 647 1404 693 ro-

284 759 393 823 mano,
410 747 441 805 et
454 761 495 805 ex
508 737 739 826 capitularibus
754 760 869 828 regum
883 737 1096 806 Francorum.

326 845 400 913 Vll.
421 845 573 913 Collectio
588 845 936 937 Greqoriipresbyterd.
955 845 1099 913 —lllam
1116 845 1177 912 sub
1191 843 1323 912 nomine
1337 847 1405 911 Po-

281 954 410 1045 lycarpi
432 955 613 1046 composuit
628 955 797 1045 presbyter
818 955 1008 1044 Gregorius,
1025 955 1086 1041 sub
1105 953 1233 1022 Calixto
1253 953 1403 1043 urapa,

282 1070 320 1128 ut
335 1070 450 1151 putant
464 1060 631 1130 Rallerini.
651 1061 842 1152 Praecipuus
856 1062 959 1130 codex
980 1061 1070 1129 illam
1084 1061 1252 1129 continens
1269 1067 1317 1126 est
1333 1059 1406 1128 Va-

278 1170 416 1254 ticanus,
434 1169 564 1236 numeri
589 1172 690 1246 13543
720 1169 867 1236 nondum
889 1169 977 1236 enim
997 1176 1045 1236 est
1059 1166 1157 1236 edita.
1181 1166 1352 1234 Dividitur
1368 1167 1404 1232 in

281 1285 352 1344 octo
375 1276 487 1362 libros,
507 1298 648 1368 quorum
671 1284 901 1366 argumentum
922 1275 1021 1343 simul
1035 1298 1110 1343 cum
1131 1273 1323 1366 prefatione
1339 1275 1405 1341 ini·

266 1385 326 1454 ¹tio
340 1386 448 1477 operis
461 1384 559 1453 affixa
572 1384 728 1452 exhibent
743 1384 863 1453 laudati
878 1384 1033 1453 Balleriui
1054 1383 1169 1452 fratres
1187 1385 1244 1474 (De
1259 1383 1404 1474 antiquis

281 1494 404 1561 collect.
423 1515 596 1577 canonum,
613 1502 702 1583 parte
720 1497 751 1576 l,
767 1515 795 1560 c.
818 1493 883 1580 17).

327 1599 412 1667 Sunt
449 1608 480 1666 ct
515 1598 588 1666 aliae
627 1598 737 1688 plures
776 1598 922 1667 noudum
959 1598 1053 1666 editae
1087 1598 1198 1666 saeculi
1236 1596 1402 1666 undecimi

282 1707 495 1786 collectiones,
527 1707 567 1774 de
594 1707 713 1798 quibus
743 1717 845 1796 agunt
875 1708 972 1776 iidem
1003 1707 1169 1791 ballerini,
1194 1707 1264 1774 loeo
1291 1707 1399 1790 citato,

283 1838 354 1906 cap.
376 1818 427 1882 18.

712 2097 855 2166 CAPUT
877 2097 964 2166 Xlll.

612 2331 650 2374 DE
681 2330 824 2375 GRATlle
852 2327 1064 2376 couuucmoltu.

280 2588 342 2646 Quis
363 2585 505 2636 Gratianus.
529 2585 584 2643 Quo
608 2585 731 2635 methodo
754 2585 895 2648 scripserit.
919 2585 985 2644 Quid
1009 2587 1098 2649 palear.
1122 2587 1184 2644 Qum
1204 2587 1264 2635 libri
1288 2586 1396 2636 fortuna

634 2676 696 2734 Qua
712 2675 783 2728 vitia.
800 2677 862 2736 Qua
878 2678 1025 2727 auctoritas.

324 2901 425 2968 Natus
451 2902 625 2970 Gratianus
644 2899 744 2969 Clusii
768 2901 801 2966 in
825 2899 967 2985 Etruria,
990 2899 1199 2967 monasticam
1221 2900 1322 2967 vitam
1337 2900 1396 2966 sub

280 3009 394 3098 regula
415 3011 516 3076 sancti
540 3008 708 3076 Benedicti
729 3009 900 3098 amplexus
926 3019 974 3076 est
999 3008 1156 3076 Bououiae
1177 3009 1211 3075 iu
1236 3018 1397 3077 monaste·

279 3118 330 3185 rio
354 3117 412 3186 SS.
435 3117 552 3184 Felicis
573 3126 604 3183 ct
625 3117 776 3185 Naboris.
802 3117 1051 3185 Celeberrimam
1068 3117 1287 3184 collectionem
1306 3140 1397 3185 suam

277 3225 323 3291 ibi
346 3222 448 3291 edidit
473 3225 557 3290 cirea
583 3209 706 3290 aunum
731 3227 828 3306 1151,
861 3247 959 3314 quam
986 3224 1160 3315 inscripsit,
1196 3224 1398 3291 decretorum

277 3333 510 3400 canonicorum
524 3331 731 3412 collectanea,
747 3353 802 3398 seu
816 3331 1046 3399 concordantia
1067 3331 1328 3399 discordantium
1344 3355 1399 3400 ea-

277 3459 413 3505 nonum.
441 3437 534 3518 Quod
550 3461 632 3528 opus
647 3445 750 3506 totum
766 3439 928 3534 compegit
940 3461 980 3506 ex
995 3439 1073 3505 locis
1087 3439 1266 3530 Scripturas
1282 3462 1397 3525 sacra,

278 3566 319 3610 ex
343 3549 382 3610 50
405 3545 585 3612 canonibus
605 3545 663 3635 qui
677 3545 831 3612 dicuntur
853 3546 1096 3635 Apostolorum,
1112 3568 1152 3613 ex
1169 3547 1315 3614 conciliis
1328 3555 1398 3614 tum

278 3652 483 3739 generalibus
503 3661 572 3719 tum
595 3652 857 3743 particularibus,
880 3675 921 3719 ex
942 3653 1226 3721 constitutionibus
1251 3677 1398 3722 summo·

278 3781 351 3826 rum
370 3760 577 3844 Pontificum,
600 3781 640 3826 ex
659 3759 826 3826 sententiis
848 3760 982 3827 Petrum
997 3768 1028 3825 et
1043 3760 1188 3849 plurium
1202 3761 1398 3852 scriptorum

277 3867 575 3952 ecclesiasticorum,
609 3889 651 3932 ex
675 3866 750 3955 jure
783 3865 873 3932 civili
905 3888 1051 3953 romano,
1089 3890 1131 3934 ex
1165 3868 1398 3958 capitularibus

278 3995 392 4060 regum
411 3974 624 4056 Francorum,
640 3997 682 4040 ex
698 3975 832 4041 historia
845 3975 1067 4062 ecclesiastica,
1089 3999 1131 4043 ex
1154 3977 1240 4044 libro
1259 3977 1394 4060 Diurno,

278 4101 318 4146 ex
346 4079 466 4149 Ordine
484 4082 712 4167 Poenitentiali,
741 4093 772 4150 et
788 4083 968 4150 Pontificali
990 4085 1150 4152 Romano.
1176 4085 1298 4152 Vocari
1319 4087 1396 4153 solet

279 4187 451 4256 Decretum
468 4190 636 4257 Gratiam.
