3022 4950
537 529 620 576 sonis
642 529 794 577 canosam.
1183 513 1221 576 sa

115 669 215 736 mauis
228 667 442 738 Pontificibus
454 671 578 762 meque
592 671 831 764 Episoopcrum
854 674 1044 744 auctoritate
1059 673 1133 742 latas
1150 682 1225 743 sunt

113 785 141 844 at
154 778 357 876 universitati
374 777 522 847 fidebam
548 788 580 848 et
601 779 749 870 ipsismet
763 780 930 872 Episcopis
951 781 1125 874 imposita,
1143 805 1226 874 qna-

113 908 185 953 rnm
205 895 316 955 tenore
339 909 460 978 magna
477 911 518 956 ex
542 897 633 980 parte
655 897 778 956 constat
802 891 947 982 corporis
969 889 1055 982 juris
1079 891 1224 960 canonici

113 993 261 1062 collectio.
286 993 370 1064 aba
391 1005 502 1065 autem
525 1019 567 1065 ex
594 997 764 1065 sententiis
782 1004 971 1068 sanctorum
991 1000 1142 1086 Petrum,
1170 1007 1226 1068 aut

16 1119 17 1122 ’
113 1123 151 1168 cx
164 1099 301 1170 decretis
314 1102 527 1173 conciliorum
549 1113 620 1173 tum
643 1105 902 1196 particularium,
918 1115 991 1174 tum
1012 1106 1110 1175 ctiam
1127 1129 1226 1197 genc-

16 1267 17 1274 ,
115 1209 242 1298 ralinm,
264 1219 321 1279 aut
349 1234 390 1280 ex
413 1213 543 1302 legibus
565 1213 731 1298 civilibus,
756 1221 934 1305 excerpta,
963 1213 1123 1283 rationem
1143 1215 1227 1307 juris

16 1315 17 1378 ἶ
112 1320 296 1388 communis
316 1320 518 1389 ecclesiastici
534 1343 598 1390 non
614 1319 816 1409 habuissent,
833 1321 896 1390 nisi
907 1343 1059 1392 summus
1075 1323 1225 1393 Pontifex

111 1426 290 1518 probando,
323 1427 549 1497 confirmando
575 1438 607 1497 et
632 1429 833 1521 imponendo
863 1429 991 1498 lecisset
1020 1451 1106 1498 suas.
1139 1430 1227 1520 Ergo

111 1535 200 1604 nulla
217 1535 270 1604 lex
290 1536 516 1623 ecclesiastica,
541 1547 705 1630 quatenus
724 1538 863 1629 pertinet
887 1537 928 1607 od
952 1539 1007 1631 jus
1032 1539 1225 1608 canonicum

111 1643 211 1735 priori
225 1665 322 1714 sonsa
334 1643 546 1731 intellectum,
562 1646 665 1714 tribui
681 1644 776 1714 debet
791 1645 907 1738 primis
920 1645 1071 1716 Ecclesiae
1087 1648 1228 1738 pastori-

111 1753 183 1841 bus,
205 1752 238 1821 id
262 1765 320 1842 est,
338 1753 517 1847 Episcopis,
534 1756 591 1824 sed
615 1765 743 1824 tantum
766 1757 927 1826 Romana
948 1755 1041 1826 Sedis
1061 1756 1229 1825 Pontifici·

112 1859 182 1928 bus.
201 1861 242 1929 Et
255 1885 333 1931 vero
347 1864 404 1954 qui
418 1887 478 1956 per
488 1863 543 1956 jus
559 1863 753 1934 canonicum
768 1863 953 1954 intelligens
966 1863 1021 1955 jus
1037 1863 1228 1933 ecclesiasti·

112 1991 187 2037 cum
215 1991 408 2057 commune,
437 1971 569 2041 excluso
592 1973 667 2063 jure
695 1972 827 2040 cuilibet
857 1972 988 2041 dioecesi
1012 1980 1069 2040 ant
1097 1971 1228 2041 cuilibet

113 2079 207 2148 coetni
223 2081 368 2172 proprio,
387 2080 605 2150 nibilominus
625 2081 773 2149 affirmat
786 2081 842 2172 jus
857 2081 1050 2149 canonicum
1076 2079 1228 2149 constitui

112 2211 129 2254 a
137 2189 261 2279 primis
281 2190 432 2260 Ecclesia
444 2192 648 2282 pastoribus,
674 2191 828 2284 supponit
848 2198 880 2259 et
905 2189 1061 2282 implicite
1083 2189 1230 2259 affirmat

113 2319 302 2388 supremam
316 2305 504 2390 potestatem
524 2299 740 2390 legislativum
765 2299 916 2367 Ecclesiae
939 2320 1006 2366 non
1029 2299 1170 2366 residere
1194 2300 1229 2366 in

113 2406 262 2474 Romano
277 2407 434 2476 Pontifice
454 2408 578 2478 Christi
600 2407 635 2474 in
658 2407 755 2476 terris
772 2407 906 2493 vicario,
921 2407 976 2475 sed
994 2406 1028 2474 in
1043 2406 1229 2476 collectione

112 2513 338 2604 prelatorum,
352 2513 387 2584 id
403 2524 462 2602 cst,
481 2515 736 2607 Episcoporum3
750 2515 875 2583 nullam
890 2511 1027 2606 proinde
1040 2513 1108 2582 vim
1125 2515 1229 2582 inesse

112 2621 238 2711 legibus
273 2645 293 2690 a
327 2623 396 2694 solo
425 2624 576 2692 Romano
606 2621 764 2691 Pontifice
793 2622 885 2700 latis;
920 2643 986 2692 non
1021 2621 1230 2690 monarchias

114 2731 262 2820 proinde,
283 2730 340 2799 sed
355 2731 572 2801 aristocratiae
589 2731 698 2800 forma
719 2731 819 2800 fuisse
836 2755 856 2799 a
876 2729 1007 2801 Christo
1021 2731 1228 2802 constitutam

114 2838 309 2918 Ecclesiam:
333 2839 453 2912 falsum
473 2840 606 2909 taudem
625 2861 694 2908 esse
719 2838 847 2908 concilii
867 2840 1061 2908 oecumenioi
1081 2840 1228 2926 effatum,

115 2947 152 3016 de
172 2949 277 3038 pleno
300 2951 424 3017 summi
439 2948 606 3017 Pontificio
622 2948 792 3017 universos
809 2947 931 3016 Cbristi
950 2947 1062 3016 fideles
1080 2947 1231 3040 pascendi

114 3067 144 3121 et
158 3053 293 3145 regendi
307 3064 477 3146 potestate;
496 3079 571 3148 quse
586 3056 697 3124 omnia
711 3065 871 3147 quantum
888 3077 908 3122 a
922 3075 1001 3125 sana
1017 3054 1164 3124 doctrina
1178 3077 1233 3124 re-

116 3163 240 3250 cedant,
257 3164 345 3256 apud
358 3161 531 3232 catholicos
545 3163 579 3230 in
593 3163 740 3232 confesso
750 3171 809 3231 ost.

159 3275 197 3341 ln
211 3274 381 3366 posteriori
396 3295 493 3342 sensu
513 3273 673 3343 intellecta
693 3273 778 3365 juris
792 3273 937 3342 canonici
954 3273 1231 3358 denominatione,

117 3381 215 3450 ctiam
229 3389 338 3474 peccat
353 3382 539 3474 supradicta
554 3379 712 3450 delinitio.
738 3381 823 3449 Nam
841 3382 868 3448 si
892 3403 949 3472 per
964 3381 1018 3472 jus
1037 3382 1232 3451 canonicum

118 3489 351 3578 intelligantur,
370 3512 436 3558 non
458 3499 586 3558 tantum
604 3490 693 3580 leges
712 3510 905 3558 communes
919 3489 1018 3557 totius
1035 3489 1187 3558 Ecclesiae
1204 3498 1235 3557 et

118 3599 316 3692 aprimaria
341 3599 490 3668 Ecclesiae
514 3601 703 3668 auctoritate
726 3599 876 3685 sancitae,
905 3596 961 3666 scd
989 3598 1085 3666 etiam
1117 3605 1235 3668 statuta

120 3707 327 3796 particularia
352 3707 564 3798 prolatorum
586 3707 795 3794 inferiorum,
820 3705 967 3774 definitio
993 3728 1059 3773 non
1085 3706 1236 3774 convenit

120 3816 176 3883 toti
198 3815 343 3885 definito.
365 3815 459 3886 Multi
481 3817 571 3886 enim
590 3824 701 3886 extum
717 3817 844 3908 praelati
869 3816 925 3908 qui
948 3837 1014 3884 non
1037 3827 1112 3884 sunt
1135 3815 1236 3908 primi

119 3923 269 3992 Eutaia
294 3931 450 4015 pastores,
477 3924 510 3992 id
533 3931 594 4011 est,
617 3925 781 4018 Episcopi,
809 3933 840 3992 et
861 3926 918 4016 qni
936 3931 1045 3992 umen
1061 3945 1120 4015 pro
1132 3922 1236 4015 juris-

121 4030 258 4102 dictione
273 4034 397 4126 quiquc
412 4057 483 4120 sua,
506 4043 643 4126 possnut
665 4034 812 4104 sabditos
829 4057 905 4104 suos
919 4033 1050 4125 legibus
1068 4034 1236 4102 statutisve

122 4140 351 4230 constringere.
375 4141 494 4224 Quales
509 4163 577 4210 esse
600 4149 725 4210 constat
742 4141 868 4232 legatos
891 4151 1010 4210 sanctas
1037 4138 1142 4226 Sedis,
1168 4139 1237 4208 sive

123 4247 187 4316 sint
211 4248 359 4342 Episcopi
384 4250 453 4318 sive
479 4273 561 4336 nou;
583 4249 735 4346 praelatos
751 4259 782 4318 et
798 4249 939 4346 capitula
955 4247 1159 4322 familiarum
1186 4270 1237 4316 re-
