3064 4952
299 487 361 553 178
650 502 824 550 micturus
846 503 885 548 us
907 503 1062 551 numurus
1512 308 1523 543 l

302 671 319 712 o
341 643 561 717 commeavit»
582 643 761 734 (Gousteut,
778 643 840 718 col.
858 644 947 735 792).
961 645 999 713 lu
1012 644 1147 737 epistola
1161 647 1199 710 17
1217 669 1224 708 ι
1246 639 1419 710 «Adverti
1513 550 1523 737 l

301 781 319 820 ι
341 753 418 824 Sedi
433 751 642 844 Apostolicae,
658 753 701 822 ud
715 775 815 845 quam
828 753 942 823 relatio
957 754 1055 823 missa
1077 751 1170 846 quasi
1191 750 1232 821 ad
1247 755 1347 843 caput
1366 771 1419 818 ec-
1528 803 1529 806 ,

301 861 513 932 eclesiarum
539 863 702 948 currebat,
725 862 868 954 aliquam
898 862 969 931 fieri
992 861 1160 952 iujuriam,
1191 859 1284 951 cujus
1311 855 1421 927 adhuc

301 969 590 1059 «inambiguum
614 969 772 1038 sententia
795 969 969 1039 duceretur
991 995 1009 1034 u
1030 969 1210 1061 (Constant,
1235 969 1297 1036 cot.
1328 967 1419 1056 830).
1516 1056 1521 1065 Ι

296 1079 335 1148 ln
353 1076 489 1170 epistola
512 1081 552 1145 96
573 1077 722 1168 designat
742 1087 885 1146 sanctam
908 1077 1026 1146 Sedem
1053 1078 1115 1146 snb
1130 1076 1262 1146 nomine
1275 1075 1423 1158 faculta-
1515 1084 1521 1115 ¹

297 1186 376 1255 tatis
390 1187 522 1278 leptim:
543 1185 786 1256 «Conturbntio
799 1186 948 1279 procellae
959 1185 1138 1256 barhauoae
1151 1183 1296 1254 facultati
1308 1184 1423 1275 legum
1514 1188 1521 1255 Ξ

301 1293 452 1364 «intulit
473 1315 585 1363 casum
608 1319 625 1359 ι
648 1293 826 1386 (Constant,
852 1295 913 1362 col.
945 1294 1033 1385 999).
1053 1295 1276 1363 Casusautem
1289 1291 1345 1361 ille
1359 1291 1425 1360 de-

298 1401 476 1488 finiendus,
503 1408 572 1470 erat
589 1400 630 1470 de
654 1402 771 1470 marito
798 1402 868 1494 qui,
884 1408 1023 1495 capteet
1035 1402 1070 1470 iu
1087 1403 1276 1471 servitutem
1291 1400 1426 1469 redacta
1514 1410 1520 1457 :

297 1531 402 1581 uxore
417 1531 489 1596 sua,
506 1508 642 1578 alteram
658 1507 820 1578 duxerat.¹
1513 1498 1521 1529 ¹

343 1620 437 1688 Anno
462 1619 538 1684 417.
554 1655 599 1670 ·-
613 1617 762 1686 Zosimus
783 1619 872 1710 Papa
883 1619 945 1688 sub
968 1617 1427 1710 poeneexcommunicationis
1517 1618 1523 1637 '

298 1727 470 1820 probibuit
497 1749 538 1796 ne
568 1726 705 1796 clericus
739 1727 829 1796 ullus
859 1728 1095 1820 cujuscumque
1128 1728 1252 1819 gradus
1281 1727 1426 1798 Romam

301 1836 437 1922 veniret,
456 1833 519 1902 uisi
544 1835 637 1926 prius
650 1836 691 1903 ab
707 1836 963 1928 Archiepiscopo
980 1838 1175 1925 Arelatensi,
1192 1845 1313 1906 sauctae
1329 1835 1427 1904 Sedis

299 1943 419 2034 legato,
446 1942 619 2033 accepisset
644 1941 769 2012 litteras
794 1943 1027 2014 testimoniales
1054 1968 1128 2036 quae
1151 1945 1308 2034 formate
1336 1942 1427 2012 dice-

299 2055 421 2122 bautm
440 2077 449 2120 ι
469 2077 487 2116 c
509 2052 635 2121 Placuit
660 2052 855 2144 Apostolicae
882 2039 961 2122 Sedi
986 2062 1035 2142 ut,
1066 2055 1094 2122 si
1114 2055 1189 2146 quis
1215 2077 1257 2122 ex
1280 2053 1428 2146 qualibet

306 2160 526 2229 «Galliarum
550 2167 653 2252 purte,
674 2162 736 2229 sub
757 2161 902 2254 quolibet
924 2162 1136 2232 ecclesiastico
1164 2161 1283 2253 gradu,
1307 2161 1348 2230 ad
1366 2185 1429 2230 uos
1530 2193 1531 2202 ι

306 2268 460 2339 «venire
485 2267 672 2355 contendit,
703 2270 755 2336 vel
792 2270 856 2339 alio
886 2279 1050 2339 terrarum
1082 2271 1129 2339 ire
1163 2271 1325 2363 disponit,
1359 2293 1428 2338 nou

307 2403 325 2442 n
347 2377 442 2446 aliter
463 2376 698 2469 proficiscatur,
724 2376 787 2444 nisi
805 2378 1044 2469 metropolitani
1058 2378 1258 2447 Arelatensis
1272 2378 1429 2469 Episcopi

308 2512 326 2553 u
345 2487 500 2555 formatas
522 2486 721 2576 acceperit...
747 2485 784 2553 Si
805 2487 882 2578 quis
903 2497 1011 2556 autem
1028 2488 1100 2556 baec
1114 2488 1289 2557 salubriter
1303 2488 1432 2556 cousti-

308 2603 418 2662 ctute
445 2602 604 2662 temerare
629 2594 821 2680 tentaverit,
840 2604 955 2686 sponte
980 2617 1040 2664 sua
1066 2619 1100 2664 se
1123 2604 1275 2664 anostra
1300 2595 1432 2663 noverit

310 2701 579 2772 «communione
609 2700 826 2770 discretum»
862 2701 975 2794 (Epist.
1011 2707 1042 2790 1,
1070 2705 1239 2790 Constant,
1268 2703 1329 2772 col.
1364 2706 1432 2770 935

306 2818 338 2879 et
353 2809 443 2899 996).
460 2846 505 2860 -
519 2808 622 2899 Epist.
642 2811 659 2874 9
681 2835 688 2876 :
711 2835 729 2875 u
751 2808 838 2877 Sciet
862 2810 1011 2902 quisquis
1026 2811 1088 2880 boc
1102 2812 1277 2902 postposite
1290 2811 1433 2878 Petrum

313 2945 331 2985 c
353 2927 386 2986 et
410 2916 607 3008 Apostolicae
627 2916 721 2984 Sedis
742 2917 931 2986 auctoritate
948 2918 1142 3008 neglexerit,
1157 2941 1176 2986 a
1191 2918 1287 2986 uobis
1300 2916 1436 2986 distric-

314 3054 332 3094 ι
354 3028 419 3095 tius
445 3023 705 3110 vindicandum3
731 3032 776 3092 ut·
792 3024 853 3093 loci
880 3026 931 3093 sni
957 3027 1091 3094 minime
1117 3027 1245 3096 dubitet
1273 3026 1335 3094 sibi
1364 3049 1436 3095 nou

314 3161 332 3202 ι(
355 3145 501 3205 constare
525 3133 698 3220 rationem,
721 3133 749 3200 si
768 3133 829 3201 hoc
852 3142 945 3225 putat
966 3144 1039 3226 post
1053 3143 1100 3204 tot
1115 3134 1352 3227 prohibitiones
1368 3136 1438 3202 im-

315 3271 333 3312 «
355 3267 443 3336 pune
457 3243 575 3311 tentari
597 3268 614 3306 u
633 3241 813 3332 (Constant,
831 3244 892 3312 col.
912 3245 1003 3334 970).
1020 3283 1065 3296 -
1078 3245 1116 3311 lu
1131 3244 1266 3335 epistola
1285 3249 1303 3311 4
1322 3270 1330 3311 :
1353 3271 1371 3310 α
1396 3246 1439 3311 Ιιι

316 3381 333 3420 n
357 3353 495 3445 speculis
508 3374 528 3419 a
542 3351 610 3419 Deo
633 3351 812 3438 constituti,
840 3364 876 3419 ut
897 3352 1076 3443 vigilantia
1091 3362 1211 3421 nostrae
1227 3352 1440 3442 diligentiam

315 3491 334 3530 o
356 3461 613 3554 comprobantes,
641 3470 673 3528 et
693 3482 769 3552 ques
797 3460 976 3529 coercenda
998 3469 1074 3531 sunt
1095 3483 1288 3547 resecemus,
1312 3469 1438 3553 etqncr

316 3599 334 3639 c
357 3569 650 3641 observandasunt
672 3569 856 3636 senciamus
879 3595 896 3634 o
914 3569 1095 3659 (Constant,
1123 3570 1172 3638 col
1205 3569 1317 3658 1066).
1335 3607 1380 3620 —
1397 3570 1440 3637 lu

314 3682 449 3775 epistola
465 3686 482 3748 5
502 3707 509 3747 :
531 3707 548 3746 u
570 3679 724 3770 Quisquis
749 3701 827 3748 vero
845 3687 980 3747 conatus
1003 3679 1102 3747 luerit
1115 3687 1239 3748 tentare
1255 3679 1439 3771 prohibitu,

318 3818 336 3858 c
358 3791 478 3861 sentiet
488 3811 660 3859 censuram
676 3787 770 3858 Sedis
783 3788 978 3879 Apostolicae
990 3787 1124 3856 minime
1136 3787 1335 3856 defuturam.
1351 3785 1440 3869 Qum

319 3902 449 3970 «euim
472 3901 542 3969 sola
566 3895 802 3966 admonitionis
831 3897 1021 3965 auctoritate
1046 3917 1112 3964 nou
1137 3895 1347 3986 corrigimus,
1376 3919 1443 3964 ne-

320 4037 338 4077 c
360 4031 446 4079 cesse
462 4018 510 4086 est
525 4029 584 4099 per
597 4007 803 4076 severitatem
819 4015 1052 4096 congruentem
1067 4007 1189 4096 regulis
1198 4007 1403 4076 vindicemus
1420 4035 1439 4073 n

321 4119 501 4211 (Constant,
517 4115 578 4184 col.
598 4115 708 4205 1074).

362 4229 454 4296 Anno
483 4229 559 4293 tta.
573 4223 769 4292 -Sanctus
793 4225 858 4292 Leo
872 4223 1011 4313 Magnus
1034 4223 1068 4290 in
1086 4245 1145 4290 sua
1170 4223 1211 4290 ad
1232 4224 1442 4314 Campania,
