3068 4948
263 477 325 543 27⁰
615 501 789 550 naimarus
810 503 848 550 ns
871 503 1023 550 rauciens

261 647 331 706 oet
364 639 524 731 publicari
553 641 594 708 ad
626 642 735 712 valvas
769 643 910 715 basilicae
940 644 1101 736 Principis
1128 643 1377 735 Apostolorum,

261 747 443 816 aecclesiae
470 749 710 838 Lateraneusis,
733 750 783 820 vel
805 753 841 820 iu
864 753 932 821 acie
957 753 1074 845 Campi
1099 753 1219 840 Florae,
1240 752 1380 844 aliisque

260 881 278 920 a
300 855 379 924 loeis
399 857 523 940 solitis,
542 859 589 926 uti
610 859 650 928 ad
672 860 791 929 calcem
814 861 1018 931 decretorum
1040 869 1072 930 et
1088 861 1266 948 bullarum,
1295 883 1380 954 qua·

260 986 376 1031 arum
404 963 488 1034 laeta
515 974 563 1034 est
593 967 785 1058 publicatio,
816 969 938 1060 passim
967 969 1175 1061 exprimitur.
1202 969 1240 1040 Si
1266 979 1380 1038 autem

222 1067 227 1072 '
261 1069 429 1139 «decreta
453 1071 624 1141 dumtaxat
651 1085 847 1144 concernunt
875 1086 1000 1146 certum
1030 1077 1187 1166 tribunal,
1216 1089 1294 1148 tunc
1315 1104 1381 1173 pu-

261 1205 278 1244 u
300 1179 430 1249 blicatio
459 1180 532 1250 fieri
559 1184 728 1252 cousuevit
754 1185 790 1252 iu
813 1185 869 1254 illu
887 1187 958 1278 ipso
980 1187 1149 1275 tribunali,
1170 1197 1206 1256 ut
1228 1210 1287 1280 per
1305 1211 1380 1258 eam

261 1315 277 1352 u
301 1289 340 1356 ad
367 1289 515 1358 notitiam
536 1289 711 1362 deveniant
732 1315 846 1362 eorum
872 1295 912 1362 ad
942 1318 1024 1386 quos
1050 1295 1179 1365 decreta
1203 1297 1259 1366 illa
1285 1321 1381 1389 spec-

261 1422 278 1460 u
301 1404 381 1464 tant.
405 1397 472 1464 Hae
494 1395 601 1466 forma
620 1398 781 1489 publicari
794 1411 1035 1471 consueverunt
1048 1425 1068 1471 a
1083 1403 1222 1494 singulis
1237 1402 1379 1472 Pontifi-

261 1503 393 1572 oeibus
420 1504 544 1594 regulae
573 1505 786 1592 cancellariae,
811 1508 845 1576 in
874 1509 943 1600 ipsa
972 1509 1163 1580 macellaria
1187 1534 1376 1603 perunum

262 1633 343 1679 uex
374 1611 444 1678 llll.
479 1610 543 1680 Pr.
575 1613 644 1682 DD.
685 1615 816 1706 majoris
845 1617 1051 1687 Poenitentiae
1080 1617 1374 1707 abbreviatoribus,

261 1745 278 1782 u
302 1742 340 1787 eo
363 1719 450 1809 quod
478 1719 530 1787 hm
548 1721 671 1810 regulae
697 1723 766 1792 sive
791 1722 1011 1793 ordinationes
1033 1726 1185 1816 primitus
1204 1724 1245 1793 ad
1269 1725 1377 1794 direc-

262 1854 278 1892 u
303 1829 423 1896 tionem
447 1829 650 1897 cancellariae
678 1829 801 1898 fuerint
829 1830 1000 1918 ordinatae,
1025 1842 1056 1901 et
1083 1833 1305 1925 principaliter
1334 1834 1376 1902 ad

262 1936 363 2005 «hoc
398 1936 542 2007 tribunal
578 1937 771 2029 pertineant.
812 1939 972 2010 Similiter
1001 1942 1028 2008 si
1063 1941 1192 2010 decreta
1229 1951 1376 2033 spectant

262 2045 495 2136 «particulare
523 2045 654 2136 aliquod
684 2069 814 2138 corpus,
846 2058 903 2116 aut
930 2048 1131 2137 institutum,
1161 2050 1212 2118 vel
1243 2050 1376 2140 religio·

262 2173 413 2221 «sorum
445 2151 606 2239 ordinem,
642 2163 882 2223 consueverunt
916 2179 953 2223 ea
984 2156 1081 2246 dirigi
1119 2155 1162 2225 ad
1191 2157 1376 2248 superiores

261 2261 353 2330 arel
376 2262 550 2330 directores
577 2261 671 2330 istius
697 2263 854 2353 corporis,
881 2263 1021 2332 instituti
1050 2265 1102 2333 vel
1122 2264 1259 2352 ordinis,
1285 2273 1321 2334 ut
1340 2265 1376 2332 hi

261 2397 278 2434 u
301 2393 339 2438 ea
359 2369 526 2438 notificent
550 2369 703 2438 omuibus
729 2392 869 2462 quorum
895 2370 951 2440 illa
969 2372 1051 2440 scire
1069 2374 1212 2442 interest.
1238 2372 1285 2440 De
1303 2373 1376 2462 lege

262 2502 387 2548 «nova
404 2501 424 2547 a
441 2500 570 2548 summo
597 2478 754 2546 Pontifice
784 2479 860 2566 lata,
894 2488 1004 2549 utrum
1035 2503 1073 2548 aa
1102 2481 1223 2571 obligat
1251 2481 1373 2568 statim,

262 2613 279 2651 u
302 2609 344 2655 an
368 2593 442 2678 post
463 2585 546 2653 duos
575 2607 714 2670 menses,
736 2585 832 2676 juxta
858 2587 1079 2656 authenticam
1099 2601 1137 2656 ut
1162 2590 1261 2678 sactae
1283 2611 1377 2657 noum

263 2719 280 2760 u
303 2692 559 2773 constitutiones,
583 2692 687 2783 quaeri
710 2692 801 2760 solet.
826 2692 954 2782 Negant
973 2695 1193 2763 communiter
1214 2695 1373 2764 doctores.

263 2829 280 2867 u
302 2801 454 2870 Pontifex
469 2801 503 2868 iu
520 2799 618 2870 modo
632 2800 757 2869 ferendi
777 2801 883 2892 legem
907 2825 1001 2870 snam
1021 2810 1053 2873 et
1072 2803 1303 2893 obligationem
1321 2807 1376 2872 in-

263 2937 279 2974 u
303 2908 441 2978 ducendi
457 2930 522 2976 uon
538 2909 713 2999 acceptavit
733 2909 953 2978 authenticam
969 2924 1007 2978 ut
1020 2933 1112 2980 nove
1129 2913 1375 2980 comtitutienas

262 3016 409 3107 «quoad
434 3016 577 3108 primam
603 3023 742 3106 partem,
768 3016 887 3084 sedicet
911 3017 1018 3107 quoad
1043 3017 1294 3109 publicationem
1320 3019 1375 3087 la-

262 3153 279 3191 α
302 3124 451 3194 ciendam
467 3125 504 3192 in
522 3123 668 3216 qualibet
689 3125 881 3215 provincia:
902 3147 980 3214 ergo
999 3148 1104 3219 neque
1127 3127 1233 3219 quoad
1255 3149 1374 3196 secun·

261 3263 279 3302 «
302 3235 392 3322 dam,
409 3256 527 3325 nempe
540 3233 683 3301 duorum
700 3233 864 3302 mensium
880 3261 886 3301 :
902 3235 979 3326 quia
995 3234 1065 3303 hacc
1079 3237 1253 3328 acceptatio
1266 3258 1372 3329 neque

262 3371 280 3408 u
302 3343 459 3435 probatur
472 3341 583 3432 aliquo
604 3348 694 3410 textu
714 3339 799 3432 juris
814 3343 974 3431 canonici,
987 3365 1052 3435 quo
1067 3342 1240 3412 Pontifices
1263 3343 1373 3412 deela-

261 3480 279 3519 u
302 3459 413 3520 rarent
427 3450 511 3519 velle
527 3470 561 3516 se
576 3447 730 3516 adhihere
748 3448 836 3539 leges
850 3450 962 3519 civiles
982 3473 1042 3542 pro
1065 3451 1164 3520 modo
1178 3451 1305 3520 ferendi
1319 3453 1373 3520 vel

262 3557 467 3650 «obligandi
491 3557 667 3626 Ecclesiam
691 3579 749 3647 par
769 3556 857 3647 leges
882 3581 969 3646 suas,
990 3580 1095 3650 neque
1117 3558 1273 3650 probatur
1292 3581 1374 3628 corr·

262 3698 279 3736 a
302 3668 484 3748 suetudine,
507 3674 545 3735 ut
566 3665 666 3735 fidem
690 3688 782 3736 suam
805 3669 1017 3758 interponunt
1036 3690 1153 3758 graves
1175 3677 1320 3738 auctores
1342 3679 1374 3739 et

262 3805 279 3845 u
302 3776 481 3869 specialiter
499 3775 648 3885 Vasquez
667 3782 698 3841 et
723 3775 902 3861 Navarrus,
919 3777 976 3865 qui
998 3775 1114 3844 dicunt
1135 3775 1174 3844 de
1197 3787 1373 3845 consuetu-

261 3915 278 3954 a
302 3888 378 3954 dine
395 3893 427 3954 et
447 3884 530 3976 stylo
548 3883 582 3950 in
597 3883 685 3952 Urbe
700 3885 837 3967 servari,
859 3894 894 3952 ut
914 3884 1193 3954 constitutionum
1215 3886 1373 3976 apostoli·

262 4025 279 4062 u
301 4018 413 4064 carum
437 4003 701 4086 transgressores,
717 4001 792 4060 ante
815 3991 897 4063 duos
917 4016 1045 4062 meuses
1059 4017 1078 4062 a
1092 3993 1369 4086 promulgatione,

261 4135 278 4171 «
301 4105 492 4196 puniantur.
517 4127 534 4164 n
559 4100 667 4192 (Apud
696 4101 805 4190 Politi,
827 4102 1092 4194 Junsprudcntia
1125 4103 1229 4172 eccles.
1263 4104 1369 4190 acciu,

256 4221 282 4286 t.
299 4215 324 4298 l,
343 4231 479 4304 prooem.
501 4215 618 4303 quest.
637 4207 681 4298 3.)
