3064 4952
247 363 310 431 232
602 381 777 430 rrlcrsrus
800 383 838 432 on
861 382 1014 431 rrrucnns

249 527 390 596 liberum
417 549 500 615 essa,
525 527 737 620 quantumvis
760 534 878 618 urgeat
901 549 1051 596 summus
1077 525 1243 615 Pontifex,
1266 525 1375 620 ipsius

248 636 495 707 constitutiones
524 635 565 705 de
592 635 763 729 disciplina
789 643 965 705 statuentes
995 658 1062 704 nou
1092 643 1269 729 acceptare,
1295 645 1328 705 et
1352 659 1375 705 a

248 745 377 815 fortiori
392 767 458 814 non
473 743 638 836 publicare
656 745 691 812 in
714 745 785 813 suis
800 743 1006 813 dioecesibos.
1023 743 1121 832 Hinc,
1138 743 1166 811 si
1184 765 1250 813 non
1265 743 1377 812 valeat

247 854 303 922 lex
317 852 483 946 pontificia
496 853 611 922 Romae
635 851 861 921 tantummodo
883 851 1103 943 promulgata,
1119 872 1194 920 cum
1209 849 1290 920 alibi
1304 851 1375 919 im-

250 961 357 1056 pediri
375 971 441 1031 tam
467 961 560 1031 facile
580 960 682 1055 possit
702 962 805 1054 ipsius
830 961 1062 1053 promulgatio,
1082 967 1150 1029 tota
1172 963 1207 1029 in
1228 959 1374 1029 nihilum

250 1071 316 1141 abit
340 1070 566 1141 Romanorum
595 1069 792 1139 Pontificum
821 1067 1004 1159 legislativa
1034 1075 1174 1161 potestas
1199 1075 1375 1137 eteorum

246 1180 348 1272 plena
374 1178 554 1248 Ecclesiam
579 1177 767 1246 universam
795 1174 1003 1267 gubernandi
1026 1174 1162 1244 facultas
1187 1197 1207 1243 a
1231 1175 1376 1244 concilio

249 1286 438 1357 Florentino
453 1284 598 1355 delinita.
616 1285 657 1354 Et
679 1286 714 1353 in
732 1284 821 1354 hunc
842 1307 977 1378 scopum
992 1284 1177 1353 evertendo
1193 1284 1375 1378 pontilicim

250 1392 416 1486 potestatis
427 1394 659 1486 jansenismus,
676 1390 864 1460 minuendo
878 1411 957 1460 vero
970 1389 1226 1480 gallicanismns,
1243 1413 1378 1482 semper

251 1503 472 1574 intenderunt.
489 1506 771 1593 Argumententur
791 1509 900 1570 autem
920 1523 962 1569 ex
980 1500 1099 1592 triplici
1123 1500 1225 1587 fonte,
1241 1521 1282 1569 ex
1295 1499 1377 1592 jure

253 1615 373 1684 scilicet
393 1612 604 1700 naturalior
624 1612 698 1704 jure
717 1611 830 1682 divino
855 1618 887 1680 et
914 1631 955 1678 ex
983 1609 1079 1703 praxi
1105 1610 1270 1678 Ecclesiae.
1298 1609 1378 1692 Quo

252 1721 372 1814 triplici
387 1728 580 1810 argumento
601 1719 852 1789 insufficientem
875 1718 990 1786 Romm
1016 1726 1142 1786 tanturn
1162 1717 1281 1787 lectam
1295 1740 1378 1810 pro-

253 1828 488 1920 mulgationem
502 1827 582 1896 adeo
597 1826 765 1896 evidenter
779 1825 996 1895 demonstrari
1012 1823 1173 1917 jactitant,
1189 1833 1226 1895 ut
1241 1825 1379 1919 opposi-

254 1947 320 2007 tam
344 1935 535 2006 sententiam
558 1935 652 2028 quasi
678 1941 900 2028 expugnatam
928 1934 1063 2004 omnino
1085 1941 1117 2002 ot
1141 1934 1379 2003 conclamatam

254 2045 433 2114 derideant.
451 2044 588 2137 Antiqui
602 2067 620 2112 e
634 2052 746 2112 contra
759 2043 933 2112 canonistoe
949 2042 1008 2135 qui
1028 2039 1278 2110 insufficientem
1293 2065 1381 2134 pro-

255 2153 488 2243 mulgationem
510 2151 625 2220 Romae
649 2150 765 2220 laetam
792 2149 916 2243 opinati
944 2156 1033 2238 sunt,
1054 2149 1126 2218 ideo
1150 2149 1315 2242 praecipue
1339 2150 1379 2218 in

256 2260 340 2329 hanc
360 2259 467 2329 abiere
487 2259 691 2345 sententiam,
709 2256 797 2351 quod
816 2279 888 2326 eam
908 2279 978 2326 esse
996 2279 1056 2349 pro
1074 2255 1203 2348 legibus
1223 2255 1380 2327 civsstbus

255 2376 407 2436 statutam
426 2367 575 2457 regulam
591 2364 739 2435 viderent
758 2373 789 2433 et
810 2364 892 2434 falso
911 2363 1141 2434 concluderent
1160 2363 1251 2433 illam
1272 2387 1379 2456 regu-

255 2474 322 2542 lam
342 2496 410 2544 esse
432 2472 473 2542 ad
498 2473 586 2563 leges
608 2471 790 2565 pontificias
813 2471 1064 2541 extendendam.
1086 2469 1150 2552 Qui
1175 2472 1378 2565 caeteroquin

256 2581 351 2674 pauci
366 2581 456 2650 luere
471 2603 546 2649 cum
560 2579 647 2650 dicat
659 2579 780 2649 Suarez
798 2609 805 2648 :
825 2580 1046 2652 Nihilominus
1062 2581 1231 2669 ceptron'a
1246 2594 1378 2650 senten-

258 2688 306 2756 tia
319 2689 525 2757 communiae
537 2700 667 2780 recepta
682 2701 738 2756 est.
759 2687 818 2777 (De
835 2686 970 2780 lepidus,
986 2687 1009 2755 l.
1027 2687 1086 2774 IV,
1104 2711 1134 2756 c.
1150 2713 1208 2777 xv,
1224 2712 1259 2757 n.
1280 2689 1326 2782 3.)

301 2795 375 2864 Non
390 2817 470 2886 ergo
490 2795 603 2866 minui
624 2795 719 2863 debet
739 2795 840 2864 lector
859 2795 886 2863 si
904 2796 1135 2866 controversie
1158 2795 1246 2885 huic,
1262 2805 1378 2890 utpote

257 2903 343 2972 inter
371 2901 581 2992 gravissimas
608 2903 812 2995 reputandae,
842 2902 1013 2996 paululum
1043 2904 1267 2976 immoremur.
1301 2905 1377 2976 Erit

258 3019 367 3080 autem
385 3009 438 3079 hic
459 3009 637 3080 disserendi
656 3009 737 3080 ordo
752 3036 760 3078 ε
780 3014 812 3078 1⁰
827 3018 1006 3080 statuemus
1027 3012 1324 3104 promulgationem
1339 3016 1377 3084 in

257 3117 436 3210 provinciis
457 3118 591 3187 minime
613 3117 736 3210 requiri
756 3141 799 3187 ex
824 3117 898 3209 jure
924 3119 1081 3199 naturali;
1106 3123 1140 3187 2ο
1161 3120 1378 3212 probabimus

258 3249 365 3320 neque
379 3248 421 3294 ex
434 3226 509 3319 jure
522 3224 634 3296 divino
654 3225 794 3318 positivo
818 3247 888 3294 esse
908 3226 1141 3307 necessariam
1160 3231 1193 3294 3ο
1207 3229 1378 3323 precipua

259 3335 449 3424 colligemus
479 3341 690 3403 monumenta
718 3333 838 3426 quibus
867 3334 1067 3403 innotescere
1096 3335 1197 3427 possit
1221 3337 1376 3407 Ecclesiae

259 3443 371 3535 praxis
377 3468 386 3529 3
406 3446 440 3509 4⁰
453 3440 685 3511 concludemus
703 3440 918 3511 necessariam
933 3442 968 3509 in
984 3442 1161 3534 provinciis
1180 3445 1378 3536 promulga-

259 3553 381 3621 tionem
396 3574 438 3620 ex
459 3551 609 3620 Ecclesiae
628 3551 724 3644 praxi
743 3549 931 3620 nullatenus
949 3549 1181 3640 demonstrari3
1202 3555 1235 3620 5⁰
1250 3553 1378 3646 aliquid

260 3659 499 3751 subjungemus
517 3657 557 3728 de
579 3659 677 3729 modo
700 3680 766 3752 qno
783 3655 987 3749 promulgari
1011 3657 1115 3727 solent
1128 3660 1221 3728 varia
1234 3659 1377 3732 Romani

260 3767 425 3840 Pontificis
440 3768 579 3840 decreta.
616 3859 620 3868 .
