3072 4948
257 463 318 527 412
381 465 385 478 “
611 485 787 530 raacrurus
809 487 846 530 ns
870 487 1025 534 caraunus

253 643 289 688 re
307 623 446 714 scripta,
474 621 688 713 indigitamus
711 645 822 694 recens
846 647 928 717 opus
956 625 1052 695 modo
1083 626 1205 696 laudati
1228 626 1375 698 doctoris

253 730 404 822 Phillips‚
425 733 486 800 hoc
505 733 697 822 insignitum
718 734 810 804 titulo
833 733 904 804 :du
923 737 1018 804 Drcit
1039 736 1274 828 ecclesiasticae
1291 761 1374 806 corc-

255 836 361 904 siddrd
382 837 463 907 doru
485 862 531 907 ses
548 863 673 908 sources
696 841 724 932 (l
743 841 910 930 volumen,
926 844 999 912 aD.
1017 842 1155 912 Crouaet
1169 844 1203 911 in
1217 843 1375 932 gallicum

255 968 437 1016 sermonem
460 949 676 1040 translatum).
703 951 752 1018 lbi
775 951 917 1042 amplam
941 953 1082 1044 reperies
1105 953 1146 1021 de
1168 953 1378 1045 compilatio-

255 1054 364 1140 nibus,
381 1054 540 1144 bnllariis,
558 1057 739 1148 glossisqne
755 1058 923 1127 historiam
938 1068 970 1128 et
985 1061 1110 1148 crisim,
1126 1061 1161 1129 in
1180 1084 1246 1152 qua
1259 1070 1378 1130 auctor

255 1185 321 1231 non
345 1165 454 1233 minus
474 1167 646 1255 sagacitate
664 1167 698 1233 in
718 1167 930 1236 discutiendis
950 1170 1060 1255 rebus,
1075 1191 1175 1259 quarn
1190 1167 1377 1238 eruditione

255 1271 291 1338 in
305 1271 507 1342 documentis
522 1275 752 1344 coacervandis
765 1276 931 1366 praelucet.

720 1628 863 1698 CAPUT
886 1632 912 1698 l.

277 1865 337 1918 QUO
364 1868 438 1913 tuan
470 1868 565 1914 RECTA
596 1869 705 1915 nouare
736 1869 874 1914 ECCLESIA
906 1869 1050 1916 racxrnsss
1077 1869 1149 1915 POST
1178 1869 1351 1915 APOSTOLOS

711 1983 909 2032 TEMPORIBUS.

298 2247 433 2317 Duobus
451 2255 482 2316 et
495 2247 578 2316 forte
598 2247 695 2318 etiam
710 2248 814 2316 tribus
830 2249 994 2340 prioribus
1011 2249 1153 2337 seculis,
1175 2250 1244 2318 sola
1258 2250 1375 2320 divina

253 2355 433 2448 Scriptura,
456 2365 488 2424 ct
510 2356 633 2446 regulis
647 2356 688 2424 ab
712 2356 876 2446 Apostolis
900 2357 1148 2448 apostolicisque
1167 2359 1248 2428 viris
1269 2360 1375 2428 veluti

252 2487 309 2555 pcr
337 2487 454 2532 manus
479 2464 618 2552 traditis,
638 2464 863 2534 administrata
887 2473 934 2532 est
955 2463 1107 2534 Ecclesia.
1133 2467 1291 2556 Singulas
1306 2469 1374 2536 sci-

251 2573 325 2641 licet
339 2567 489 2642 ecclesias
502 2573 543 2641 ab
559 2573 723 2663 Apostohs
737 2573 1010 2664 Apostolorumve
1021 2573 1191 2666 discipulis
1203 2576 1370 2658 fundatas,

251 2680 377 2772 aliquas
403 2679 443 2748 ab
471 2679 593 2748 eisdem
621 2679 808 2749 traditiones
832 2703 869 2748 aa
896 2680 1026 2770 regulas
1048 2683 1220 2774 accepisse,
1249 2685 1373 2776 quibus

250 2811 304 2857 eas
327 2789 396 2878 regi
419 2800 451 2856 at
473 2797 638 2856 nascentes
660 2789 894 2858 controversias
914 2791 1065 2880 componi
1079 2799 1255 2882 oporteret,
1271 2792 1372 2882 dnbi-

250 2896 387 2964 tandum
412 2919 477 2964 non
498 2903 556 2964 est.
579 2894 730 2965 Clemens
754 2897 934 2984 Romanus,
955 2898 1059 2967 sancti
1079 2898 1169 2968 Petri
1190 2899 1372 2991 discipulus

251 3012 282 3072 et
296 3026 472 3090 successor,
489 3004 639 3094 rapulam
654 3004 695 3072 ab
711 3005 875 3096 Apostolis
891 3005 1042 3074 traditam
1058 3005 1097 3074 de
1111 3007 1371 3076 successionibus

247 3111 495 3203 Episcoporum,
513 3120 672 3181 memorat
687 3112 722 3180 in
736 3113 749 3179 l
764 3135 823 3180 sna
838 3113 880 3180 ad
900 3101 1085 3184 Corinthios
1101 3115 1248 3207 epistola,
1263 3127 1299 3184 n⁰
1314 3121 1368 3202 ll,

254 3221 349 3312 (hanc
372 3219 540 3311 epistolam
560 3243 635 3311 quae
661 3226 697 3288 ut
712 3220 896 3289 authentica
916 3221 1118 3311 agnoscitur,
1135 3222 1235 3292 habes
1249 3224 1284 3292 in
1299 3223 1371 3293 col-

249 3330 385 3398 lectione
410 3329 623 3398 conciliorum
648 3330 767 3416 blansi,
790 3339 813 3398 t.
840 3333 870 3418 t,
888 3355 919 3420 p.
940 3332 1028 3420 171).
1046 3333 1193 3422 Ignatius
1212 3343 1285 3423 post
1307 3335 1370 3402 Pe-

246 3447 334 3506 trum
369 3439 530 3508 secundus
563 3438 791 3508 Antiochensis
818 3439 1009 3530 Episcopus,
1046 3441 1193 3531 singulas
1222 3463 1370 3534 quasque

248 3546 436 3637 digrediens
463 3547 620 3634 civitates,
650 3546 801 3616 Ecclesiae
830 3547 969 3638 populos
994 3548 1196 3637 hortabatur,
1225 3562 1263 3618 ut
1293 3550 1368 3618 dili-

250 3658 378 3749 pentr'us
410 3679 448 3724 cc
479 3656 622 3726 tenacius
654 3656 884 3748 Apostolorum
913 3655 1146 3726 traditionibus
1173 3659 1369 3728 iutrarcrerat

249 3766 347 3856 (apud
373 3765 527 3852 Firniani,
555 3765 666 3834 inlus
686 3787 757 3832 can.
786 3773 810 3832 t.
842 3771 873 3846 t,
902 3789 935 3854 p.
964 3769 995 3851 8,
1019 3765 1096 3834 edit.
1122 3766 1223 3858 Neap.
1253 3768 1365 3858 1777).

249 3873 417 3943 Proximis
441 3881 513 3964 post
539 3872 712 3963 Apostolos
734 3872 875 3961 saeculis,
903 3874 1133 3944 controversie
1162 3875 1196 3942 in
1225 3875 1369 3944 Ecclesia

250 3990 344 4071 orta,
357 4005 399 4050 ex
414 3979 646 4072 Apostolorum
666 3979 894 4050 traditionibus
909 3981 1019 4050 dirimi
1033 4005 1053 4048 a
1066 4005 1195 4052 summo
1211 3983 1368 4054 Pontifice

250 4099 281 4158 et
307 4113 326 4158 a
347 4089 491 4159 conciliis
511 4088 667 4157 solebant.
693 4087 747 4158 Sic
769 4089 803 4156 in
826 4090 921 4180 gravi
942 4091 1145 4160 contentione
1166 4090 1206 4160 de
1227 4091 1283 4160 die
1303 4114 1368 4184 qua

249 4198 477 4268 celebrandum
491 4205 559 4268 erat
573 4196 709 4287 Pascha,
727 4207 865 4292 utraque
884 4221 960 4291 pars
976 4199 1204 4272 traditionibus
1220 4205 1365 4296 Aposto-
1431 4274 1433 4278 Α
