3050 4946
529 545 611 592 runis
643 543 793 592 cinosrcr.
1153 525 1215 590 465

89 679 187 776 jussu
215 685 266 753 Pii
288 686 319 753 V
345 687 470 777 Corpus
488 687 582 778 juris
603 686 751 753 canonici
772 687 995 776 correxerunt)
1013 687 1058 754 sic
1074 695 1214 754 notant:

93 795 180 861 Item
199 817 239 861 eo:
260 793 387 861 Diumo
407 794 572 883 inteqrom
588 793 821 885 professionem
836 792 927 882 fidu,
945 792 1076 884 woodo
1092 794 1165 884 quis
1180 794 1216 862 iu

93 905 284 970 Romanum
302 903 495 993 Pontificem
510 901 780 993 promovebatur,
802 903 900 992 refert
917 901 1091 970 Deusdedit
1106 901 1215 970 cordi-

91 1011 190 1092 rrolis,
209 1010 246 1078 in
261 1010 445 1078 collectione
460 1032 624 1078 cononum
636 1031 708 1100 queo
724 1020 873 1076 servatur
888 1008 923 1075 iu
933 1007 1134 1076 Bibliotheca
1154 1012 1217 1078 Vo-

93 1119 216 1186 ticono.

140 1229 173 1291 3·
195 1225 242 1294 De
266 1226 350 1294 libro
376 1227 501 1295 Diurno
527 1227 723 1294 mentionem
750 1225 848 1294 etiam
875 1225 952 1294 fecit
977 1223 1012 1292 S.
1042 1223 1217 1294 Anselmus

92 1334 251 1401 Lucensis
264 1335 298 1402 in
314 1357 373 1402 sua
385 1357 547 1402 munuum
566 1333 766 1420 collectione,
787 1341 867 1402 teste
883 1333 1042 1401 Garnerio
1060 1332 1105 1423 (in
1121 1333 1216 1400 Prae-

93 1441 215 1510 latione
230 1442 271 1509 ed
284 1464 378 1510 suam
392 1442 469 1510 lilui
479 1441 600 1510 Diuuii
612 1441 813 1530 editionem).

140 1553 173 1616 4⁰
188 1550 351 1619 Antonius
377 1550 583 1639 Augustinus
597 1572 663 1617 non
679 1549 891 1638 cognoscebat
906 1548 1129 1617 exsistentiam
1141 1549 1218 1617 libri

91 1658 211 1728 Diurni
222 1687 231 1746 3
255 1659 488 1750 professionem
510 1667 618 1726 tamen
639 1658 715 1726 fidei
737 1681 779 1726 ex
792 1659 850 1726 illo
865 1681 884 1725 a
899 1658 1053 1726 Gratiano
1068 1667 1098 1725 ct
1117 1658 1217 1725 lvone

93 1769 223 1834 citatam
248 1777 383 1835 noverat
401 1793 407 1834 :
423 1769 485 1834 Hic
513 1767 604 1847 liber,
632 1766 751 1858 inquit,
767 1789 835 1834 uon
849 1777 968 1846 exstat,
993 1763 1082 1856 quod
1100 1765 1214 1847 suom,

92 1876 155 1943 doc
166 1875 277 1957 titulo·
294 1875 504 1967 professionis
517 1888 629 1943 tomen
645 1873 715 1942 uidi
727 1875 854 1965 aliquot
870 1874 1021 1965 ecemplu
1039 1873 1134 1964 (Dial.
1148 1873 1214 1963 20).

92 1983 255 2050 Baronius
286 1984 449 2072 integram
477 1983 560 2051 hanc
589 1983 665 2051 fidei
699 1983 932 2072 professionem
961 1982 1059 2050 refert
1086 1982 1128 2049 ad
1155 2005 1217 2049 en·

94 2112 175 2158 num
195 2092 270 2157 869.
313 2094 318 2108 '

138 2199 180 2265 Et
201 2199 246 2266 ita
266 2199 398 2289 quidem
421 2223 521 2269 resse
542 2199 680 2267 habebat
694 2207 767 2266 aute
783 2196 1000 2281 Holstenium,
1018 2199 1074 2287 qni
1089 2199 1216 2287 primus

92 2316 260 2398 repertum
277 2309 392 2377 Romae
406 2309 549 2376 codicem
565 2305 678 2392 edidit,
690 2328 729 2373 eo
740 2303 900 2392 singulari
912 2303 1015 2390 exitu,
1029 2304 1087 2393 qui
1102 2304 1216 2371 erudi-

93 2425 144 2482 tos
157 2424 268 2505 postea
281 2417 322 2486 ad
338 2416 455 2484 acriter
468 2412 721 2484 concertandum
735 2412 939 2503 impulsurns
953 2420 1035 2478 erat.

606 2751 627 2842 s
656 2750 697 2817 11.

93 2955 131 3003 De
149 2952 240 3003 codice
256 2964 374 3010 romano,
386 2952 418 3001 de
436 2951 515 3001 modo
530 2962 582 3013 quo
598 2950 630 3000 ab
648 2947 782 3000 Holstenio
800 2945 883 2998 editus
897 2951 945 3008 cst,
958 2951 1009 2998 eta
1021 2949 1135 2998 Romana
1150 2947 1214 2998 Sede
1312 2961 1320 2991 s

374 3053 537 3104 suppressus,
554 3039 624 3090 etde
642 3036 832 3102 suppressionir
848 3051 934 3088 cauea.

138 3285 295 3354 Exstahat
316 3284 430 3352 Roma
459 3291 604 3351 vetustus
626 3282 701 3349 libri
724 3279 843 3348 Diurni
865 3279 1092 3347 membraneus
1111 3279 1214 3347 codex

91 3398 127 3463 in
154 3402 279 3482 octavo,
308 3393 502 3460 veneranda
526 3390 741 3482 antiquitatis,
767 3386 928 3479 siquidem
953 3385 995 3453 ab
1020 3387 1213 3475 octingentis

91 3505 187 3572 annis
209 3502 408 3592 exscriptum
430 3499 628 3568 existimavit
646 3495 864 3566 Mobillonius.
889 3492 984 3560 Illum
1003 3492 1037 3559 in
1056 3493 1213 3562 Vaticana

91 3611 293 3680 Bibliotheca
307 3609 485 3700 repositum
505 3607 661 3675 dixerunt
680 3605 795 3671 Petrus
817 3602 857 3669 de
870 3601 979 3668 Marce
1003 3601 1209 3691 (Concordia,

91 3721 113 3788 l.
140 3725 172 3808 1,
196 3744 223 3787 c.
247 3743 293 3804 rx,
318 3718 339 3808 ξ
363 3716 409 3807 7),
434 3726 465 3784 et
484 3714 648 3784 Antonius
665 3709 831 3779 Arnaldns
854 3708 998 3798 (Recueil
1014 3707 1054 3775 de
1068 3707 1212 3777 diverses

91 3829 210 3919 pisces,
232 3849 265 3918 p.
286 3827 353 3915 71);
370 3824 426 3892 sed
452 3828 655 3891 erraverunt.
674 3818 753 3886 Erat
772 3817 800 3882 is
816 3814 918 3882 codex
933 3813 1048 3882 Romae
1063 3815 1209 3906 quidem,

91 3938 203 4006 sedin
230 3935 425 4004 bibliothece
453 3930 638 4001 monasterii
668 3924 929 3999 Cisterciensium
955 3922 1083 3992 Sanctae
1097 3925 1212 3994 Crucis

91 4047 126 4114 in
151 4043 342 4113 Jerusalem.
373 4043 516 4109 Praeerat
540 4036 735 4108 monasterio
760 4033 860 4102 abhas
886 4031 1093 4100 doctissimus
1118 4034 1211 4103 Hila-

91 4155 165 4222 rion
189 4153 366 4236 flaucatus,
394 4150 526 4240 quando
552 4143 780 4216 celeberrimus
804 4142 909 4210 Lucas
929 4140 1129 4230 Holstenius‚
1153 4146 1211 4234 qui
1282 4129 1284 4136 ¹

92 4263 132 4332 de
155 4281 190 4330 re
207 4260 365 4329 litteraria
384 4267 449 4326 tam
471 4258 552 4325 bene
572 4254 706 4322 meritus
721 4259 781 4338 est,
799 4258 832 4318 et
844 4273 941 4341 quem
955 4251 1105 4318 Zaccaria
1119 4262 1213 4322 vocat

1014 4365 1053 4424 30
