3068 4948
331 415 392 504 tbi
683 455 857 502 rascrsrus
880 457 917 500 nu
941 455 1092 502 curramus

328 601 556 671 remittetur...
577 598 618 665 Si
632 596 690 688 qui
714 607 826 664 autem
847 596 938 664 scr'sse
957 600 1104 688 [orniam
1127 597 1255 668 oiuusdi
1277 601 1434 670 massamo
1514 601 1515 630 ¹

332 703 451 782 Siricis
462 709 662 798 detepentur,
677 729 780 797 neque
792 705 908 773 statim
919 705 1114 798 cupiditates
1127 706 1271 776 titidtus
1282 709 1434 801 abjecisse,
1514 691 1515 700 ἵ

330 821 382 890 illi
395 831 471 888 sunt
492 814 597 884 modis
617 813 765 883 omnibus
783 813 1005 896 submovendi,
1022 815 1081 906 qui
1094 828 1173 908 post
1190 814 1437 886 admonitionem
1514 891 1515 900 ἵ

330 928 497 1020 aequitum
505 922 764 1016 praeponendam
777 923 934 992 arbitrati
942 935 1019 991 sunt
1031 923 1301 1016 uoluptatun(1).
1315 924 1437 994 Clarum

331 1045 379 1105 est
397 1033 621 1104 Innocentium
644 1032 659 1099 Ι
682 1031 727 1099 ibi
747 1052 876 1122 paenam
904 1015 1077 1100 decerner‘e
1100 1041 1213 1102 conus
1235 1031 1367 1102 elericos
1390 1034 1439 1126 qni

331 1143 486 1215 notitiam
516 1156 721 1233 quocumque
761 1138 859 1208 modo
895 1139 1082 1208 habuerunt
1115 1139 1155 1208 de
1190 1139 1319 1210 decreto
1346 1144 1440 1209 sancti

332 1250 452 1337 Siricii,
468 1259 500 1318 et
513 1270 579 1317 non
594 1248 744 1316 excusari
762 1247 825 1314 nisi
842 1269 896 1316 cos
917 1247 974 1339 qui
997 1247 1181 1337 probabunt
1194 1270 1231 1336 se,
1247 1247 1440 1318 nullomodo

330 1358 413 1438 illud
441 1359 605 1427 decretum
635 1355 836 1445 cognovisse.
874 1355 961 1444 Ergo
998 1357 1152 1448 supponit
1183 1379 1241 1448 pec
1268 1355 1441 1448 simplicem

332 1466 488 1536 notitiam
514 1464 661 1554 praedicti
682 1463 814 1549 decreti,
834 1463 930 1531 etiam
954 1463 1076 1556 absque
1098 1463 1165 1532 ulla
1187 1464 1441 1557 promulgatione
1514 1535 1515 1558 ,

332 1574 462 1666 speciali
477 1575 511 1640 in
526 1571 670 1659 diaecesi,
685 1571 865 1662 obligatum
887 1569 986 1638 luisse
1006 1571 1182 1662 quemlibet
1201 1572 1392 1642 clericorum
1405 1571 1441 1639 sd

334 1680 420 1751 istud
437 1680 600 1749 decretum
620 1678 872 1748 observandum.

378 1790 467 1858 Idem
497 1788 645 1856 innuitur
672 1810 712 1856 ex
742 1788 876 1880 epistola
900 1788 1020 1856 Zozimi
1048 1788 1147 1880 Papa
1177 1788 1219 1856 ad
1249 1789 1442 1880 Hesycbium

334 1898 529 1991 Episcopum
545 1895 753 1964 Salonensam
770 1897 802 1963 in
818 1895 962 1986 illyrico.
983 1895 1146 1966 Petiverat
1159 1919 1179 1965 a
1193 1897 1324 1966 Zozimo
1344 1898 1443 1988 Hesy-

334 2007 439 2095 chius,
453 2014 565 2074 utrum
585 2003 735 2074 monachi
751 2013 783 2072 et
800 2004 874 2073 laici
895 2015 1025 2096 possent
1047 2006 1233 2097 promoveri
1245 2005 1287 2075 ad
1301 2005 1444 2075 sacerdo-

336 2119 431 2204 tium,
453 2138 519 2185 non
546 2114 701 2206 susceptis
727 2113 899 2182 ordinibus
924 2115 1147 2184 inferioribus.
1176 2113 1238 2183 Cui
1263 2114 1441 2183 Zosimus:

335 2231 406 2297 Hoc
418 2238 530 2294 autem
543 2223 726 2316 specialiter
738 2235 769 2290 et
784 2222 843 2290 sub
852 2223 1139 2314 prodecessoribus
1153 2223 1282 2304 nostris,
1301 2237 1332 2291 et
1348 2245 1446 2314 nuper

335 2361 355 2402 a
370 2334 460 2404 nobis
474 2332 685 2402 interdictum
700 2345 838 2424 constat,
857 2333 974 2401 litteris
995 2330 1042 2400 ud
1064 2329 1191 2400 Gallius
1212 2330 1445 2424 Hispaniasque

338 2441 546 2523 transmissis,
560 2441 596 2508 in
611 2439 727 2531 quibus
742 2440 926 2531 ropionibus
938 2439 1119 2531 familiaris
1133 2451 1178 2507 est
1190 2440 1253 2508 ista
1266 2461 1445 2530 praesump-

337 2553 393 2620 tio.
402 2602 423 2618 ..
446 2547 536 2618 Unde
549 2549 715 2616 miramur
730 2547 776 2616 ad
789 2545 991 2616 dilectionem
1006 2559 1101 2614 tuam
1116 2558 1244 2615 statuta
1260 2547 1446 2637 Apostolica

337 2657 431 2728 Sedis
446 2679 511 2726 non
527 2656 626 2748 firisse
647 2656 779 2748 perlata
797 2655 976 2746 (Constant,
992 2655 1102 2746 Epist.
1118 2657 1156 2722 R.
1176 2658 1289 2740 Pont,
1307 2677 1341 2746 p.
1362 2653 1444 2742 968).

337 2768 426 2856 Ergo
441 2764 642 2856 supponebat
655 2763 804 2833 Zazimus
827 2763 915 2855 Papa
937 2764 1139 2832 decretarum
1160 2763 1287 2832 Sancta
1302 2761 1397 2832 Sedis
1410 2760 1447 2830 ad
1513 2835 1514 2842 ,

336 2875 461 2967 aliquos
484 2872 660 2964 Episcopus
681 2871 864 2940 authentica
886 2870 1085 2940 directorum
1105 2869 1304 2938 sufficienter
1325 2893 1383 2962 per
1402 2879 1447 2938 to-
1513 2885 1514 2964 3

336 2994 406 3052 tum
428 2982 539 3050 orbem
565 2978 713 3048 notitiam
735 2982 858 3072 spargi,
881 2988 913 3047 et
939 2979 1169 3069 obligationem
1197 2979 1317 3048 axilla
1340 2980 1447 3048 notitia
1513 2985 1514 3016 ¹

336 3091 427 3160 oriri.
453 3087 609 3178 Alioquin
636 3088 769 3157 minime
792 3087 929 3156 miratus
954 3095 1037 3156 esset
1059 3087 1193 3170 litteras,
1213 3085 1255 3154 ad
1280 3087 1401 3156 Gallias
1420 3093 1447 3153 et

337 3198 509 3290 Hispanias
533 3195 683 3283 directas,
703 3195 861 3287 Episcopo
884 3195 918 3262 in
937 3193 1068 3286 illyrico
1090 3193 1241 3264 existenti
1260 3195 1447 3264 remansisse

339 3305 529 3396 incognitas.

381 3414 433 3482 Ex
456 3411 521 3480 illis
541 3419 649 3480 autem
672 3409 764 3478 lactis
786 3409 887 3478 lluere
913 3408 1041 3478 udatur
1068 3409 1139 3477 baec
1159 3409 1325 3478 conclusio
1343 3410 1447 3480 :Olim

337 3522 475 3592 Romani
502 3519 675 3588 Pontifices
695 3516 801 3610 quoad
818 3517 945 3587 decreta
968 3517 1151 3611 disciplina
1172 3541 1238 3587 non
1257 3528 1447 3611 putaverunt

207 3715 209 3720 ,
339 3629 552 3698 necessariam
572 3649 641 3696 esse
665 3625 701 3693 in
716 3624 893 3717 provinciis
917 3624 1056 3715 singulis
1070 3626 1379 3717 promulgationem,
1398 3623 1446 3694 sed

337 3735 484 3806 sufficere
506 3734 546 3803 ad
567 3730 779 3824 obligandum
798 3730 920 3825 ubique
948 3755 1019 3800 sam
1040 3731 1293 3825 publicationem
1312 3755 1387 3826 quae
1404 3729 1447 3798 rel

337 3845 451 3914 Romae
471 3852 503 3912 et
528 3843 563 3910 in
588 3842 736 3911 Romana
753 3842 891 3930 synodo,
919 3839 972 3908 val
992 3839 1026 3908 in
1049 3840 1214 3933 aliquibus
1234 3848 1361 3910 tanturm
1376 3861 1447 3932 pro-

338 3961 455 4030 vinciis
470 3959 580 4028 fiebat.

371 4195 401 4257 (t)
420 4193 552 4255 Constant,
568 4189 689 4255 Epistola
703 4191 772 4240 flam.
787 4190 950 4254 Pontificum,
964 4191 1015 4242 col.
1028 4195 1082 4241 ttt.
