3064 4952
579 431 661 482 surus
683 435 835 485 aaronica
1200 417 1263 490 237

149 583 183 646 et
204 597 262 668 per
281 571 452 644 relationes
468 572 659 642 innumeras
679 583 889 666 spargeretur
912 583 943 646 et
958 577 999 648 de
1013 579 1085 671 lege
1100 582 1267 674 pontificia

150 685 241 756 notio
259 691 357 774 certa,
385 690 418 752 et
438 681 479 752 de
491 682 660 752 resistente
672 683 834 776 Episcopo
855 687 1056 758 scandalum.
1073 691 1169 761 Multi
1182 717 1267 786 prae·

150 802 240 863 terea
254 798 406 861 curarent
417 790 605 862 denuntiari
619 813 748 860 summo
761 792 912 863 Pontifici
927 793 989 865 hoc
1003 799 1152 889 praesulis
1166 809 1269 870 mnu-

153 923 230 971 men
239 927 249 988 ;
271 909 303 968 et
327 908 405 970 tunc
420 909 531 970 sancta
553 898 653 969 Sedes
667 907 796 969 curaret
814 901 1014 994 exemplaria
1028 907 1212 978 anthentica
1226 911 1269 980 ed

153 1009 333 1102 capitulum
354 1009 474 1078 aliosve
496 1006 655 1100 expediri.
684 1007 813 1090 Quibus
832 1008 1020 1080 addendum
1043 1023 1091 1083 est
1113 1025 1270 1110 perpetuo
1299 989 1302 1002 Ι

153 1117 269 1187 Romae
291 1116 410 1207 degere
429 1125 462 1184 et
484 1116 652 1186 vanarum
677 1115 825 1207 gentium
839 1116 974 1208 legatos,
990 1129 1022 1190 et
1034 1121 1270 1220 Episcoporum

154 1248 217 1318 pro
237 1225 373 1316 negotiis
398 1223 600 1311 commissos,
627 1243 769 1313 quorum
792 1245 892 1314 opera
911 1223 1109 1296 sufficienter
1121 1253 1180 1322 per
1197 1256 1271 1304 om-

155 1355 231 1404 nem
247 1331 408 1402 mnndum
422 1329 463 1400 de
477 1328 548 1420 lege
562 1329 678 1399 Romae
692 1329 899 1423 promulgata
912 1341 999 1402 certa
1012 1334 1101 1405 notio
1113 1337 1269 1412 dimanet.

198 1443 286 1532 Ergo
301 1431 375 1510 talis
390 1446 439 1510 est
453 1438 671 1531 promulgatio
684 1438 799 1508 Romae
821 1441 1044 1512 tantummodo
1066 1443 1161 1536 lacta,
1179 1458 1216 1518 nt
1233 1450 1273 1520 de

158 1549 215 1620 illa
238 1573 296 1643 per
320 1571 434 1620 omnes
460 1546 627 1617 moraliter
647 1546 797 1616 ecclesias
822 1547 922 1616 etiam
937 1549 1170 1623 remotissimas
1185 1557 1274 1628 notio

159 1669 246 1730 certa
262 1659 492 1729 convenienter
514 1662 712 1748 perventura
726 1653 779 1740 sit,
793 1655 920 1724 etiamsi
935 1656 970 1724 in
984 1659 1164 1748 provinciis
1185 1665 1276 1735 nulla

158 1767 378 1860 promulgatio
393 1765 461 1834 liat.
477 1763 565 1854 Ergo
579 1762 752 1832 falsissime
766 1764 904 1832 asseruit
916 1763 990 1834 Van
1002 1766 1122 1859 Espen,
1138 1775 1275 1843 morali.

160 1887 211 1945 ter
224 1875 421 1967 impossibile
434 1895 497 1942 esse
508 1883 546 1940 ut
555 1893 618 1964 per
626 1893 700 1939 eom
712 1874 824 1940 soma
831 1873 959 1963 factam
968 1875 1274 1965 publicationem„

158 1984 277 2076 populi
291 1997 322 2052 et
328 1977 578 2052 communitates
589 1978 740 2070 fidelium
747 1979 1004 2070 peruastissimo
1014 1982 1160 2055 locorum
1174 1989 1276 2059 inter-

161 2090 252 2160 valla
271 2089 417 2184 disperse
436 2088 537 2158 etiam
559 2087 680 2156 borum
699 2085 903 2154 decretorum
921 2088 1078 2157 notitiem
1097 2095 1273 2188 acceptant.

162 2197 274 2291 (Apud
302 2196 465 2284 Zaooaria,
487 2196 558 2264 loco
576 2193 684 2280 citam,
708 2215 742 2285 p.
772 2193 860 2284 123.)
875 2192 1004 2264 Nedum
1019 2197 1207 2290 impossible
1222 2207 1275 2294 sit,

163 2305 275 2374 nihile
290 2313 401 2374 contra
416 2301 512 2373 hodie
526 2301 655 2373 facilins
674 2309 733 2370 est.

208 2415 368 2506 Tempore
392 2419 500 2481 autem
523 2410 767 2502 persecutionis,
791 2419 828 2480 ut
849 2409 973 2481 dictum
995 2423 1055 2504 est,
1082 2425 1114 2486 et
1131 2428 1205 2490 ante
1222 2421 1279 2492 in-

164 2532 279 2593 ventos
319 2529 415 2614 typos
439 2525 480 2587 'et
515 2525 668 2586 statutam
708 2517 832 2609 ubique
870 2519 1080 2611 epistolarum
1116 2528 1279 2618 publicam
1391 2515 1396 2528 ⁹

166 2631 454 2716 transmissionem,
493 2627 658 2696 difficilius
692 2627 815 2696 summi
851 2628 1025 2700 Pontifices
1059 2655 1119 2704 sua
1153 2637 1281 2710 decreta

166 2753 242 2812 nota
252 2741 412 2812 faciebant
426 2739 585 2819 ecclesiis;
602 2747 634 2807 et
652 2736 726 2807 ideo
738 2738 890 2808 videmus
904 2762 959 2809 eos
972 2764 1101 2813 curasse
1117 2756 1153 2816 ut
1166 2771 1280 2821 exam·

167 2853 239 2945 plor
262 2851 488 2922 authenticum
508 2871 566 2942 per
593 2849 709 2917 electos
734 2849 893 2940 quosdam
920 2852 1009 2920 viros
1035 2853 1218 2929 deferretur
1238 2862 1280 2931 ad

168 2963 350 3055 precipuos
371 2960 546 3046 Praesules,
568 2959 688 3052 quibus
707 2957 939 3049 injungebatur
955 2970 991 3029 ut
1005 2963 1120 3033 vicinis
1134 2969 1282 3039 notitiam

169 3071 288 3140 decreti
301 3069 565 3140 transmitterent.

212 3181 372 3250 Successu
386 3200 463 3249 vero
477 3177 645 3268 temporis,
662 3199 737 3246 cum
752 3176 844 3245 fieret
857 3177 972 3248 Romae
986 3203 1124 3272 magnus
1138 3184 1283 3257 fidebam

169 3312 210 3358 ex
237 3288 327 3358 omni
351 3287 483 3377 regione
498 3305 675 3354 concursus
700 3284 736 3353 in
761 3283 959 3377 quibusdam
974 3291 1053 3357 anni
1069 3291 1284 3372 solemnitati-

168 3396 243 3484 bus,
267 3394 431 3486 praeoipne
459 3392 511 3461 die
537 3415 637 3461 coenae
666 3391 808 3480 Domini,
839 3404 1007 3488 caeperunt
1030 3399 1151 3466 suxmmi
1171 3401 1285 3471 Ponti·

169 3507 246 3577 fices
268 3503 444 3575 sententias
466 3502 840 3572 excommunicationum
863 3525 933 3592 seu,
959 3513 996 3572 ut
1019 3506 1189 3596 vocabant,
1200 3533 1287 3601 pro-

170 3639 272 3686 cessus
291 3615 438 3683 decidere
456 3611 508 3681 bis
530 3611 645 3680 diebus
658 3610 860 3680 solemnibus
870 3638 880 3697 ;
903 3610 1096 3682 declarando
1112 3638 1169 3707 per
1183 3618 1286 3688 solam

172 3726 217 3794 sic
244 3725 361 3793 laetam
386 3720 648 3814 publicationem,
671 3718 713 3786 ob
738 3718 827 3786 bunc
852 3719 966 3810 populi
986 3743 1193 3814 concursum,
1215 3737 1288 3796 tan-

173 3855 270 3925 quam
295 3831 411 3920 ligatos
425 3829 538 3898 baberi
553 3826 670 3895 debere
694 3849 749 3895 eos
764 3827 800 3895 in
816 3849 898 3918 quos
918 3830 1078 3898 sententia
1098 3829 1284 3924 ferebatur3

174 3963 211 4009 eo
239 3939 326 4033 quod
357 3935 532 4008 verisimile
562 3957 627 4004 non
644 3941 726 4019 esset
747 3933 895 4003 notitiam
911 3937 1078 4005 sententie
1095 3939 1230 4030 prolate
1246 3944 1288 4013 ad

177 4069 229 4116 eos
244 4069 311 4117 non
324 4051 567 4139 perventuram.

221 4154 305 4228 Cum
326 4175 403 4223 vero
428 4160 539 4244 postes
562 4150 699 4220 facilitas
718 4149 951 4240 divulgationis
972 4151 1075 4224 multo
1096 4155 1199 4248 major
1212 4181 1289 4228 eva-
