3050 4946
235 463 296 528 444
586 485 760 532 reaumaus
782 485 820 531 nr
843 485 997 532 rmucrrus

235 624 325 692 siano
344 625 491 717 apposita
510 626 578 694 sint
602 654 609 693 ι
632 627 779 696 exstabat
797 626 886 694 enim
901 635 976 694 aute
991 623 1195 694 Hadrianum
1211 624 1265 693 illa
1281 624 1362 694 col-

234 733 339 800 lectio.
367 731 431 800 Sed
454 756 530 802 cum
551 734 701 804 Pontifex
723 734 776 802 ille
798 734 881 802 banc
904 733 1021 802 Garolo
1035 733 1155 822 Magno
1168 731 1359 818 tradiderit,

234 849 265 908 et
288 842 333 909 sic
352 843 532 934 approbare
555 845 644 912 visus
664 844 717 928 sit,
736 844 946 935 apostolicam
968 842 1147 934 quamdam
1169 843 1362 910 auctorita-

234 955 300 1016 tem
322 950 352 1018 ei
367 951 515 1040 contulit,
530 952 575 1019 ita
589 960 624 1020 ut
642 951 753 1020 Godec
772 973 937 1020 canonum
958 950 1211 1019 autonomastice
1226 951 1359 1040 passim

235 1055 270 1122 iu
297 1057 421 1145 Galliis,
449 1059 565 1128 Rome
588 1071 619 1128 et
640 1059 717 1127 alibi
737 1059 893 1151 appellari
917 1058 1062 1150 coeperit.
1082 1056 1220 1140 Quando
1242 1067 1361 1148 postea

235 1164 384 1254 prodiere
411 1165 526 1236 leidori
550 1166 739 1234 Mercatoris
765 1166 855 1234 falsae
871 1165 1059 1250 decretales,
1084 1187 1138 1233 aas
1159 1164 1361 1256 rejiciendas

234 1295 303 1340 esse
325 1274 460 1366 quidam
479 1276 722 1360 intellexeruut,
747 1299 785 1344 eo
808 1276 895 1368 quod
917 1276 953 1343 in
969 1287 1037 1344 toto
1058 1273 1173 1344 codicis
1188 1298 1359 1343 cationum

234 1403 367 1471 corpore
395 1406 459 1451 uon
489 1384 727 1452 continerentur
754 1384 957 1475 carueripta‘,
990 1391 1025 1451 ut
1054 1383 1191 1451 babetur
1217 1385 1252 1450 iu
1280 1384 1357 1475 epi-

234 1490 315 1557 stola
338 1493 378 1556 42
402 1491 527 1560 Nicolai
543 1493 556 1560 l
570 1493 611 1560 ad
635 1493 812 1583 Episcopos
827 1491 941 1560 Gallice
959 1491 1191 1581 (Conciliorum
1207 1490 1357 1559 cellectio

233 1597 335 1686 regia,
360 1605 382 1664 t.
411 1597 518 1685 Xllll,
535 1623 567 1691 p.
595 1599 685 1690 784).
703 1601 764 1666 Per
779 1599 879 1666 istum
896 1607 1004 1668 autem
1025 1597 1174 1667 Codiccm
1190 1621 1357 1666 canonum

232 1705 454 1796 intelligebant
482 1709 703 1779 collectionem
735 1709 951 1792 Hadrianum,
983 1718 1018 1775 ut
1049 1707 1168 1776 clarius
1200 1718 1285 1800 patet
1310 1732 1356 1776 ex

234 1813 413 1883 Hincmaro
433 1816 600 1903 Remensi,
628 1818 685 1908 qui
715 1816 910 1884 lsidorianas
936 1813 1112 1882 decretales
1146 1815 1354 1906 repudiabat,

232 1943 269 1989 ac
294 1931 421 1991 tantum
446 1922 631 1992 retinendos
653 1923 866 1992 contendebat
887 1944 1038 2007 canones,
1063 1945 1141 2014 quos
1168 1923 1357 2014 apostolica

236 2030 385 2100 Sedes...
409 2045 440 2100 ct
463 2033 567 2099 omnis
582 2031 742 2100 catholica
764 2032 909 2100 Ecclesia
929 2053 1068 2098 canones
1086 2032 1251 2121 appellat;
1278 2033 1355 2122 qui-

234 2161 342 2228 que...
364 2139 398 2206 in
420 2141 537 2208 uostris
560 2139 720 2208 codicibus
740 2163 820 2230 quos
835 2138 877 2206 ab
893 2139 1077 2231 apostolica
1103 2139 1187 2207 Sede
1208 2141 1356 2228 majores

235 2246 339 2313 nostri
371 2260 562 2338 acceperuut
603 2246 796 2338 sequendos,
828 2247 937 2314 locum
975 2245 1105 2314 habeut.
1147 2246 1232 2314 Hinc
1270 2257 1356 2314 recte

234 2353 396 2422 concludit
424 2356 582 2425 Constant
604 2356 716 2446 (Epist.
743 2355 785 2423 R.
818 2353 911 2422 Pont.
945 2353 1098 2445 prael.,§
1128 2359 1159 2435 8,
1193 2379 1226 2421 u.
1265 2357 1354 2445 128),

235 2460 378 2530 codicem
419 2487 518 2554 quem
555 2463 761 2532 Hadrianum
795 2483 963 2544 vocamus,
1005 2461 1046 2528 ab
1075 2462 1254 2531 Hincmaro
1288 2463 1356 2530 Ca-

235 2592 361 2646 rionum
382 2569 535 2653 codicem,
566 2593 608 2640 ex
638 2593 698 2639 usu
723 2569 810 2660 apud
838 2569 1005 2637 Romanos
1028 2579 1061 2636 et
1087 2569 1196 2638 Gallos
1211 2579 1353 2659 recepto,

236 2685 388 2746 vocatum
405 2679 515 2748 luisse.

686 3015 829 3085 CAPUT
852 3016 895 3084 X.

236 3258 274 3302 un
308 3257 428 3304 rruosa
465 3255 573 3303 rsrnoar
611 3257 800 3302 macareus
835 3258 1051 3322 contueamur,
1092 3259 1147 3304 suu
1184 3261 1222 3304 ru
1253 3259 1356 3305 rausrs

545 3373 779 3440 ercammarus,
804 3373 924 3421 sucuro
947 3374 1040 3420 nouo.

277 3654 519 3747 Exponendum
543 3663 617 3722 ante
636 3654 749 3722 omnia
762 3654 843 3744 quid
859 3654 900 3721 sit
923 3655 980 3722 illa
994 3654 1140 3724 cellectio
1156 3663 1188 3724 et
1201 3679 1354 3748 qnaenam

233 3765 318 3832 circa
339 3763 444 3854 ipsam
463 3757 610 3829 oriantur
629 3760 837 3852 quaestiones.
864 3760 1063 3829 Percelebris
1084 3763 1187 3831 evasit
1202 3763 1274 3831 haec
1287 3763 1357 3831 col-

233 3871 329 3940 lectio
352 3870 394 3939 ob
413 3869 577 3957 insignem
600 3869 819 3958 imposturam
842 3891 899 3960 per
924 3869 1019 3960 plura
1034 3870 1153 3939 saecula
1167 3892 1233 3938 non
1249 3871 1356 3940 detec-

232 3990 301 4048 tam
321 4005 328 4046 :
350 3976 575 4046 fraudulenter
598 3997 716 4066 nempe
741 3977 771 4044 ei
798 3977 919 4045 inserta
942 3986 1019 4044 sunt
1044 3978 1141 4068 plura
1161 3977 1356 4047 documenta

233 4087 436 4180 supposititia
458 4095 489 4154 et
518 4083 664 4154 conficta.
683 4085 994 4155 vetustissimorum
1016 4088 1245 4156 Romanorum
1271 4089 1354 4156 Pou-

236 4194 363 4266 tifioum
389 4217 409 4263 a
434 4201 544 4263 sancto
572 4189 739 4262 Clemente
765 4191 806 4263 ad
829 4203 980 4263 sanctum
1003 4194 1213 4286 sylvestrum
1237 4217 1351 4287 usqne,
