3064 4952
346 497 407 562 182
700 514 875 558 'rnitc'rartts
898 515 935 558 ne
959 513 1111 558 cataneus

347 689 364 726 a
387 683 461 752 quoa
489 681 605 729 eorum
630 658 736 750 palato
750 681 817 727 nou
832 657 974 750 sapiunt,
992 657 1034 726 ad
1053 656 1180 726 fabulas
1198 655 1392 726 amendant.
1413 657 1470 724 llla

346 797 363 832 u
387 789 465 836 vero
478 767 673 852 certissima,
690 773 788 858 atquc
802 775 895 834 extra
906 789 958 834 om
966 787 1040 832 uem
1052 764 1107 832 teli
1115 765 1242 856 jactum
1255 765 1361 856 posita
1378 775 1469 848 suut,

346 905 362 941 a
385 899 460 966 qum
475 875 613 944 Siricius
627 875 791 967 rescripsit
807 874 957 944 Himerio
972 874 1209 942 Tarraconensi
1222 873 1398 964 Episcopo,
1415 873 1470 938 ubi

346 1011 362 1050 a
386 985 553 1077 Episcopis
579 985 734 1053 omuibus
757 983 860 1053 edixit
882 993 918 1052 ut
943 1006 998 1051 eos
1022 1005 1105 1051 nuos
1123 983 1158 1049 iu
1173 981 1469 1050 ecclesiasticonrm

344 1120 361 1158 u
384 1094 497 1161 album
519 1092 690 1176 referrent,
715 1093 750 1159 iu
777 1091 897 1183 quihus
921 1091 1073 1158 sanctitas
1098 1111 1231 1158 morum
1257 1089 1469 1173 elucesceret,

341 1204 503 1295 equique
534 1202 684 1293 pluribus
715 1201 840 1291 nuptiis
869 1200 1111 1268 incontinentia
1147 1199 1370 1290 suspicionem
1405 1221 1470 1267 nou

343 1339 361 1378 κ
385 1311 595 1402 injecissent:
617 1309 668 1378 his
692 1311 781 1377 enim
806 1309 915 1376 verbis
930 1309 1017 1377 huuc
1031 1330 1191 1376 canonem
1206 1307 1354 1376 claudit:
1383 1307 1474 1391 Quid

343 1451 360 1486 u
382 1423 425 1488 ab
447 1421 604 1490 riniocrsis
620 1420 786 1510 posthaec
807 1420 943 1487 ecclesiis
963 1417 1164 1511 sequendum
1181 1419 1236 1506 sit,
1254 1418 1337 1510 qaid
1355 1419 1470 1486 vitun-

343 1556 359 1594 «
383 1529 475 1609 dum,
492 1527 639 1616 pectorali
651 1527 926 1618 pronuntiatione
941 1526 1152 1595 decemimus.
1166 1525 1294 1607 Quibus
1306 1548 1471 1615 germana

342 1663 358 1700 a
383 1644 549 1726 suntque
567 1633 601 1702 S.
621 1634 766 1702 Hilarius
783 1635 1007 1725 pronuntiavit
1025 1635 1059 1701 iu
1074 1633 1211 1702 concilio
1236 1634 1391 1702 Romano
1409 1634 1470 1701 ha-

342 1774 359 1810 «
382 1745 450 1812 bito
466 1765 553 1811 anuo
570 1747 653 1811 467:
670 1745 754 1812 ocelli
765 1748 819 1836 scs
834 1747 902 1812 sinc
917 1758 1023 1814 status
1034 1747 1086 1814 sui
1094 1745 1252 1836 periculo,
1272 1744 1324 1812 oel
1333 1742 1470 1812 divitem

343 1880 360 1920 ι(
384 1854 641 1940 constitutiones,
659 1855 710 1921 vel
723 1855 913 1945 Apostolicae
929 1855 1023 1923 Sedis
1038 1853 1166 1924 decreta
1181 1866 1352 1922 temerare.
1372 1853 1468 1922 Mitto

345 1991 360 2027 ι(
384 1961 464 2032 alios
488 1983 626 2030 canones
646 1963 704 2053 qui
723 1963 764 2030 ab
788 1963 975 2032 Innocentio
995 1964 1021 2050 I,
1042 1985 1062 2030 a
1084 1963 1214 2031 Zosimo
1236 1961 1377 2053 aliisque
1394 1961 1468 2053 pri-

345 2097 361 2134 «
387 2091 520 2138 morum
547 2067 699 2137 Ecclesiae
725 2067 922 2137 saeculorum
939 2069 1151 2140 Pontificibus
1163 2070 1220 2137 lati
1234 2077 1323 2152 suut,
1341 2069 1467 2160 quique

343 2203 359 2242 «
384 2177 471 2268 apud
486 2177 634 2246 ecclesias
649 2199 763 2244 omues
779 2177 967 2245 auctoritate
983 2179 1169 2248 valuerunt.
1196 2203 1213 2240 a

385 2288 460 2356 dam
487 2309 566 2357 vero
584 2309 625 2354 ex
645 2287 811 2354 recensitis
837 2287 1061 2355 monumentis
1085 2287 1131 2355 sic
1154 2287 1250 2376 argui
1270 2287 1344 2355 licet
1363 2314 1371 2354 :
1393 2311 1468 2354 om-

339 2398 419 2466 uino
439 2403 564 2464 certum
585 2403 633 2463 est
654 2395 822 2464 Romanos
849 2395 1022 2463 Pontifices
1037 2395 1253 2484 legislativum
1270 2401 1465 2485 potestatem

339 2507 373 2573 in
406 2505 594 2573 universam
619 2503 796 2572 Ecclesiam
822 2511 979 2596 perpetuo
996 2504 1198 2583 exercuisse;
1227 2504 1317 2594 atqui
1338 2504 1465 2572 tactum

339 2612 421 2682 illud
445 2612 658 2681 invictissime
673 2612 875 2680 demonstrat
890 2634 944 2679 eos
960 2613 1022 2680 sihi
1041 2612 1158 2681 merito
1174 2611 1340 2680 vindicare
1355 2624 1466 2703 potes-
1521 2667 1522 2688 ,

341 2729 439 2788 tatem
466 2719 561 2806 hanc,
588 2727 747 2810 tanquam
766 2718 879 2788 divino
898 2719 1020 2787 Christi
1043 2741 1179 2787 munere
1206 2719 1301 2787 Petro
1325 2719 1466 2811 ejusque

338 2825 577 2896 successoribus
605 2825 782 2893 collatam:
816 2826 877 2894 nisi
908 2827 997 2894 euim
1026 2826 1214 2916 legitimum
1241 2825 1342 2896 luerit
1364 2827 1464 2894 dicta
1521 2795 1522 2885 l

339 2936 503 3029 potestatis
526 2935 733 3023 exercitium,
758 2957 883 3005 errasse
902 2937 1040 3006 dicenda
1061 2947 1109 3004 est
1138 2945 1204 3006 tota
1231 2938 1462 3007 Romanorum

337 3043 537 3112 Pontificum
563 3043 674 3128 series,
699 3065 775 3133 quae
804 3065 863 3133 pro
881 3045 955 3134 jure
974 3045 1156 3114 certissimo
1182 3045 1464 3137 habuerittyrau-
1520 3105 1521 3138 3

338 3153 446 3220 nicam
462 3150 730 3240 usurpationem;
755 3171 878 3218 errasse
905 3175 1020 3221 omues
1038 3153 1216 3222 Christiani
1243 3153 1332 3221 orbis
1358 3156 1463 3222 eccle·
1520 3143 1521 3168 ¹

337 3261 401 3328 sias
429 3266 524 3350 atquc
552 3256 689 3325 concilia
715 3257 844 3344 omnia,
873 3258 991 3350 quibus
1026 3262 1273 3353 persuasionem
1306 3263 1460 3331 eamdem

336 3375 493 3460 perpetuo
518 3365 688 3434 iuhaesisse
709 3374 852 3444 constut;
880 3389 1004 3436 errasse
1032 3369 1170 3461 proinde
1185 3371 1366 3438 Ecclesiam
1385 3371 1460 3440 uni-

335 3499 464 3545 versam
492 3483 588 3566 atque
621 3498 731 3544 veram
761 3478 1025 3547 constitutionem
1055 3502 1148 3548 suam
1176 3491 1333 3571 perpetuo
1363 3482 1461 3570 iguo-

335 3608 440 3664 rasse;
464 3583 579 3652 omnia
598 3583 739 3674 denique
759 3607 817 3675 per
837 3585 1014 3656 octodecim
1039 3587 1158 3656 seacula
1174 3610 1216 3656 cx
1231 3611 1341 3658 errore
1358 3589 1460 3657 fuisse

337 3695 371 3761 iu
390 3691 533 3761 Ecclesia
552 3691 673 3760 Christi
696 3691 862 3780 ordinata3
881 3695 965 3762 male
980 3695 1127 3763 edoctam
1144 3695 1281 3786 proinde
1294 3721 1314 3765 a
1327 3697 1459 3766 Christo
1519 3661 1520 3749 i

334 3803 476 3870 Domino
498 3799 690 3884 Ecclesiam,
708 3821 813 3892 neque
826 3800 868 3868 ab
891 3825 1013 3891 errore,
1033 3812 1131 3894 prout
1150 3804 1263 3872 divina
1276 3817 1458 3874 asseruerat

330 3909 517 4001 promissio,
539 3915 715 3976 servatam.
736 3908 819 3989 Qum
841 3933 920 3979 cum
942 3934 1007 3980 uon
1028 3913 1138 3981 miuus
1159 3912 1340 4004 impiasiut
1355 3938 1455 4006 quam

330 4020 462 4102 absona,
486 4039 527 4084 ex
555 4015 779 4084 demonstrata
807 4019 902 4109 praxi
926 4021 1063 4088 omniuo
1089 4021 1301 4090 concludetur
1328 4045 1456 4091 necesse
1518 4045 1519 4068 t

324 4137 384 4228 cst,
408 4122 591 4214 legislativa
617 4123 847 4194 Romanorum
873 4127 1069 4198 Pontificum
1092 4131 1127 4197 iu
1142 4131 1329 4200 universam
1345 4131 1455 4200 Eccle-

332 4237 413 4323 siam
431 4237 583 4322 potestas.
