3042 4946
478 533 560 582 uiuis
582 533 734 582 canones.
1104 509 1164 572 stc

41 693 172 742 sacram
202 695 260 742 seu
288 673 537 743 ecclesiasticam
568 676 711 766 aliquam
742 677 943 764 potestatem,
977 669 1028 737 vel
1052 668 1165 738 saltem

42 779 241 869 dignitatem
257 803 314 849 seu
327 781 581 872 precellentium
599 809 607 868 3
627 780 781 866 secundo,
800 777 910 870 plures
923 797 1078 866 personas
1090 798 1165 866 quse

42 889 138 959 illam
160 889 368 982 possideant3
392 891 499 977 tertio,
527 890 638 960 varios
662 911 699 956 ac
721 883 949 955 subordinatus
970 883 1166 951 adinvicem

42 997 80 1064 in
96 997 154 1065 illa
167 999 343 1069 obtinenda
359 997 494 1088 gradus.

92 1109 124 1174 4.
143 1103 195 1174 Ad
224 1105 330 1174 varies
349 1105 470 1197 species
485 1105 573 1196 quod
589 1105 718 1188 attinet,
734 1125 794 1171 nos
815 1099 1029 1170 hierarchiam
1045 1100 1167 1168 imme-

42 1211 135 1280 diate
151 1212 348 1298 dividemus,
377 1213 413 1280 in
427 1212 649 1281 hierarchiam
672 1209 885 1279 institutionis
905 1207 1024 1276 divinae
1037 1209 1168 1299 proprie

41 1321 156 1406 dieta,
182 1329 214 1390 et
233 1323 268 1390 in
294 1323 518 1391 hierarchiam
544 1321 742 1390 auctoritate
765 1317 1166 1388 ecclesiasticaevolatam.

39 1429 84 1496 Et
101 1429 220 1519 prioris
233 1429 365 1522 quidem
383 1430 501 1522 speciei
525 1431 622 1500 unica
640 1440 688 1498 est
699 1455 708 1515 3
734 1427 918 1497 hierarchia
943 1449 1059 1519 nempe
1086 1426 1168 1517 Epi-

40 1537 163 1628 scopis,
188 1538 386 1630 preshyteris
410 1546 442 1608 et
470 1539 627 1606 ministris
654 1546 816 1624 constans,
839 1559 938 1628 quam
956 1536 1114 1604 Dominus
1130 1557 1168 1602 ac

41 1648 246 1740 Redemptor
255 1658 364 1718 noster
374 1651 467 1720 lesus
476 1650 626 1720 Christus
638 1649 773 1741 ipsemet
785 1648 969 1718 instituitac
981 1646 1167 1716 omnimode

40 1758 222 1826 ordinavit.
248 1761 441 1829 Posterioris
458 1770 567 1830 cutem
588 1759 705 1852 speciei
729 1758 921 1826 hierarchiae
937 1758 1047 1849 plures
1062 1765 1138 1824 sunt
1157 1785 1164 1824 :

40 1865 118 1934 talis
131 1874 194 1953 est,
210 1867 301 1935 verbi
315 1868 432 1957 gratia,
450 1867 633 1936 hierarchia
648 1864 815 1958 producam
830 1865 1075 1957 episcopalium,
1092 1887 1166 1956 qnae

42 1973 255 2059 Patriarchis,
280 1974 451 2060 Exarchis,
472 1974 684 2059 Primatibus,
712 1972 974 2064 Archiepiscopis
990 1979 1021 2040 et
1036 1972 1172 2063 Episco-

43 2082 95 2172 pis
111 2089 247 2151 constat.
266 2084 347 2152 ltem
362 2083 548 2152 hierarchia
563 2083 853 2175 jurisdictionalis,
871 2103 945 2174 quae
959 2089 1083 2150 constat
1094 2104 1169 2173 per-

41 2189 135 2258 sonis
155 2189 415 2280 jurisdictionem
441 2191 533 2261 vario
562 2192 669 2280 gradu
697 2190 936 2267 obtinentibus;
969 2197 1065 2281 prout
1092 2199 1171 2259 sunt

44 2319 149 2365 sacrae
172 2297 397 2367 Cardinalium
423 2298 710 2390 Congregatiooes,
745 2298 859 2388 Legati
889 2297 1067 2390 Apostolici
1102 2300 1170 2390 (qui

42 2406 174 2473 etiamsi
209 2407 383 2499 episcopali
424 2409 607 2477 charactere
643 2407 872 2494 destituantur,
908 2405 1167 2499 jurisdictionem

42 2513 168 2580 hahent
180 2514 215 2580 iu
241 2537 355 2582 omues
371 2514 542 2606 legationis
569 2537 637 2584 suae
651 2515 841 2606 Episcopus,
859 2513 1169 2606 Archiepiscoposve

40 2629 101 2688 aut
133 2619 231 2688 etiam
260 2622 490 2714 Patriarchas),
518 2623 646 2709 Nuntii,
680 2631 739 2690 ete.
772 2620 979 2690 Hierarchias
1006 2622 1167 2713 ejusmodi

41 2729 225 2797 evolatione
248 2732 458 2819 vocabimus3
488 2734 565 2824 quia
589 2734 662 2802 licet
685 2733 719 2799 in
747 2732 884 2822 ipsamet
906 2730 1017 2798 divina
1031 2731 1167 2800 institu-

41 2839 135 2906 tione
164 2837 414 2908 fundamentum
437 2840 589 2928 habeant,
617 2849 649 2908 ct
670 2863 724 2907 aas
750 2839 918 2930 possibiles
943 2839 1092 2909 Christus
1112 2863 1170 2930 per

41 2945 195 3014 eamdem
222 2945 369 3015 divinam
395 2971 489 3016 suam
511 2948 748 3017 institutionem
769 2946 892 3034 fecerit,
910 2969 975 3017 non
992 2959 1101 3016 mmeu
1115 2969 1169 3016 eas

41 3053 115 3144 ipsc
139 3051 314 3140 ordinavit,
342 3053 397 3122 sed
413 3054 563 3122 Ecclesiae
592 3077 661 3124 suae
678 3054 875 3124 evolvendae
890 3078 927 3123 ac
943 3054 1167 3125 determinen-

41 3164 104 3231 das
120 3163 264 3256 reliquit.

90 3275 122 3338 5.
141 3269 281 3360 Agimus
304 3273 365 3339 sub
390 3275 543 3363 praesenti
567 3274 671 3364 capite
697 3273 737 3341 de
752 3273 809 3342 illa
836 3273 980 3341 mirabili
995 3297 1033 3341 ac
1048 3277 1165 3365 praeci-

41 3401 112 3471 pue
135 3378 328 3466 hierarchia,
354 3403 453 3472 qnam
480 3380 582 3450 solam
606 3381 756 3449 Christus
779 3381 939 3449 Dominus
966 3404 1024 3473 per
1048 3395 1166 3451 semct-

42 3490 155 3579 ipsum
181 3487 321 3556 instituit
342 3511 378 3556 ac
403 3488 582 3572 ordinavit,
610 3511 684 3578 qna
711 3511 827 3578 nempe
845 3497 968 3555 consmt
984 3489 1165 3582 Episcopis,

42 3595 245 3686 presbyteris
261 3603 292 3662 et
308 3595 476 3664 ministris.

88 3703 278 3772 Psorosuro
296 3707 341 3772 le.
359 3741 405 3756 -
420 3703 569 3772 Christus
589 3705 625 3772 irc
641 3705 787 3773 Ecclesia
802 3727 862 3772 sua
876 3705 1097 3773 hierarchiam
1111 3709 1166 3776 in-

42 3812 167 3892 stituit,
183 3824 383 3880 corrstaretcm
396 3813 579 3903 Episcopis,
599 3812 798 3904 presbyteris
814 3824 844 3880 ct
861 3813 1029 3881 ministris.
1048 3853 1092 3865 —
1108 3815 1165 3884 Est

42 3922 83 3990 de
101 3917 178 3987 fide.
195 3957 242 3972 -
256 3921 282 3988 1.
304 3919 357 3988 Sic
383 3919 530 3988 definivit
551 3919 742 3988 Tridentino
765 3920 923 4011 synodus,
942 3922 1083 3988 sessione
1107 3927 1165 4011 23,

42 4033 202 4097 canoneh
223 4055 230 4095 :
253 4055 270 4095 a
293 4027 423 4120 Siquis
448 4027 580 4115 dixerit,
610 4029 644 4097 in
665 4028 807 4097 Ecclesia
829 4028 988 4097 catholica
1008 4050 1073 4097 non
1094 4053 1164 4100 esse

47 4134 303 4204 «hierarchiam
335 4134 449 4205 divine
478 4135 682 4204 ordinatione
712 4136 904 4221 institutam,
936 4157 1012 4227 quae
1041 4148 1166 4206 constat

48 4273 64 4310 a
89 4267 133 4312 ex
149 4241 330 4335 Episcopis,
348 4241 545 4335 preshyteris
559 4251 591 4311 et
608 4242 777 4330 ministris,
792 4243 964 4312 anathema
984 4243 1037 4314 sit.
1063 4270 1081 4311 u
