3072 4948
307 451 368 516 376
657 475 830 520 rnucrrrus
853 475 891 520 nu
913 475 1066 522 enisurus

308 612 420 682 mendi
436 612 642 698 facilitatem
666 614 744 705 quin
757 613 799 682 eb
813 635 852 682 es
864 622 932 682 tote
944 613 1063 705 pendet
1078 614 1224 705 plurium
1238 614 1325 682 eirea
1337 637 1413 684 eon-

307 719 495 790 suetudines
518 721 657 792 maximi
679 723 837 791 momenti
856 723 1078 814 questionum
1094 721 1258 792 resolutio.
1279 723 1414 806 Quando

306 829 426 900 scilieet
452 829 621 900 Romanus
640 830 791 900 Pontifex
813 833 905 902 novit
925 841 1038 901 eontra
1060 831 1164 922 tegern
1188 853 1283 900 suem
1306 833 1414 901 induri

305 937 450 1030 aliquem
473 938 753 1024 consuetudinem,
779 947 811 1006 et
831 938 924 1008 isoile
947 945 1062 1030 potest,
1088 939 1116 1007 si
1138 938 1221 1007 velit
1239 937 1316 1008 huie
1337 960 1415 1008 eon-

308 1045 474 1116 suetudiui
492 1045 660 1126 obsistere,
676 1065 814 1136 eamque
828 1046 959 1133 toliere3
981 1048 1010 1114 si
1022 1055 1135 1134 noent,
1151 1047 1272 1116 merito
1285 1047 1416 1116 eonnlu-

307 1153 397 1224 ditur
418 1152 610 1223 consentire.
636 1151 673 1222 Si
691 1152 781 1222 enim
802 1151 887 1222 serio
902 1152 999 1224 vellet
1017 1155 1124 1243 legem
1146 1177 1241 1226 mem
1256 1154 1291 1222 iu
1303 1154 1417 1224 robore

308 1287 368 1334 suo
402 1282 612 1356 permanere,
647 1261 848 1332 voluntatem
883 1263 967 1334 hene
994 1264 1216 1356 exprimeret3
1249 1285 1345 1350 oum,
1376 1286 1416 1332 ex

308 1370 491 1462 hypothesi,
516 1371 637 1462 absque
659 1369 956 1442 ullo-incommodo
972 1372 1063 1463 loqui
1078 1371 1415 1464 possit,etioquu1do

308 1477 576 1548 consuetudinem
601 1486 756 1547 evertere.
786 1477 822 1548 Si
850 1499 930 1568 ergo
958 1487 1036 1547 tuno
1062 1479 1165 1564 sileet,
1193 1479 1266 1548 ideo
1289 1485 1415 1548 tentum

309 1589 387 1679 quie
402 1586 486 1656 serio
502 1607 567 1654 non
581 1584 652 1654 vult
666 1584 771 1675 legem
788 1607 882 1654 suum
897 1585 967 1653 vim
981 1585 1122 1672 hebere;
1140 1609 1179 1654 ne
1191 1585 1328 1677 proinde
1342 1607 1417 1654 eon·

309 1693 474 1766 suetudini
488 1701 601 1762 eontra
615 1693 722 1782 legem
735 1692 871 1760 inventes
886 1693 1069 1762 consentire
1084 1691 1265 1762 eensendus
1278 1702 1338 1762 est.
1353 1729 1361 1747 ι

354 1805 399 1872 At
421 1824 500 1872 vero
523 1801 617 1871 aliter
637 1803 772 1870 omnino
798 1823 850 1870 res
869 1824 903 1870 se
925 1801 1034 1889 hebet,
1061 1802 1193 1894 quando
1210 1801 1295 1871 diets
1314 1803 1419 1872 reele-
1515 1799 1516 1812 ¹

313 1911 426 1982 mendi
448 1911 599 1980 heiiitste
620 1908 707 2000 Pspu
730 1909 928 1978 destituitur.
956 1909 1048 1978 Tune
1062 1909 1151 1978 enim
1170 1908 1323 1980 concludi
1335 1919 1420 1980 eerto

311 2020 427 2112 nequit
447 2041 525 2088 sum
545 2017 639 2086 silere
661 2039 703 2085 ex
722 2039 761 2086 eo
781 2015 868 2108 quod
884 2015 1110 2086 consuetudini
1123 2018 1323 2104 onerum
1347 2018 1422 2110 quin

312 2129 397 2199 retio
423 2129 526 2220 ipsius
551 2125 671 2196 silentii
696 2125 760 2194 eliu
785 2147 854 2194 esse
879 2133 995 2216 potest,
1025 2126 1123 2196 timor
1148 2147 1267 2218 nempe
1291 2127 1424 2217 majoris
1517 2178 1518 2248 t

313 2239 430 2310 orituri
452 2235 642 2306 detrimenti
663 2234 691 2303 si
714 2233 823 2302 stetim
843 2233 1007 2324 loquetur.
1035 2234 1112 2303 Ideo
1131 2234 1257 2303 scilieet
1271 2257 1424 2304 summus
1517 2253 1518 2302 1

313 2347 464 2419 Pontifex
494 2366 560 2413 non
590 2342 687 2411 hebet
713 2341 911 2412 reclamandi
939 2341 1139 2428 tnediutem,
1166 2343 1243 2434 quie
1268 2365 1424 2413 eommu-

314 2461 410 2542 nites,
435 2451 704 2524 eonsuetudiuem
727 2453 793 2542 legi
817 2452 989 2520 adversum
1012 2451 1183 2538 indutuens,
1208 2473 1274 2520 non
1295 2453 1426 2522 videtur
1518 2460 1519 2548 t

315 2565 358 2634 ed
376 2562 561 2656 parendum
579 2559 746 2651 disposite,
766 2567 799 2629 et
818 2559 863 2627 its
880 2559 959 2629 huie
978 2559 1206 2628 consuetudini
1218 2559 1426 2651 pertineeiter
1518 2553 1519 2566 ¹

314 2671 471 2756 adheret,
498 2679 534 2737 nt
554 2668 595 2736 sd
619 2666 761 2736 schisma
783 2667 891 2758 potius
911 2667 1093 2737 exorbitare
1117 2675 1228 2758 persta
1245 2667 1303 2754 sit,
1325 2691 1424 2759 quem

316 2787 421 2854 sinere
440 2803 474 2850 se
495 2779 537 2849 nd
555 2777 773 2848 obedientium
787 2775 918 2863 reduoi;
943 2777 995 2846 vei
1009 2778 1102 2869 quin,
1118 2776 1193 2846 licet
1204 2777 1426 2846 oommunitns

316 2895 386 2984 ipss
407 2890 500 2960 fenile
522 2887 563 2957 ed
584 2887 665 2978 legis
684 2887 925 2986 observantiam
945 2885 1097 2977 eompeiii
1120 2895 1238 2978 posset,
1257 2885 1361 2978 ntiqui
1377 2895 1426 2955 te·

318 3024 395 3070 men
416 2999 451 3068 in
477 2997 609 3087 regione
632 3003 777 3087 potentes
805 2995 981 3086 (secularis
1002 2995 1169 3086 Princeps,
1196 2995 1288 3064 verbi
1309 2995 1424 3085 gretie,

318 3116 374 3177 ent
394 3105 498 3198 ipsius
518 3103 618 3172 euriae
636 3108 668 3170 et
686 3100 912 3193 perlnmente),
928 3099 961 3169 id
979 3123 1067 3192 segre
1081 3100 1210 3193 pessnn'
1221 3102 1306 3185 sint;
1333 3102 1380 3170 ite
1393 3108 1427 3168 ut

318 3212 530 3286 metuendum
549 3211 591 3278 sit
611 3231 651 3277 ne
668 3207 852 3277 istiusmodi
868 3209 931 3276 viri
944 3208 1098 3298 graviore
1115 3209 1152 3276 in
1166 3207 1343 3277 Eoelesiem
1358 3230 1428 3276 mo-

318 3325 455 3408 lientur,
480 3340 578 3411 quem
602 3317 686 3386 toret
706 3314 809 3407 ipsius
831 3315 913 3404 legis
932 3313 1106 3406 poutifiuiss
1126 3337 1183 3406 per
1196 3313 1330 3406 aliquod
1346 3323 1429 3384 tenu

318 3455 382 3525 pus
407 3427 549 3499 violatio.
578 3423 705 3508 Quibus
728 3421 928 3491 munidato
952 3421 1105 3513 perieulis
1130 3430 1162 3490 et
1185 3419 1431 3490 difficultatibus

321 3537 421 3609 Sedes
445 3532 629 3627 Apostoliee
654 3527 799 3623 prudens
824 3528 1028 3600 rismum
1054 3527 1134 3597 solet
1158 3537 1191 3598 et
1214 3528 1326 3614 silere,
1352 3529 1432 3598 dum

322 3647 409 3716 videt
434 3645 469 3711 in
491 3641 600 3734 alique
623 3639 754 3728 regione
775 3637 903 3728 legibus
926 3638 995 3706 suis
1017 3659 1141 3706 morem
1161 3659 1228 3707 non
1251 3637 1335 3726 geni.
1363 3639 1432 3706 Iuro

321 3749 557 3825 oeeouomioum
590 3743 780 3838 hujusmodi
813 3744 978 3813 silentium
1009 3743 1183 3835 aliquando
1216 3753 1327 3814 servet
1355 3767 1433 3836 erge

321 3862 395 3933 ilius
414 3858 511 3928 etiem
533 3852 782 3924 eonsuetudines
802 3873 877 3943 quae
901 3859 988 3920 certo
1006 3860 1038 3920 et
1057 3851 1181 3922 notorie
1195 3851 1434 3922 imtomoiles

322 3993 365 4041 ex
392 3974 507 4036 nature
532 3985 592 4032 sue
617 3969 750 4030 suntet
778 3983 898 4053 preve,
929 3968 1026 4052 atque
1051 3959 1245 4051 oorruptelis
1269 3983 1433 4030 annume-

323 4074 447 4148 rendae.
469 4072 535 4142 Neo
553 4068 650 4161 objici
665 4066 759 4137 debet
773 4067 890 4138 fenum
907 4075 984 4138 tune
997 4067 1067 4136 fore
1081 4067 1261 4159 Augustini
1275 4067 1405 4138 disum
1423 4093 1429 4134 :

324 4207 396 4278 que
410 4194 485 4252 uam
503 4189 617 4248 contra
634 4173 733 4260 fidem
747 4188 806 4244 aut
823 4176 921 4246 bonos
933 4197 1038 4246 mores
1052 4176 1197 4247 Ecclesia
1209 4197 1267 4246 nec
1276 4176 1360 4267 sarit
1372 4197 1429 4244 nee
