3072 4948
579 478 661 530 tunm
682 479 838 530 curreretur.¹
1200 457 1257 524 est

151 629 234 693 esset
263 619 426 692 obtentum
454 643 473 690 u
500 620 650 690 Prcelstis
675 621 946 726 dispensationem
980 641 1046 690 non
1077 621 1187 692 fuisse.
1220 623 1263 690 Hi

153 755 233 821 ergo
253 731 360 823 psum,
384 753 459 800 cum
481 729 642 813 Prrelstis,
666 731 694 797 si
716 731 942 800 consuetudini
965 729 1164 816 adhereant,
1190 751 1263 821 peo-

153 839 284 910 ccbunr.
312 839 382 908 lmo
406 837 506 909 etium
529 837 565 921 ii,
589 859 631 906 ex
658 837 759 908 seriis
784 837 964 906 redonibus
987 837 1050 905 sibi
1074 839 1266 930 plerumque

157 943 366 1036 persuadent,
387 945 461 1014 licet
484 965 630 1029 erronee,
653 943 715 1012 sibi
734 944 829 1014 licere
844 944 1110 1014 consuetudinem
1125 946 1190 1037 legi
1203 950 1266 1015 ud-

156 1061 342 1122 versantem
357 1052 514 1136 retinere3
531 1060 563 1119 et
577 1051 625 1120 sic
639 1051 737 1120 etism
750 1052 826 1143 ipsi,
840 1052 883 1120 ob
897 1051 1016 1121 boum
1030 1051 1141 1140 fidem,
1157 1077 1177 1122 e
1192 1077 1267 1148 pcc-

157 1172 228 1230 ceto
250 1166 503 1252 praeserventur.
531 1157 626 1226 Unde
646 1158 776 1228 evenire
795 1168 899 1250 potest
913 1166 950 1228 ut
964 1159 999 1226 in
1014 1159 1123 1252 ulique
1135 1163 1269 1252 regione

157 1269 214 1337 diu
239 1270 461 1360 frequentetur
484 1270 683 1336 consuetudo
705 1276 792 1336 certo
810 1267 990 1356 illegitime,
1015 1276 1046 1336 et
1065 1271 1119 1337 cui
1134 1271 1268 1340 minime

126 1395 130 1402 ·
158 1377 317 1446 consentit
343 1398 492 1445 summus
516 1375 680 1459 Pontifex,
709 1376 789 1466 quin
813 1383 943 1466 peccent
961 1376 1082 1446 subditi
1100 1380 1267 1448 autetiam

159 1488 303 1558 Prmluti.
331 1487 372 1555 Et
393 1487 454 1554 hoc
478 1486 560 1554 bene
581 1486 642 1554 seit
663 1485 763 1554 Sedes
782 1485 978 1575 Apostolicu,
1001 1487 1132 1578 quando
1155 1489 1197 1557 ed
1216 1491 1269 1558 vi-

161 1595 260 1664 tunda
277 1615 355 1662 vers
379 1601 506 1684 peccatu
528 1600 560 1660 et
579 1592 663 1660 malo
681 1615 756 1683 quur
780 1593 945 1662 orirentur
964 1593 992 1660 si
1011 1594 1064 1661 lex
1084 1605 1268 1686 urgeretur,

161 1703 329 1792 regionem
343 1701 485 1792 adquam
502 1723 570 1770 sue
584 1699 678 1770 bonae
694 1698 771 1768 fidei
786 1699 924 1789 benigne
938 1703 1105 1790 permittit,
1119 1715 1150 1772 et
1160 1715 1272 1776 contre

162 1809 365 1899 illegitimum
387 1808 488 1899 ipsius
507 1806 776 1876 consuetudinem
791 1829 851 1898 pro
866 1817 1009 1899 tempore
1025 1832 1090 1880 non
1105 1814 1266 1883 reolumst.

163 1923 199 1988 2ο
218 1919 303 1986 Dum
322 1918 368 1985 ite
386 1916 453 2006 egit
468 1915 567 1984 Sedes
582 1915 777 2006 Apostolics,
797 1937 864 1984 non
876 1916 916 1984 sd
933 1927 1059 2006 peccate
1075 1920 1196 2006 incitet,
1214 1945 1273 1992 ne-

164 2048 229 2116 que
250 2032 454 2116 peccatorum
476 2045 572 2091 ceusu
594 2025 701 2092 activo
721 2033 788 2108 est;
815 2023 871 2091 sed
896 2032 1022 2092 tentum
1039 2027 1148 2119 ulique
1163 2029 1273 2099 forsan

165 2140 297 2224 peccota
309 2132 442 2201 evenire
459 2130 626 2222 permittit.
643 2129 747 2198 Porro
760 2131 893 2200 omnino
909 2131 1027 2200 fulsum
1041 2143 1167 2205 estnon
1181 2159 1275 2228 posse

166 2262 333 2310 summum
355 2239 546 2308 Pontificem
569 2239 615 2306 sic
638 2237 827 2329 permissive
848 2238 955 2329 quoad
974 2239 1083 2331 eliqua
1097 2254 1226 2333 peccatu
1240 2271 1274 2315 se

167 2349 299 2444 hebere,
322 2347 454 2438 quendo
477 2347 522 2416 ite
541 2345 667 2436 egendo
691 2345 795 2414 multo
815 2345 909 2438 pluro
926 2356 958 2416 et
975 2351 1126 2437 graviore
1139 2353 1271 2443 devitet,

167 2472 200 2532 et
212 2464 336 2532 bonum
352 2457 502 2549 generale
517 2455 668 2526 Ecclesiae
683 2463 863 2544 promovet.
882 2454 1036 2548 Alioquin
1047 2457 1177 2529 deberet
1188 2461 1275 2553 leges

168 2595 281 2642 omnes
307 2568 534 2639 ecclesiastices
559 2565 688 2649 tollorc;
717 2563 799 2632 bene
823 2565 909 2632 enim
933 2567 1103 2657 praevidet,
1128 2571 1188 2642 hoc
1204 2575 1275 2666 ipso

168 2678 257 2772 quod
283 2677 399 2748 existet
425 2675 496 2759 lex,
523 2673 649 2764 uliques
674 2670 882 2741 infractiones
908 2674 1061 2762 oriturus,
1089 2699 1164 2770 quie
1189 2691 1277 2752 certo

169 2793 431 2880 praemverentur
449 2783 476 2850 si
492 2781 545 2850 lex
559 2779 732 2850 deleretur.
758 2777 850 2850 Sicut
865 2801 945 2870 ergo
958 2781 1081 2853 bonurn
1095 2793 1278 2860 communi-

171 2898 249 2968 tatis
263 2917 321 2966 seu
335 2892 491 2977 ecclesie,
506 2890 593 2982 quod
607 2912 626 2960 e
641 2889 759 2962 sanctis
773 2889 901 2978 legibus
916 2891 963 2960 itu
976 2893 1094 2984 pendet
1108 2904 1145 2966 ut
1158 2900 1278 2994 ubsque

171 3006 238 3075 illis
253 3025 356 3096 neque
371 3003 440 3090 regi
454 3022 558 3092 neque
572 3000 668 3068 etism
684 2998 859 3068 subsistere
874 3009 982 3092 posset
993 3002 1135 3074 Ecclesia
1145 3008 1278 3102 Christi,

173 3127 221 3190 est
239 3118 323 3188 retio
339 3114 501 3186 sufficiens
517 3121 554 3182 ut
567 3113 735 3182 Romenus
749 3111 903 3180 Pontifex
919 3121 950 3181 et
965 3115 1135 3186 inferiores
1151 3120 1281 3193 Praeteu
1413 3121 1417 3132 '

173 3227 364 3318 permissive
391 3246 425 3292 se
449 3221 590 3290 hebeent
614 3219 722 3312 quood
747 3229 874 3311 peccatu
900 3243 942 3290 ex
963 3223 1091 3294 violetis
1115 3227 1279 3300 identitem

174 3332 364 3429 hujusmodi
382 3331 450 3400 suis
470 3329 598 3420 legibus
617 3328 753 3411 oritura,
768 3329 813 3396 ite
827 3350 847 3395 e
861 3327 988 3398 fortiori
1003 3353 1099 3401 cause
1121 3335 1283 3408 sufficiens

175 3445 237 3514 erit
261 3452 298 3512 ut
318 3441 417 3511 Sedes
439 3439 624 3531 Apostolice
645 3437 836 3529 permissive
857 3459 891 3506 se
912 3439 1026 3508 habeut
1046 3444 1152 3532 quoed
1176 3445 1284 3538 illegi-

175 3553 288 3622 timum
317 3547 452 3638 alicujus
481 3545 623 3635 regionis
652 3543 931 3630 consuetudinem,
962 3569 1036 3638 quse
1065 3549 1136 3618 siue
1164 3573 1283 3645 magno

177 3659 297 3731 domno
319 3655 414 3726 evelli
441 3655 549 3722 stetim
576 3674 641 3722 non
665 3661 784 3743 posset,
809 3658 840 3719 et
859 3674 934 3743 quse
957 3655 1079 3724 interes
1102 3658 1144 3727 ob
1165 3659 1283 3732 bonum

178 3766 276 3838 fidem
298 3763 492 3855 generaliter
512 3760 734 3852 peccaminosa
753 3767 893 3845 nonest,
911 3759 985 3830 licet
999 3772 1087 3832 certo
1101 3765 1283 3858 illegitima.

179 3873 273 3946 Unde
295 3873 339 3942 sic
360 3872 505 3942 strictius
528 3869 569 3938 ed
593 3868 763 3961 prefatum
783 3867 994 3959 objectionem
1018 3875 1203 3965 responderi
1226 3903 1286 3972 po-

181 3990 271 4051 test:
299 3981 394 4068 Papo
419 3979 526 4058 olens,
552 3990 716 4046 ettamen
739 3997 805 4043 uon
829 3980 1023 4048 concutiens
1042 3989 1290 4076 praesuppositis

182 4085 417 4167 consuetudini,
439 4097 517 4154 esset
534 4106 633 4154 cause
644 4081 836 4174 permissivo
850 4085 1038 4176 aliquorum
1048 4091 1162 4180 fursee
1174 4117 1289 4186 pecca.

184 4207 304 4280 torum,
327 4193 487 4280 conced03
516 4205 593 4264 esset
614 4213 713 4262 cauea
734 4191 843 4260 activa
862 4193 1153 4268 innumerabilium
1176 4225 1291 4300 pecca*¹
