3048 4954
318 471 357 534 86
672 493 847 538 narrares
869 494 907 538 nr
930 493 1082 540 rmunrus

315 641 392 700 runt
409 635 450 704 31
469 632 638 724 praesules,
658 640 813 722 negantes
833 631 1058 724 hujuscemodi
1080 633 1319 725 suppressiouis
1339 655 1434 724 pera-

311 739 428 829 gendae
451 740 507 831 jus
534 762 664 809 summo
690 739 840 809 Poutilici
867 751 1067 831 competere5
1100 763 1139 809 ex
1171 741 1291 833 quibus
1326 749 1435 810 tamen

311 857 423 940 postea
446 856 588 939 quatuor
611 857 738 917 tantum
767 848 902 917 rebelles
927 869 1129 934 remansere,
1152 849 1211 940 qni
1230 847 1433 936 schismatis,

308 960 460 1050 parvule
481 959 618 1028 ecclesie
643 960 838 1053 nuncupati,
860 971 1009 1030 auctores
1024 961 1214 1030 extiterunt.
1229 961 1289 1030 Die
1308 963 1345 1028 18
1359 983 1436 1052 sep-

312 1067 447 1136 tembris
463 1071 544 1135 1801
563 1068 795 1137 concordatum
811 1077 918 1136 ratum
937 1068 1052 1137 habuit
1064 1068 1144 1137 Pius
1154 1069 1218 1139 VII
1232 1091 1289 1160 per
1304 1069 1436 1138 Bullam

311 1176 456 1245 Ecclesia
474 1177 597 1248 Christi
613 1177 710 1266 (Bull.
728 1177 826 1246 Rom.
842 1177 980 1263 contin,
998 1185 1021 1244 t.
1035 1177 1077 1245 ll.
1092 1200 1127 1269 p.
1144 1178 1244 1268 208);
1261 1191 1293 1246 et
1303 1177 1438 1247 tandem

312 1284 364 1354 dia
381 1289 422 1352 29
439 1285 627 1355 novembris
649 1285 797 1376 ejusdem
815 1285 894 1352 anni
919 1307 977 1376 per
991 1283 1120 1352 bullam
1149 1285 1215 1368 Qui
1230 1285 1353 1354 Cdrr'sti
1366 1289 1437 1355 Do·

314 1393 398 1461 mirri
422 1392 534 1482 (ibid,
555 1416 588 1485 p.
615 1393 711 1482 215),
737 1393 917 1484 suppressit
937 1392 1086 1460 ecclesias
1101 1392 1280 1461 Galliarum
1296 1415 1436 1481 omues,

312 1501 483 1590 sexaginta
508 1524 608 1570 novas
628 1501 747 1588 erexit,
772 1499 996 1592 cardinalique
1018 1499 1182 1592 Capram,
1203 1501 1364 1591 Legatos
1383 1503 1437 1570 la-

312 1618 396 1694 tere,
417 1631 492 1679 com
513 1609 713 1702 amplissima
735 1608 886 1678 facultate
908 1608 1070 1677 commisit
1091 1617 1190 1677 totam
1215 1631 1256 1676 ex
1280 1612 1437 1700 praesenti

313 1716 404 1785 bulla
425 1725 457 1785 et
479 1740 520 1786 ex
547 1717 749 1788 Concordato
771 1739 883 1785 rerum
909 1715 1167 1785 ordinandarum
1191 1719 1361 1788 rationem.
1394 1721 1436 1788 In

313 1825 540 1894 executionem
572 1825 633 1893 sibi
662 1824 929 1909 commissorum,
961 1823 1063 1892 edidit
1095 1822 1268 1892 cardinalis
1290 1825 1438 1917 Caprara

315 1933 480 2001 decretum
494 1955 592 2001 suum
611 1935 694 2002 Cum
712 1931 966 2013 Seuerissimus,
990 1930 1042 2000 die
1060 1935 1077 1998 8
1094 1932 1207 2024 aprilis
1225 1935 1326 2018 1802,
1343 1935 1436 2026 quod

315 2040 357 2108 ad
381 2041 678 2131 recognoscendum
705 2042 739 2108 in
762 2041 914 2132 plurimis
931 2041 987 2132 jus
1010 2063 1098 2109 nunc
1118 2041 1152 2109 in
1178 2041 1282 2112 Gellia
1304 2041 1434 2130 vigens,

315 2157 472 2241 perpetuo
486 2150 723 2218 consulendum
744 2159 809 2235 est,
834 2156 922 2216 extat
940 2149 976 2218 in
988 2149 1136 2218 Bullario
1158 2149 1306 2218 Romano
1323 2149 1436 2219 conu-

316 2266 433 2346 uuato,
452 2268 475 2326 t.
491 2259 532 2344 ll,
550 2280 582 2349 p.
601 2262 677 2325 251.
704 2257 877 2326 Decretum
900 2257 988 2326 aliud
1008 2257 1154 2350 ejusdem
1174 2258 1350 2327 cardinalis
1373 2282 1437 2351 pro

315 2369 503 2438 reductione
528 2368 685 2437 festorum
710 2368 851 2437 habetur
882 2368 972 2456 (ibid.
1004 2391 1037 2459 p.
1065 2366 1155 2458 323).
1184 2346 1327 2459 Napoleo
1355 2392 1436 2438 vero
1514 2357 1515 2368 ¹

315 2481 396 2548 dum
419 2477 598 2568 publicavit
619 2477 882 2563 Coucordatum,
906 2475 1011 2544 edidit
1024 2476 1123 2544 simul
1138 2499 1193 2544 eos
1208 2475 1361 2546 articulos
1376 2481 1437 2568 qui

318 2585 466 2677 orpuuici
490 2585 568 2654 dicti
592 2595 686 2671 sunt3
711 2585 768 2654 sed
793 2608 849 2654 eos
869 2584 911 2653 ad
934 2583 1175 2655 Concordatum
1190 2607 1255 2652 non
1269 2587 1437 2677 pertinere

317 2701 511 2788 protestatus
547 2701 596 2761 est
624 2693 702 2762 Pius
738 2693 800 2760 VH
833 2693 867 2761 in
898 2691 1112 2762 consistoriali
1140 2692 1333 2762 allocutione
1368 2694 1438 2763 diei

318 2807 360 2871 21
373 2802 451 2872 maii
464 2803 547 2869 1882
560 2799 695 2891 (Bullar.
712 2801 810 2870 Rom.
822 2801 958 2888 contin,
973 2813 997 2868 t.
1012 2801 1055 2888 II,
1066 2823 1100 2892 p.
1114 2801 1190 2890 335)
1199 2827 1209 2888 ;
1223 2802 1281 2892 qui
1295 2802 1436 2892 proinde
1512 2867 1513 2872 ,

317 2909 446 2981 articuli
467 2909 611 2999 organici
631 2909 721 2978 omni
742 2930 876 3002 prorsus
900 2909 1090 2977 auctoritate
1103 2909 1317 2978 ecelesiastica
1334 2919 1366 2979 et
1381 2934 1436 2980 ca-
1512 2923 1513 2979 t

317 3027 456 3089 ruerunt
478 3024 511 3086 et
527 3024 647 3085 carent.
672 3016 871 3087 Protestatus
891 3018 987 3086 etiam
1009 3027 1057 3086 est
1078 3027 1190 3087 contra
1208 3019 1338 3088 eosdem
1353 3022 1436 3090 arti-

316 3127 407 3196 culos
420 3125 499 3194 Pius
514 3124 589 3211 VII,
605 3124 800 3194 allocutione
816 3128 854 3192 16
873 3125 981 3194 martii
998 3128 1081 3193 1888
1101 3125 1199 3216 (Bull.
1215 3126 1311 3196 Rom.
1330 3141 1434 3218 cont,
1511 3181 1512 3241 p

316 3245 339 3304 t.
354 3234 444 3322 XIII,
460 3256 492 3325 p.
506 3232 595 3323 270).
612 3233 659 3300 Da
674 3233 794 3324 quibus
805 3233 1089 3324 protestationibus
1103 3234 1231 3327 plenius
1244 3236 1342 3325 iufra,
1359 3239 1381 3330 ξ
1399 3244 1432 3308 l.

360 3343 419 3411 Die
433 3345 470 3409 18
478 3341 554 3432 julii
569 3344 666 3428 1817,
680 3339 766 3410 idem
778 3341 856 3411 Pius
872 3342 942 3428 Vll,
956 3343 1052 3412 Bulla
1067 3343 1285 3435 Udipn'mum
1295 3346 1431 3437 (bullar.
1510 3429 1511 3432 Ἴ

316 3460 417 3536 cont,
444 3456 522 3517 tom.
545 3447 638 3534 XIV,
652 3471 726 3540 pag.
746 3449 841 3540 368),
858 3472 982 3519 novum
1000 3452 1076 3520 iniit
1095 3451 1334 3522 Concordatum
1356 3477 1433 3524 cum
1510 3439 1511 3503 l

314 3556 481 3630 Ludovico
504 3556 630 3642 XVIII,
648 3554 831 3625 Galliarum
854 3579 941 3646 rege.
963 3558 1001 3625 In
1021 3556 1082 3627 boc
1104 3567 1211 3628 autem
1230 3561 1436 3633 Concordato

315 3667 521 3737 declarantur
533 3665 618 3734 nulli
629 3665 758 3734 articuli
773 3665 931 3756 organici,
946 3667 981 3734 iu
994 3667 1034 3736 iis
1044 3667 1344 3759 quaaduersautur
1354 3671 1434 3740 doc·
1509 3721 1510 3758 3

312 3775 409 3845 trina
424 3786 455 3841 et
470 3773 593 3864 lepidos
607 3772 775 3859 Ecclesie3
790 3773 973 3842 restituitur
988 3773 1227 3844 Concordatum
1244 3777 1329 3847 inter
1343 3779 1433 3851 Leo-

312 3906 387 3952 nem
399 3882 431 3951 X
441 3889 473 3950 et
482 3879 692 3948 Frauciscum
704 3880 732 3966 I,
743 3879 939 3971 quibusdam
949 3882 1078 3974 punctis
1088 3884 1230 3975 exeeptis
1241 3911 1251 3972 ;
1264 3883 1365 3979 fitque
1374 3911 1433 3958 no-

311 4012 427 4060 varum
442 3987 635 4058 dioecesium
648 3989 778 4057 erectio.
800 3990 873 4072 Qua
887 3990 1053 4059 occasione
1068 3993 1164 4061 etiam
1186 3993 1366 4065 declaratus
1382 4009 1433 4067 est
1508 3991 1509 4002 ’

311 4120 425 4166 sensus
435 4094 613 4187 juramenti
628 4093 790 4164 fidelitatis
802 4095 843 4164 ab
859 4097 1025 4190 Episcopis
1039 4099 1121 4190 Regi
1137 4098 1315 4192 praestandi
1333 4103 1427 4194 (ibid.

313 4230 344 4298 p.
362 4204 449 4294 377).
468 4203 531 4272 Sed
550 4201 790 4274 Coruordatum
807 4203 892 4276 istud
909 4228 974 4276 non
998 4206 1059 4276 tuit
1074 4209 1114 4277 ad
1129 4209 1354 4280 executionem
1371 4214 1429 4282 de·
1507 4223 1508 4289 t
