3064 4952
595 517 678 564 mats
700 519 852 565 CANOlthl.

628 915 771 986 CAPUT
799 915 840 985 ll.

160 1147 282 1196 nouam
305 1149 478 1196 eommcas
503 1151 653 1216 nossunn,
677 1154 705 1199 st
728 1154 857 1219 vmmn,
883 1155 1093 1202 emunaetas
1120 1155 1285 1203 oatvmsos

280 1267 404 1312 mounes
427 1268 538 1314 menan
561 1269 676 1324 nasoon
698 1269 909 1324 cuiuscunque
931 1259 1167 1320 tennemonn.

210 1530 446 1600 Pramotanda.
470 1570 515 1584 —
545 1531 629 1599 «At
654 1531 828 1600 vitandum
852 1530 905 1600 hic
919 1553 1079 1618 errorem,
1094 1533 1139 1601 ait
1152 1533 1189 1601 P.
1207 1533 1285 1602 Zac-

167 1663 188 1704 a
210 1638 297 1706 ouria
315 1639 561 1730 (Antiledrom'o,
588 1647 614 1708 t.
631 1640 674 1727 ll,
691 1663 725 1731 p.
743 1643 820 1728 200,
836 1641 889 1709 cd.
907 1641 1067 1728 Caesenae,
1086 1641 1198 1732 1770),
1217 1643 1286 1711 dis-

168 1773 188 1811 «
210 1746 403 1836 tinguamus
423 1747 493 1816 sine
517 1769 611 1817 mora
634 1748 850 1840 quaestionem
870 1749 945 1817 lacti
960 1773 979 1816 a
994 1750 1176 1840 quaestione
1188 1750 1285 1842 juris.

56 1851 71 1862 “
168 1880 189 1918 a
211 1853 357 1934 Quaestio
377 1854 452 1924 lacti
468 1864 528 1944 est,
544 1867 658 1925 utrum
683 1856 771 1946 leges
786 1856 967 1926 Pontificius
983 1857 1139 1948 obligent,
1157 1858 1288 1951 quando

169 1988 189 2027 α
211 1960 360 2031 nondum
377 1961 510 2032 dierunt
524 1972 681 2055 receptae3
698 1965 837 2056 quaestio
848 1965 933 2056 juris
947 1976 1009 2055 est,
1034 1976 1147 2035 utrum
1164 1967 1288 2058 possint

168 2095 190 2134 a
212 2069 357 2158 obligare
376 2079 549 2162 antequam
577 2071 789 2162 recipiantur,
805 2074 914 2162 idest,
932 2097 973 2142 an
990 2075 1037 2142 eis
1053 2076 1233 2144 necessaria
1248 2076 1289 2143 sit

170 2202 190 2240 a
214 2178 366 2268 receptio,
383 2187 419 2247 ut
435 2179 505 2248 vim
518 2179 685 2269 obligandi
706 2179 855 2248 habeant.
883 2209 899 2245 a

215 2284 393 2354 Enimvero
414 2287 502 2378 qnod
523 2288 647 2356 summi
674 2289 851 2357 Pontifices
876 2311 942 2358 non
969 2291 1137 2360 intendant
1150 2294 1289 2386 quibus·

168 2392 248 2461 dam
276 2393 404 2482 legibus
425 2397 494 2463 auis
513 2395 745 2485 obligationem
765 2398 873 2466 statim
898 2399 1082 2490 imponere,
1107 2401 1171 2468 nisi
1195 2401 1289 2492 prius

168 2504 242 2571 istae
266 2503 353 2592 leges
373 2501 575 2594 recipiantur
585 2555 596 2589 ,
614 2512 646 2572 et
664 2503 752 2594 quod
767 2503 813 2572 sic
836 2503 876 2572 de
892 2505 975 2574 tacto
989 2505 1113 2598 aliquot
1127 2507 1292 2599 ejusmodi

168 2613 271 2701 leges,
297 2620 429 2703 propter
442 2611 606 2680 detectum
630 2611 807 2680 voluntatis
828 2613 861 2680 in
878 2612 1027 2682 Romano
1040 2613 1208 2701 Pontifice,
1225 2632 1290 2684 non

170 2721 282 2788 statim
307 2720 451 2810 obligent
473 2719 596 2811 absque
627 2721 865 2810 acceptatione,
893 2721 1050 2790 sustineri
1076 2721 1161 2790 licite
1174 2731 1291 2815 potest,

169 2835 208 2896 ut
236 2828 422 2897 videbimus
449 2828 596 2920 sequenti
624 2829 749 2921 capite,
779 2834 811 2897 et
830 2836 878 2896 est
896 2829 1052 2898 sententia
1078 2830 1165 2921 apud
1180 2841 1292 2901 aucto-

170 2959 224 3005 res
236 2937 411 3006 catholicos
426 2937 660 3028 receptissima.

216 3045 262 3112 At
291 3066 369 3112 vero
394 3044 518 3135 Papam
548 3067 612 3113 non
642 3066 751 3135 posse,
786 3045 913 3113 etiamsi
942 3045 1057 3128 vellet,
1084 3047 1151 3114 suis
1167 3047 1293 3139 legibus

173 3151 321 3242 obligare
343 3154 407 3220 nisi
426 3161 644 3243 acceptantes,
660 3161 708 3221 est
726 3153 873 3220 doctrina
892 3153 973 3220 falsa
986 3175 1121 3246 prorsus
1135 3163 1166 3224 et
1182 3179 1294 3248 repro-

172 3258 293 3330 banda.
311 3261 397 3329 Hinc
412 3259 545 3347 Suarez,
561 3269 733 3352 postquam
750 3262 900 3352 exposuit
916 3262 1110 3335 seutentiam
1123 3273 1292 3334 auctorum

175 3369 234 3461 qui
258 3379 373 3460 putant
399 3371 488 3460 leges
513 3370 697 3461 pontificias
721 3391 788 3438 non
813 3369 961 3461 obligare
988 3371 1050 3439 nisi
1078 3371 1297 3464 dependenter

176 3479 218 3546 ab
241 3478 459 3571 acceptatione
480 3478 705 3564 subditorum,
732 3478 847 3546 addit:
872 3505 889 3544 a
912 3479 1179 3549 Fundamentum
1196 3482 1295 3574 hujus

180 3591 389 3660 «sententiaa
420 3595 526 3657 totum
556 3587 686 3656 videtur
714 3589 790 3680 poni
826 3589 859 3656 in
894 3598 1096 3680 praesumpta
1133 3591 1296 3661 voluntate

181 3699 435 3792 «praelatorum
465 3697 617 3766 Ecclesiae
646 3698 789 3788 ponendi
819 3697 906 3786 leges
940 3720 1016 3765 snas
1046 3699 1108 3766 sub
1139 3699 1297 3769 intellecta

180 3808 425 3892 «conditione,
464 3813 497 3873 ut
533 3805 681 3874 moribus
718 3804 926 3873 subditorum
964 3805 1143 3896 probentur
1173 3835 1180 3875 :
1213 3809 1298 3878 solus

182 3942 199 3982 a
223 3916 329 4007 lllajor
349 3914 469 3982 indicat
491 3913 640 3982 etiamid
664 3935 733 3982 esse
748 3937 790 3981 ex
803 3913 929 3982 delectu
946 3915 1123 4004 potestatis,
1141 3916 1297 4008 quianon

182 4051 200 4090 a
225 4030 362 4116 possunt
374 4022 469 4090 aliter
483 4043 537 4089 eas
550 4022 653 4108 ferre;
670 4029 702 4089 et
716 4021 766 4089 ad·
784 4022 845 4090 hoc
857 4021 1063 4090 suadendum
1078 4023 1171 4109 dicit,
1188 4025 1299 4126 Eccle-

183 4160 200 4198 α
226 4132 308 4199 siam
339 4153 407 4198 esse
437 4151 537 4221 supra
565 4130 709 4220 Papam,
740 4137 772 4196 et
795 4129 868 4198 ideo
883 4131 910 4196 si
925 4131 1064 4197 Ecclesia
1080 4153 1145 4199 non
1160 4146 1302 4226 acceptat

186 4267 205 4309 a
228 4240 334 4332 legam
350 4239 466 4329 Papae,
484 4259 549 4306 non
566 4259 659 4327 posse
680 4259 737 4328 per
757 4237 848 4306 illam
871 4238 1010 4328 obligari
1025 4265 1041 4304 a
1062 4238 1113 4328 (de
1129 4239 1207 4332 Leg.
1226 4243 1248 4310 l.
1268 4247 1300 4334 t,
