3042 4946
501 485 583 531 suurs
604 485 756 532 cruuntur.
1126 467 1198 532 565³

104 625 159 694 lta
190 624 324 716 quidem
355 625 533 714 generatim
559 633 731 718 utramque
760 635 930 718 exponunt
960 637 1124 718 auctores;
1155 639 1186 699 et

49 732 202 824 qnando
232 731 381 802 materias
408 731 585 826 uuicuique
610 733 758 824 proprias
787 733 966 824 assignant,
993 737 1111 806 mirum
1139 746 1188 806 est

48 848 229 933 quantum
253 839 421 910 discedant
448 862 468 908 a
492 841 623 909 notione
647 841 791 931 generali
818 863 916 934 qnam
941 841 980 910 de
996 844 1185 918 ,voluntaria

48 947 294 1040 jurisdictione
328 947 545 1018 tradiderunt.
584 948 761 1040 Postquam
797 949 883 1017 enim
913 948 1068 1020 dixerunt
1095 953 1184 1022 illam

52 1057 214 1126 exerceri
232 1056 267 1125 in
287 1057 436 1138 volentes,
452 1055 501 1124 illi
522 1064 678 1147 tauquam
704 1057 870 1149 propriam
890 1059 1059 1150 assignant
1077 1069 1184 1153 potes-

53 1169 164 1232 tatem
191 1164 353 1234 condendi
373 1163 460 1254 leges
485 1185 543 1233 seu
568 1171 699 1250 statuta,
722 1163 875 1254 exigendi
900 1164 1081 1236 subsidium
1106 1167 1183 1236 cha-

55 1271 249 1358 ritativum,
268 1271 436 1342 facultates
457 1271 496 1339 ad
522 1270 700 1340 audiendas
725 1269 941 1340 confessiones
961 1273 1108 1342 bdelium
1132 1298 1183 1343 sa-

54 1379 252 1448 cerdotibus
273 1401 439 1450 concessas
461 1379 663 1468 retrahendi,
689 1378 875 1470 corrigendi
897 1380 1183 1472 extrajudioiaiiter

56 1487 227 1575 subditos,
253 1488 350 1557 etiam
374 1495 411 1556 ut
432 1486 533 1579 aliqui
560 1486 684 1574 dicunt,
708 1509 766 1580 per
793 1510 924 1580 poeuam
948 1491 1179 1580 suspensionis,

58 1596 208 1685 vicarios
223 1620 243 1664 a
256 1618 391 1666 munere
407 1595 574 1688 privandi,
591 1602 623 1663 et
644 1594 851 1686 hujusmodi;
872 1619 947 1688 qua
968 1597 1132 1687 quomodo
1147 1599 1181 1668 in

59 1705 207 1774 colentes
222 1711 435 1774 exerceantur
446 1703 586 1796 explicet
598 1703 655 1796 qui
669 1703 781 1795 possit.

106 1811 316 1882 Vocabulum
342 1811 577 1903 jurisdictionis
602 1811 796 1880 voluntaria
819 1809 948 1878 videtur
970 1810 1091 1882 idcirco
1116 1837 1181 1883 nou

59 1921 291 2013 usurpandum
308 1919 344 1988 in
359 1921 469 1990 stricto
489 1942 604 2008 sensu;
620 1929 653 1988 et
671 1919 864 1989 divisionem
882 1919 966 1990 hauc
991 1921 1132 1992 recidere
1147 1924 1181 1992 io

61 2030 173 2117 istam,
186 2053 262 2122 quae
275 2029 392 2099 clarior
404 2036 435 2098 et
448 2028 552 2120 magis
566 2037 716 2098 accurata
726 2027 867 2116 videtur,
875 2027 1050 2120 judicialis
1064 2053 1180 2124 nempe

61 2146 94 2205 et
122 2136 386 2231 entrajudiciolis
411 2135 655 2228 jurisdictionis.
680 2134 845 2227 Quidquid
875 2135 1025 2206 ordinare
1054 2147 1181 2208 tenetur

62 2253 244 2344 Episcopus
264 2275 339 2321 cum
358 2252 464 2321 forms
484 2248 599 2342 judicii
616 2272 673 2318 seu
693 2271 768 2318 cum
787 2249 893 2317 forma
911 2251 1121 2340 contentiosa,
1138 2253 1180 2321 ad

60 2359 322 2450 jurisdictionem
362 2357 553 2449 judicialem
592 2379 650 2425 seu
688 2354 919 2425 contentiosam
957 2357 1176 2428 referendum.

66 2467 233 2559 Quidquid
248 2467 369 2558 absque
384 2467 440 2535 iila
453 2466 558 2534 forma
577 2462 738 2533 statuendi
755 2462 810 2554 jus
825 2462 934 2550 hahet,
952 2464 1013 2532 erit
1024 2463 1176 2556 jurisdic-

63 2576 160 2645 tionis
188 2575 451 2668 entrojudiriolis
475 2598 550 2668 quae
574 2598 615 2644 ex
641 2597 703 2644 usu
728 2573 968 2642 canonistarum
995 2575 1178 2645 voluntaria

62 2683 171 2752 vocari
187 2684 279 2753 solet.

108 2789 154 2859 De
184 2789 339 2882 praedicte
374 2788 609 2882 jurisdictionis
646 2787 808 2857 divisione
841 2789 888 2856 sic
919 2788 1015 2858 habet
1042 2790 1177 2859 Berardi

67 2899 257 2986 [Commeat.
274 2898 310 2965 in
326 2896 509 2978 decretales,
528 2903 549 2964 t.
568 2897 594 2983 l,
612 2919 644 2988 p.
667 2899 720 2981 ta,
734 2895 884 2982 Taurini,
901 2897 995 2987 trtc)
1014 2923 1021 2964 :
1040 2924 1056 2961 u
1072 2897 1176 2990 Magis

70 3033 86 3069 a
109 3013 288 3096 opportuna
302 3013 349 3074 est
369 3003 477 3073 civilis
492 3026 591 3096 quam
615 3002 818 3072 ecclesiastici
838 3003 923 3096 juris
946 3005 1176 3097 interpretibus

70 3141 86 3179 r
109 3113 167 3182 ista
192 3112 375 3200 distinctio;
399 3114 427 3180 si
453 3111 585 3204 quidem
610 3111 824 3202 jureconsulti
848 3113 1031 3203 generalem
1057 3115 1175 3184 exinde

70 3249 86 3286 u
109 3221 250 3312 regulam
282 3221 464 3312 proferunt,
491 3242 556 3310 qna
584 3217 676 3287 fieret
702 3227 738 3288 nt
766 3221 966 3289 contentiosa
993 3221 1175 3312 jurisdictio

70 3357 85 3394 o
107 3339 194 3399 extra
208 3327 410 3398 territorium
426 3326 570 3396 exerceri
590 3325 681 3394 nullo
698 3326 794 3395 modo
809 3334 927 3418 posset,
944 3335 1055 3397 contra
1074 3351 1173 3420 quam

70 3467 85 3502 o
107 3438 298 3530 reciperetur
320 3435 354 3503 in
375 3433 568 3504 voluntaria.
587 3435 629 3502 At
652 3433 736 3525 juris
756 3433 962 3502 ecclesiastici
984 3435 1174 3528 interpretes

70 3573 85 3611 a
107 3565 299 3638 quamquam
321 3545 355 3613 in
376 3541 580 3612 exsecutione
605 3541 812 3611 contentiosae
835 3540 1071 3632 jurisdictionis
1093 3543 1173 3612 illud

71 3685 85 3720 t
108 3656 207 3746 ipsum
222 3653 322 3746 recipi
343 3659 491 3744 oportere
508 3650 676 3720 communi
697 3648 854 3740 suffragio
874 3648 1090 3738 tradiderunt,
1107 3674 1171 3720 non

71 3795 86 3830 u
107 3772 208 3833 temen
235 3764 377 3857 idipsum
413 3761 554 3853 recipere
592 3768 767 3852 potueruut
794 3759 828 3827 in
858 3758 1054 3851 voluntaria,
1084 3763 1171 3855 quod

71 3901 85 3938 o
107 3873 161 3940 ista
179 3869 354 3962 aliquando
372 3868 509 3961 pendeat
524 3867 566 3936 ab
581 3866 706 3935 ordinis
724 3873 880 3958 potestate
896 3867 949 3935 cui
968 3867 1169 3938 cohaereat...

72 4009 87 4044 u
107 3977 164 4049 Ubi
182 3977 341 4047 Praelatus
357 4001 376 4046 a
394 3999 455 4046 sua
476 3975 606 4044 diaecesi
624 3974 740 4042 absens
763 3973 840 4044 velit
858 3973 892 4041 iu
912 3997 990 4044 suos
1012 3975 1172 4068 subjectos

73 4115 87 4152 c
109 4086 314 4157 voluntariam
344 4107 494 4156 exercere
520 4083 792 4175 jurisdictionem,
820 4084 901 4175 quin
927 4083 1075 4152 ordinem
1105 4109 1170 4177 quo

74 4224 88 4260 u
110 4194 276 4284 insignitur
296 4201 456 4282 exerceat,
479 4191 511 4259 id
535 4191 655 4282 petitur
675 4191 834 4281 generalis
853 4188 1046 4260 voluntarie
1070 4192 1168 4284 juris·
1279 4183 1282 4190 ’
