3022 4950
338 485 377 551 38
691 507 867 554 rnncrrrus
888 509 927 554 or.
949 509 1102 557 innuens

333 647 426 767 leget
449 647 556 729 Quem
576 648 833 719 controversiam
854 647 930 718 vide
950 650 1039 742 opud
1055 650 1350 742 Schmelugrueber
1367 654 1451 744 (loco

335 762 495 931 ωίῗὶέιιὲ.
512 754 667 932 Pistor
692 864 780 954 leges
802 867 1042 936 ceremoniales
1062 889 1204 960 querum
1226 891 1306 940 usus
1327 870 1363 938 iu
1389 871 1455 940 Ec-

331 970 428 1039 clesia
452 969 574 1040 Christi
597 980 657 1060 est,
683 994 836 1065 quaencm
859 973 971 1068 adjus
986 976 1166 1069 positivum
1181 975 1334 1047 divinum
1349 980 1452 1071 perti·

330 1083 501 1149 ueeutt—
513 1082 613 1152 Docet
626 1082 748 1152 Suerez
762 1082 814 1176 (de
827 1083 982 1173 Legibus,
998 1085 1022 1154 l.
1043 1089 1097 1173 tc,
1110 1109 1138 1155 c.
1156 1089 1189 1172 2,
1203 1109 1238 1155 n.
1256 1086 1308 1178 17)
1322 1109 1361 1156 ee
1374 1111 1455 1179 quae

326 1193 491 1284 pertinent
503 1191 545 1261 ed
559 1192 773 1263 substantium
785 1191 934 1262 sacrificii
945 1202 977 1262 et
991 1201 1270 1264 sacramentorum
1285 1217 1305 1264 u
1319 1193 1455 1264 Christo

326 1303 396 1394 ipso
411 1301 510 1372 fuisse
528 1301 758 1390 determinetu;
781 1312 898 1372 cetere
918 1313 1027 1372 entem
1046 1303 1088 1372 ed
1109 1303 1192 1374 ritus
1213 1325 1323 1374 sectos
1348 1305 1452 1396 perti·

326 1411 436 1480 nentia
451 1410 551 1480 fuisse
567 1411 714 1504 potestati
729 1411 922 1500 legislativae
938 1411 1088 1481 Ecclesiae
1104 1413 1277 1503 permissa.

787 1804 931 1874 CAPUT
959 1806 991 1875 V

685 2045 724 2090 DE
744 2043 818 2089 JURB
840 2043 974 2090 cunnum
998 2043 1101 2090 NOTIO.

374 2315 391 2354 u
414 2288 472 2358 Jus
487 2285 650 2376 gentium,
675 2284 719 2352 ait
742 2282 953 2353 Reiffeustuel
980 2285 1205 2375 (proemium,
1232 2285 1309 2376 §Q
1330 2307 1365 2353 n.
1396 2288 1454 2374 30)
1502 2297 1503 2362 ζ

330 2424 347 2464 «
370 2396 489 2466 dicitur
506 2393 587 2462 illud
603 2415 669 2485 quo
685 2413 799 2462 omues
819 2403 932 2481 gentes
946 2391 1000 2460 vel
1015 2390 1119 2461 ferme
1134 2415 1250 2461 omnes
1265 2400 1450 2463 utuntur...
1502 2377 1503 2461 i

330 2504 558 2574 «Notandum
583 2508 694 2570 umen
719 2501 809 2592 quod
828 2501 882 2592 jus
907 2502 1055 2591 gentium
1081 2521 1138 2592 per
1158 2501 1244 2593 juris
1259 2503 1453 2592 interpretes

330 2639 347 2677 «
372 2611 493 2703 passim
507 2608 631 2700 duplex
645 2609 842 2697 assignetur,
859 2609 1057 2699 primarium
1078 2606 1228 2679 videlicet
1242 2616 1274 2677 et
1290 2611 1453 2678 emunde-

330 2745 347 2784 «
371 2718 471 2786 rium.
496 2715 558 2786 Jus
573 2715 721 2804 gentium
738 2714 937 2806 primarium
951 2715 1103 2784 coincidit
1116 2739 1193 2784 cum
1213 2716 1288 2808 jure
1305 2718 1453 2785 naturali
1501 2797 1502 2802 ἵ

331 2852 348 2891 u
373 2824 502 2916 proprie
517 2822 614 2908 dicto,
630 2829 742 2914 estque
756 2821 838 2890 illud
853 2822 941 2914 quod
954 2824 1111 2892 naturalis
1133 2823 1218 2892 ratio
1233 2824 1318 2892 iuter
1334 2847 1453 2894 omnes
1501 2819 1502 2893 i

332 2961 349 3000 c
372 2943 485 3023 gentes
508 2931 687 3016 constituit,
702 2928 856 3022 quodque
878 2931 1042 3002 mentibus
1067 2929 1243 3000 hominum
1263 2955 1283 2999 a
1302 2933 1370 3001 Deo
1391 2957 1452 3001 nu-

332 3070 348 3108 «
371 3040 521 3110 turalitcr
542 3038 685 3106 inditum
709 3048 770 3124 est,
794 3045 826 3106 et
850 3039 891 3106 ab
916 3039 1071 3108 omnibus
1097 3039 1228 3131 populis
1251 3039 1450 3110 custoditur.

331 3179 348 3217 n
371 3150 430 3220 dus
455 3147 605 3238 gentium
627 3145 870 3233 secundarium,
894 3146 983 3239 quod
1007 3156 1038 3215 et
1060 3149 1116 3240 jus
1142 3148 1291 3237 gentium
1317 3151 1452 3241 proprie

332 3285 349 3323 «
373 3259 549 3326 dictum
568 3254 743 3346 appellent,
761 3254 880 3323 dicitur
897 3245 980 3324 illud
994 3255 1082 3348 quod
1098 3278 1140 3324 ex
1154 3255 1295 3324 naturali
1312 3256 1449 3347 quidem
1500 3249 1501 3325 i

333 3395 349 3434 α
372 3365 497 3435 ratione
513 3363 742 3456 proficiscitur,
760 3384 828 3432 non
846 3371 955 3431 tunice
969 3363 1160 3455 simpliciter
1174 3385 1215 3432 ex
1231 3362 1300 3432 solo
1314 3363 1452 3432 rationis

332 3503 348 3538 u
371 3474 526 3542 instinctu
544 3471 636 3540 uobis
654 3479 703 3539 est
724 3470 887 3556 inditum;
916 3471 971 3539 sed
994 3472 1181 3540 necessitate
1205 3471 1344 3539 humani
1368 3493 1452 3541 con-

330 3582 355 3648 «'
371 3583 476 3650 victus
491 3581 537 3649 sic
551 3580 703 3670 exigente
718 3631 770 3668 ...,
785 3581 871 3648 inter
887 3601 1001 3649 ornnes
1018 3580 1071 3648 vel
1086 3579 1190 3650 ferme
1205 3601 1319 3650 omncs
1334 3588 1450 3670 gentes

332 3717 349 3756 n
370 3691 442 3781 ipso
456 3696 629 3780 usuetcpe
645 3689 793 3758 moribus
808 3687 1094 3757 constitutuniest.
1114 3715 1130 3753 n
1499 3685 1500 3706 ¹

370 3797 532 3889 Exempla
556 3795 712 3887 quedem
730 3796 815 3888 juris
837 3794 936 3888 hujus
958 3795 1091 3866 exhibet
1110 3817 1214 3866 canon
1222 3797 1283 3888 jus
1297 3797 1448 3888 pentircm

325 3905 541 3976 distinctionis
564 3909 593 3990 l,
613 3904 678 3972 illis
693 3904 801 3975 verbis
819 3927 827 3967 ε
848 3902 939 3973 «Jus
953 3905 1105 3994 gentium
1127 3916 1176 3974 est
1194 3905 1325 3975 sedium
1347 3928 1448 3976 occu-

329 4043 347 4082 «
370 4014 468 4106 petio,
498 4010 680 4097 edificatio,
708 4011 865 4098 munitio,
892 4011 987 4096 belle,
1013 4014 1225 4105 captivitates,
1254 4014 1445 4102 servitutes,
1498 4079 1499 4086 ,

328 4148 344 4188 n
367 4119 581 4214 postliminia,
596 4117 732 4205 ioedere,
749 4141 855 4210 peces,
872 4119 1026 4208 inducie,
1042 4121 1226 4212 legatorum
1238 4145 1304 4191 uon
1318 4121 1447 4192 violen-
1498 4107 1499 4187 i

301 4229 303 4235 ’
327 4257 343 4294 <r
368 4229 489 4298 dorum
512 4225 639 4318 religio,
666 4225 820 4318 conjugio
847 4227 939 4297 inter.
954 4227 1152 4319 alienigenos
1179 4227 1341 4320 prohibite
1358 4253 1365 4294 ι
1383 4231 1446 4300 hoc
