3064 4952
534 523 618 574 scats
640 527 792 576 canonici.
1159 513 1219 579 193

101 687 163 756 per
185 665 356 757 epistolam
381 671 489 758 posset
510 665 666 735 omnibus
690 665 779 735 orbis
794 665 961 760 Episcopis
976 667 1065 760 leges
1080 669 1152 739 illas
1167 693 1220 740 ac-

100 775 277 866 ceptandus
296 795 488 868 proponere.
516 772 597 856 Quis
616 781 727 844 autem
751 775 868 844 audeat
892 797 1035 846 asserere
1051 777 1220 848 loeminam

102 880 189 951 banc
213 890 323 950 mente
343 891 485 976 captam,
508 903 551 952 ex
580 904 618 950 eo
648 881 737 974 quod
761 883 863 974 possit
885 881 946 953 hoc
969 906 1077 975 agere,
1102 885 1222 958 habere

102 1013 219 1059 veram
238 990 454 1082 legislativum
476 997 667 1082 potestatem
683 991 718 1058 in
733 991 905 1060 universos
918 991 1069 1062 Ecclesiae
1093 993 1223 1065 fideles?

100 1099 207 1170 Porro
222 1099 250 1168 si
265 1100 353 1191 leges
371 1099 547 1193 pontilioiae
563 1123 629 1170 non
653 1107 784 1191 possent
797 1099 900 1190 ligare
914 1100 978 1170 nisi
992 1100 1092 1172 libere
1105 1126 1222 1198 accep-

101 1219 225 1296 tantes,
257 1232 323 1278 non
352 1211 459 1301 magis
484 1210 645 1280 rationem
674 1209 757 1300 legis
784 1209 941 1278 haberent
973 1233 1074 1303 quam
1102 1212 1223 1282 delira-

102 1326 216 1387 menta
237 1318 404 1411 praedictae
432 1317 648 1388 mulierculae.
672 1315 768 1388 Unde
783 1317 836 1386 vel
849 1317 935 1386 clare
949 1327 981 1387 et
995 1318 1148 1388 audacter
1163 1343 1223 1390 ne-

100 1437 217 1516 getur,
246 1450 323 1496 oum
351 1425 552 1497 heterodoxo
581 1425 741 1517 Episcopo
770 1423 810 1494 de
836 1423 1012 1494 Hontheim
1032 1427 1221 1521 caeterisque

100 1531 281 1622 hereticis,
312 1536 436 1628 Papam
465 1533 584 1604 babere
613 1540 804 1624 potestatem
835 1532 870 1600 in
894 1531 1040 1603 Ecclesia
1064 1527 1221 1626 legiilati-

100 1663 199 1728 vam,
229 1653 261 1711 et
289 1651 453 1712 asseratur
478 1641 541 1733 ipsi
563 1647 691 1710 tantum
715 1645 899 1731 competere
922 1649 1112 1732 potestatem
1135 1644 1222 1736 leges

95 1750 326 1842 proponendi·
353 1750 405 1819 vel
423 1750 509 1818 clare
527 1757 560 1818 et
574 1749 643 1817 sine
659 1746 856 1837 ambagibus
871 1747 1066 1818 concedatur
1081 1751 1222 1822 vicarios

99 1859 226 1930 Christi
248 1883 355 1952 posse,
377 1861 405 1928 si
432 1859 551 1945 velint,
577 1859 676 1928 etiam
701 1857 770 1927 sine
789 1857 996 1928 subditorum
1024 1862 1219 1953 acceptione,

99 1992 158 2039 eos
170 1969 298 2061 legibus
313 1972 381 2040 suis
395 1969 509 2060 ligare.

145 2077 312 2146 Probatur
336 2083 370 2145 2ο
400 2115 444 2130 -
472 2081 528 2147 Er
555 2076 696 2146 testibus
723 2075 906 2169 Scriptura
932 2077 966 2145 in
988 2077 1221 2168 probationem

94 2184 311 2276 praecedentia
330 2187 426 2256 tresis
447 2187 608 2256 adductas.
626 2181 896 2256 -Ostendimus
920 2185 1041 2256 seilicet
1061 2191 1221 2282 superiori

98 2295 207 2385 capite
227 2293 395 2364 Romanos
410 2295 585 2364 Pontifices
611 2293 801 2364 successisse
825 2295 974 2386 potestati
993 2317 1094 2386 quam
1105 2296 1221 2366 Chris-

98 2412 154 2470 tus
167 2403 303 2472 contulit
318 2403 415 2474 Petro
433 2427 491 2496 per
507 2403 578 2472 haeo
594 2403 696 2472 verba
714 2429 722 2470 ε
739 2405 849 2493 Super
863 2401 949 2470 hanc
963 2405 1100 2472 Petram
1115 2405 1219 2486 ‹edifi-

98 2511 181 2579 cabo
200 2512 379 2580 Ecclesiam
397 2533 527 2594 meam,·
542 2549 586 2564 -
600 2514 699 2580 Posce
714 2533 786 2579 occa
801 2533 908 2594 meas;
923 2548 967 2563 -
986 2510 1220 2605 Quodcumque

99 2619 264 2709 docueris,
282 2621 343 2688 erit
367 2620 521 2710 liparam,
539 2633 570 2688 et
584 2617 809 2711 quodcumque
823 2618 966 2708 solveris,
984 2619 1046 2687 erit
1060 2621 1216 2692 solutum.

98 2725 166 2795 Sed
194 2736 333 2819 potestas
364 2727 415 2796 bis
445 2727 554 2797 verbis
589 2727 723 2809 collata,
747 2727 810 2795 luit
831 2727 943 2819 procul
968 2727 1220 2821 dubiopotestas

97 2834 268 2925 obligandi
301 2835 467 2923 subditos,
499 2837 598 2905 etiam
634 2835 703 2904 sine
730 2858 847 2905 eornm
875 2837 1102 2927 acceptatione.
1133 2838 1217 2908 Nam

97 2951 210 3034 pastor
236 2951 427 3035 potestatem
456 2943 553 3012 babet
579 2942 720 3012 ducendi
749 2965 826 3011 oves
855 2941 897 3010 ad
923 2951 1011 3012 certa
1039 2943 1109 3014 loca
1131 2954 1163 3015 et
1178 2948 1219 3016 ab

95 3049 171 3118 aliis
197 3072 252 3118 eas
275 3050 477 3137 abducendi,
496 3051 565 3120 sive
587 3049 788 3120 consentiant
807 3072 885 3120 oves
906 3050 976 3118 sive
997 3071 1063 3119 non
1082 3073 1219 3124 consen-

96 3157 199 3244 tiant;
226 3167 258 3226 et
272 3158 330 3250 qui
356 3181 423 3228 non
447 3165 555 3250 posset
581 3179 694 3247 regere
717 3180 795 3226 oves
812 3158 875 3226 nisi
894 3179 932 3225 eo
949 3158 1047 3226 modo
1066 3183 1132 3252 quo
1148 3163 1219 3232 vel-

95 3264 177 3357 lent,
206 3265 346 3334 minime
369 3276 453 3336 esset
475 3273 595 3358 pastor.
627 3265 709 3334 ltem
733 3265 790 3358 qni
815 3272 865 3332 est
887 3264 1141 3337 fundamentum
1157 3270 1217 3340 ali-

95 3373 193 3465 cujus
221 3374 381 3444 societatis
409 3376 584 3462 humanae,
615 3383 720 3466 potest
747 3374 898 3442 membra
933 3373 1031 3463 hujus
1058 3377 1217 3448 societatis

96 3483 244 3572 obligare
263 3483 320 3571 ita,
342 3485 430 3553 utin
451 3484 610 3552 unitatem
634 3483 813 3552 coalescant
827 3489 859 3550 et
877 3481 919 3549 ad
945 3481 1048 3550 finem
1063 3507 1217 3556 commu-

95 3615 175 3664 nem
205 3593 367 3663 societatis
384 3598 535 3682 tendant,
557 3593 683 3686 hocque
714 3600 818 3684 potest
832 3591 873 3660 ab
892 3591 940 3659 eis
958 3593 1090 3682 exigere
1115 3597 1213 3666 etiam

96 3725 164 3773 non
198 3703 300 3774 libere
332 3703 590 3796 acceptantibus3
622 3710 653 3771 et
682 3702 709 3769 si
744 3701 805 3770 hoc
832 3708 970 3792 nequeat
998 3701 1131 3791 exigere
1155 3707 1214 3797 qui

95 3811 353 3882 fundamentum
370 3810 509 3897 dicitur,
533 3819 566 3880 et
588 3808 691 3901 possit
716 3816 843 3876 tantum
868 3828 1050 3899 proponere
1072 3832 1147 3900 quaa
1163 3811 1214 3882 fa-

95 3919 212 3988 cienda
234 3928 323 4008 sunt,
339 3919 420 3988 falso
435 3917 642 3988 fundamenti
664 3915 798 3986 nomine
818 3915 1011 4005 insignitum
1027 3937 1086 3984 nec
1107 3921 1215 4012 magis

95 4027 349 4096 fundamentum
379 4035 427 4095 est
455 4048 556 4117 quam
584 4024 751 4116 quodlibet
778 4022 869 4091 aliud
896 4023 1103 4111 membrum,
1136 4050 1212 4096 oum

95 4135 197 4226 possit
218 4135 318 4203 etiam
339 4131 506 4226 quodlibet
530 4130 619 4200 aliud
641 4129 832 4198 membrum
853 4131 939 4220 leges
961 4152 1036 4221 qum
1053 4131 1213 4226 sibiaptae

95 4243 287 4313 viderentur
313 4261 505 4333 proponere.
530 4241 612 4308 ltem
634 4237 734 4307 verba
756 4235 982 4333 quodcumque
1005 4236 1158 4328 lipaveris

1019 4349 1057 4409 l3
