3068 4948
515 457 597 504 surra
621 457 771 503 assamur.
1141 438 1203 501 277

79 591 177 660 cretis
203 593 354 664 brevium
382 595 500 674 bullae;
526 598 592 666 alin
617 598 726 682 mode,
754 604 789 664 ut
810 597 936 666 dicatur
961 599 1057 666 infra.
1085 603 1117 664 7·
1143 598 1206 666 Pro

79 701 180 768 bullis
203 724 321 770 crassae
339 711 372 770 et
395 704 607 776 subobscura
629 706 848 785 membranam
867 728 926 799 pro
951 706 1106 776 brevibus
1120 706 1203 776 albas

80 817 113 877 et
129 809 263 880 subtiles
280 807 488 884 adhibentur.

614 1121 654 1187 ll.

431 1327 568 1388 Quomodo
584 1325 756 1390 expediantur
770 1326 857 1378 autre.

132 1569 347 1664 «Expeditio
374 1572 540 1643 bullarum
561 1572 632 1643 lieri
661 1571 742 1641 solet
769 1581 910 1664 quatuor
942 1571 1059 1659 modis,
1090 1597 1206 1666 nempe

85 1701 186 1770 aper
212 1679 457 1767 Cauoellarism,
487 1702 545 1772 par
570 1681 753 1766 Camarum,
783 1702 841 1772 per
868 1680 955 1749 viam
977 1688 1144 1769 secretum,
1176 1691 1207 1750 et

86 1815 102 1852 ιι
127 1788 260 1860 demum
285 1811 343 1881 per
365 1791 451 1860 cmm
470 1791 589 1860 Gracia.
621 1790 726 1880 (Rota,
756 1788 854 1860 decis.
888 1795 949 1858 55l
974 1799 1006 1859 et
1032 1794 1108 1876 560,
1134 1815 1167 1882 p.
1189 1797 1205 1859 5

86 1923 102 1959 ι
127 1897 264 1986 recent.)

132 2035 148 2072 ιι
175 2007 238 2076 Per
255 2007 495 2078 Cancelloriom
510 2008 737 2078 universaliter
753 2007 975 2099 expediuntur
990 2009 1090 2078 bulla
1106 2011 1208 2080 eoele-

84 2117 249 2186 «siarum
287 2118 535 2205 cathedralium,
566 2119 765 2188 erectionem
804 2118 1062 2209 collegiatarum,
1092 2121 1206 2212 provi-

87 2228 258 2296 asianum
299 2227 546 2316 beneficiorum,
595 2229 871 2321 dispensationum
916 2228 1204 2298 matrimonialium

86 2362 102 2399 ιι
126 2339 168 2404 de
194 2335 322 2426 majori,
346 2337 618 2408 monasteriorum
636 2344 700 2406 tarn
723 2335 994 2406 consistorialium
1012 2359 1110 2429 quam
1126 2337 1208 2406 alio-

88 2473 101 2508 ι
128 2465 220 2530 rum,
235 2451 267 2512 et
282 2444 454 2514 similium.

131 2581 148 2618 ι
173 2551 370 2645 Hujusmodi
386 2551 621 2642 expeditiones,
646 2559 756 2643 utpote
771 2560 1000 2620 concernentes
1016 2552 1123 2622 varias
1138 2575 1205 2624 ma·

87 2693 104 2730 ιι
128 2663 226 2732 terias
249 2671 281 2730 et
303 2662 510 2751 designantes
528 2661 633 2752 majus
649 2661 746 2731 decus
761 2661 856 2730 Sedis
871 2662 1080 2754 Apostolieae,
1096 2686 1115 2730 a
1129 2664 1204 2756 plu-

88 2799 104 2836 ι
129 2771 223 2839 ribus
237 2769 430 2838 officialibus
449 2768 658 2838 Cancellariae
676 2767 864 2837 revidentnr
886 2777 916 2836 et
940 2770 1207 2860 subscribuntur,

88 2909 104 2944 ι
129 2881 187 2972 qui
220 2880 339 2948 habant
368 2879 474 2948 ollieia
503 2878 661 2952 vaoehilia
691 2878 808 2969 partim
839 2878 1013 2969 praelatitia
1035 2889 1066 2948 et
1088 2883 1206 2973 partim

89 3015 105 3052 ιι
130 3011 217 3073 non;
244 2987 341 3054 etsie
366 3007 483 3054 rnauns
509 2994 678 3078 apponunt
694 2985 867 3076 scriptores
884 2986 1067 3077 apostoliei3
1086 2989 1208 3058 abbre-

89 3125 104 3160 ιι
130 3097 273 3164 viatores
300 3094 435 3164 mineris
454 3093 586 3183 gratiae3
610 3092 835 3162 sollicitatores
855 3093 1037 3162 litterarum
1052 3099 1208 3188 apostoli-

89 3232 105 3268 «
131 3223 255 3290 earum,
277 3203 420 3272 lanizari
446 3201 569 3288 voeati3
593 3211 752 3269 eteorum
775 3200 951 3292 capellani3
967 3202 1208 3274 abbreviatores

90 3341 107 3376 ιι
131 3313 170 3381 de
190 3313 293 3380 Pareo
308 3309 421 3401 Majori
439 3338 446 3388 ;
466 3331 524 3378 nee
542 3332 605 3378 non
631 3309 761 3397 Regens
775 3307 985 3378 cancellariae
1001 3334 1074 3379 cum
1092 3312 1207 3382 litteris

91 3449 107 3486 ι
130 3423 169 3490 L.
188 3430 220 3489 et
234 3420 288 3506 G.,
305 3420 366 3490 hoe
382 3428 429 3488 est
445 3420 528 3488 lecto
550 3431 704 3500 correcta,
724 3442 797 3486 cum
817 3418 923 3510 prima
938 3418 1048 3488 littera
1064 3422 1206 3492 neminis

91 3557 105 3590 ιι
130 3527 208 3597 dicti
230 3527 392 3617 regentis;
421 3525 564 3596 custodis
583 3525 869 3620 supplicationum.
900 3525 939 3594 Et
965 3535 1073 3618 postca
1099 3529 1208 3619 plum-

91 3665 104 3698 ιι
128 3638 250 3705 bantur
280 3658 336 3728 per
366 3635 551 3702 ministrnm
575 3633 764 3726 deputatum
789 3657 808 3700 n
833 3633 979 3702 Praeside
1009 3635 1136 3728 plumbi
1154 3666 1205 3725 ...5

90 3774 105 3810 ιι
130 3743 218 3836 quod
246 3743 417 3835 plumbum
446 3765 502 3809 seu
529 3741 673 3832 sigillum
690 3741 735 3830 (t)
763 3742 960 3809 servaturin
976 3741 1099 3811 Palatio
1114 3745 1207 3814 Vati-

91 3881 106 3918 ι
130 3875 224 3922 cano.
253 3852 293 3919 Et
318 3851 494 3943 plumbata
515 3850 633 3918 litterar
649 3849 866 3940 registrantur
879 3872 897 3915 a
911 3849 1065 3941 Capserio
1082 3852 1207 3943 plumbi

119 4137 151 4196 tt)
174 4136 274 4184 llortrm
300 4135 378 4197 Papa,
399 4133 461 4182 illud
485 4131 598 4196 sigillum
625 4130 765 4192 treugarum
791 4134 817 4178 et
838 4127 958 4178 similitor
980 4129 1092 4192 sigillum
1112 4133 1209 4186 dietum

88 4209 204 4262 sarriano
223 4210 362 4260 Piscator-tr
374 4207 502 4273 frangitur
513 4221 560 4274 per
576 4205 737 4260 cardinalem
752 4202 932 4256 camerarium.
