3048 4954
525 475 608 522 roera
631 478 781 526 canonici.
1019 513 1023 526 .
1169 465 1208 526 eo

102 607 308 700 praelatorum
324 611 527 704 regularium
548 623 580 684 et
594 615 811 708 capitulorum
834 620 1042 710 generalium
1057 622 1144 714 apud
1158 643 1213 692 re-

101 720 229 810 ligiosos
262 720 408 810 ordines;
440 731 559 792 statuta
584 722 724 816 denique
744 725 948 818 omniaque
968 749 988 796 a
1007 750 1214 821 quocumque

97 826 351 918 jurisdictionem
379 830 625 900 ecclesiasticam
654 829 793 904 habente
822 832 864 903 ad
890 833 1017 904 bonum
1046 836 1214 929 spirituale

101 958 231 1008 suornm
246 938 457 1008 subditorum
472 939 634 1009 feruntur.

141 1045 277 1135 Dicitur,
299 1049 536 1139 firnmtamm,
559 1071 626 1118 nou
649 1056 759 1120 autem
781 1050 1011 1134 conditarum·
1030 1051 1107 1144 quia
1128 1053 1214 1124 sicut

21 1143 22 1166 ³
101 1150 323 1224 adnotavimus
342 1154 428 1247 quod
449 1178 621 1224 summurn
651 1156 856 1245 Pontificem,
883 1158 927 1228 itu
955 1181 1042 1251 saepe
1070 1161 1215 1230 Concilia

101 1263 323 1353 provincialia,
341 1265 492 1358 Episcopi
507 1275 538 1334 et
553 1266 608 1334 alii
617 1318 627 1355 ,
644 1287 710 1336 non
723 1267 868 1337 condunt
888 1289 975 1338 nova
989 1269 1133 1358 decreta,
1156 1271 1213 1362 aed

21 1431 22 1434 ,
96 1369 160 1460 jam
177 1371 307 1442 condita
325 1379 357 1440 et
375 1371 453 1442 alibi
477 1373 530 1442 vel
545 1374 624 1444 olim
648 1375 808 1466 vigentia,
824 1374 988 1446 firmando
1010 1389 1169 1448 renovant
1183 1385 1214 1445 et

21 1459 22 1474 ¹
99 1481 135 1548 ad
150 1482 300 1574 proprios
309 1481 456 1552 arrbditua
472 1483 664 1554 extendunt.

138 1589 303 1658 Ceterum
326 1587 525 1660 definitionis
544 1591 783 1682 legitimitatem
805 1593 883 1664 satia
897 1617 938 1664 ex
960 1595 1054 1666 dictis
1075 1597 1109 1664 io
1133 1596 1213 1666 dua·

99 1697 154 1766 bus
188 1697 446 1790 praecedentibus
487 1702 761 1794 propositionibus
798 1703 950 1795 colligere
980 1705 1118 1798 quiaque
1155 1729 1213 1798 po·

100 1805 178 1874 terit.

21 1923 22 1928 ’
138 1915 323 1988 Proroarrro
342 1923 373 1986 3.
389 1920 505 1989 *lua
532 1921 724 1991 mannicum
753 1933 850 2014 prout
878 1924 1015 1994 scientia
1040 1934 1103 2012 est,
1129 1935 1214 1996 recte

21 2087 22 2096 t
100 2024 227 2092 definiri
248 2033 352 2116 potest
372 2027 405 2094 in
426 2027 535 2095 stricto
555 2051 672 2098 sensu:
695 2029 830 2098 scientia
850 2032 961 2123 layum
984 2031 1214 2102 ecclesiastica·

21 2121 22 2124 *
100 2156 169 2202 mm
198 2134 396 2204 anctoritate
424 2139 526 2227 Papae
549 2139 787 2228 pinnatarum·
817 2139 924 2210 latiori
953 2149 1064 2210 autem
1096 2163 1210 2212 sensu:

21 2259 22 2324 j
98 2242 228 2310 scientia
243 2242 352 2333 lepum
367 2242 654 2315 ecclesiasticorum
665 2247 826 2318 omnium.
843 2285 887 2300 -·-
897 2248 1001 2339 Cujus
1016 2247 1215 2318 definitionis

100 2371 210 2416 sensns
223 2358 255 2419 et
266 2348 459 2438 legitimitaa
472 2349 551 2420 item
565 2360 651 2443 patet
665 2375 706 2424 ex
723 2353 988 2445 praecedentibus.

557 2741 699 2814 CAPUT
727 2743 768 2812 ll.

294 2979 375 3026 mnus
397 2977 535 3026 canonici
560 2940 671 3028 nivislo
694 2981 726 3026 IN
749 2981 861 3026 vanus
883 2979 1011 3026 SPECIES.

145 3228 174 3290 1.
192 3223 358 3292 Diuiditur
380 3225 414 3292 in
434 3225 592 3316 scriptum
611 3233 642 3292 et
660 3247 725 3292 non
744 3225 924 3316 scriptum:
940 3225 995 3315 jus
1016 3233 1125 3294 autern
1147 3249 1213 3294 non

21 3395 22 3410 ἶ
102 3331 255 3424 scripturn
287 3331 442 3402 dicuntur
471 3331 658 3400 traditiones
686 3341 718 3401 et
747 3331 996 3402 consuetudines
1034 3333 1101 3401 vim
1132 3333 1212 3424 legis

98 3435 257 3508 habentes.

140 3549 171 3614 2.
189 3548 226 3614 ln
250 3569 425 3618 commune
440 3557 472 3617 et
487 3547 691 3640 particulare.
720 3549 903 3616 Commune
915 3548 1034 3618 dicitur
1047 3547 1136 3642 quod
1151 3573 1211 3642 pro

100 3656 249 3726 universa
275 3655 417 3725 Ecclesia
438 3656 542 3724 latum
569 3663 628 3742 eat,
656 3655 799 3748 adeoque
829 3679 887 3748 per
910 3679 944 3724 se
963 3679 1077 3726 omnes
1100 3657 1210 3727 fideles

100 3765 237 3856 obligat:
253 3763 490 3835 accidentaliter
502 3773 626 3851 tamen,
642 3787 760 3855 nempe
772 3763 940 3833 accedente
954 3764 1102 3854 legitimo
1117 3766 1210 3835 titulo

100 3871 363 3965 dispensationis,
397 3874 560 3967 privilegii
594 3881 650 3944 aut
684 3872 928 3942 consuetudinis
961 3874 1132 3944 contrariae
1161 3874 1209 3943 le-

101 3982 207 4068 gitime
226 3983 434 4075 praescriptae,
456 3991 592 4074 possunt
613 3982 714 4073 aliqui
733 3981 775 4049 ab
797 3981 994 4071 obligatione
1010 3981 1095 4074 juris
1115 4005 1210 4051 com-

104 4091 205 4157 munis
232 4089 352 4176 eximi3
378 4089 466 4182 quod
487 4091 515 4157 si
534 4090 684 4173 eveniat,
705 4111 770 4157 non
793 4088 866 4157 ideo
888 4098 997 4156 tamen
1018 4090 1138 4159 amittit
1155 4091 1211 4182 jus

103 4195 174 4265 illud
202 4199 358 4268 rationem
384 4207 416 4267 et
440 4196 739 4266 denominationem
763 4195 848 4287 juris
873 4196 1070 4266 communis.
1097 4200 1211 4266 Porti-

1032 4309 1051 4370 5
