3022 4950
526 507 607 556 Juars
634 509 785 558 canonici.
1174 489 1210 554 31

27 693 28 702 κ
104 648 295 741 llujusmodi
318 659 394 720 sunt
413 674 487 744 qna
511 673 553 720 ex
575 660 662 721 certo
681 653 866 723 testimonio
888 675 967 721 vera
988 673 1058 721 esse
1078 661 1216 739 constat,

104 769 134 827 et
158 781 231 852 quae
256 781 298 828 ex
323 759 396 828 aliis
423 761 599 830 intrinsece
627 760 802 853 perspectis
830 769 918 830 certo
947 761 1115 831 ratiocinio
1140 784 1218 830 cou-

27 853 28 862 '
105 866 258 938 cludenda
283 871 431 941 venium,
455 871 616 940 lnsanirct
637 891 771 962 prorsus
793 870 852 963 qui
874 877 1020 960 negaret,
1041 893 1159 962 aquam
1182 871 1217 938 in

108 999 254 1066 vaporem
276 978 439 1048 redactam
463 1001 556 1070 posse
576 999 695 1046 currus
715 986 747 1048 et
774 1001 874 1046 naves
898 978 1029 1047 deloco
1052 977 1087 1044 in
1109 977 1218 1046 locum

27 1089 29 1148 ss
109 1083 244 1172 trabere,
273 1109 316 1154 ex
351 1111 390 1156 eo
418 1085 508 1178 quod
538 1087 607 1178 ipse
639 1107 706 1154 non
738 1084 935 1175 intelligeret
965 1106 1030 1176 quo
1055 1083 1090 1152 id
1121 1087 1219 1154 modo

109 1195 211 1282 peragi
235 1195 351 1265 valeat.
381 1195 511 1264 Sufficit
541 1195 628 1264 enim
652 1203 689 1263 ut
715 1194 784 1286 ipse
806 1194 908 1264 oculis
929 1193 997 1262 suia
1024 1193 1133 1262 videat
1158 1194 1220 1262 hoc

27 1391 28 1404 ,
108 1300 254 1371 vehiculo
269 1325 387 1372 navem
403 1303 540 1395 impelli,
555 1309 612 1372 aut
631 1301 718 1370 idem
739 1302 770 1370 ci
789 1301 938 1372 homiues
959 1300 1024 1370 lide
1043 1299 1136 1392 digni
1151 1311 1222 1369 tes-

108 1415 222 1478 tcnmr.

145 1527 226 1596 ltem
252 1535 287 1596 ut
316 1529 501 1600 adhaesione
529 1529 672 1598 naturali
703 1527 840 1596 debeant
868 1528 1017 1596 homines
1046 1527 1220 1601 admittere

107 1634 207 1703 Deum
227 1657 297 1704 esse
320 1636 445 1705 trinum
465 1637 627 1729 personis,
647 1636 723 1704 licet
742 1635 843 1727 hujus
863 1635 1026 1726 dogmatis
1049 1636 1219 1705 veritatem

106 1743 311 1813 intrinsecam
330 1767 395 1814 non
414 1745 605 1838 percipiant,
628 1745 746 1814 sufficit
769 1767 883 1814 verum
904 1744 1035 1836 probari
1051 1744 1221 1812 Christum

106 1853 276 1940 exstitisse,
292 1864 324 1922 et
338 1855 371 1921 in
386 1855 525 1944 gratiam
539 1855 694 1924 doctrine
708 1877 776 1924 sum
796 1852 1048 1946 comprobandas
1064 1855 1221 1923 miracula

108 1967 260 2050 patrasse,
277 1961 398 2030 atinde
414 1984 527 2030 veram
544 1963 762 2032 demonstrari
778 1963 880 2054 ipsius
900 1961 1095 2051 doctrinam,
1113 1971 1145 2030 et
1160 1963 1219 2031 tri-

109 2069 236 2137 nitatem
253 2092 321 2138 esse
335 2092 440 2138 unum
453 2093 496 2138 cx
508 2069 717 2160 dogmatibus
732 2070 773 2140 ab
788 2071 859 2162 ipso
874 2069 1010 2139 traditis.

148 2187 235 2275 Ergo
257 2188 503 2279 impugnandus
524 2188 656 2281 quidem
673 2187 935 2274 rationalismusp
951 2195 983 2254 at
998 2209 1064 2255 nou
1081 2187 1224 2256 inomni

27 2361 28 2372 ,
108 2317 213 2382 sensu,
236 2319 301 2388 quo
322 2319 398 2366 eum
412 2297 608 2389 impugnant
623 2296 756 2390 quidam
773 2295 1041 2364 traditionalistae.
1060 2295 1126 2364 Nos
1141 2319 1220 2365 vero

108 2404 155 2471 bic
170 2405 314 2472 vicissim
336 2427 402 2474 non
429 2406 607 2498 quemlibet
629 2403 948 2473 traditionalismum
972 2404 1220 2495 impugnamus,

109 2511 161 2580 sed
176 2520 303 2582 tantum
316 2537 354 2582 eo
368 2535 464 2583 sensu
478 2537 576 2606 quem
591 2513 835 2605 descripsimus.

615 2871 714 2966 am.

161 3117 196 3169 Da
206 3117 273 3184 juris
284 3119 409 3170 naturalis
423 3118 539 3182 materis,
553 3089 772 3182 immutabilitate,
783 3123 809 3170 et
822 3117 907 3170 varios
920 3123 992 3171 actua
1006 3117 1125 3172 irritandi
1140 3118 1174 3170 vi.

155 3354 180 3421 l.
210 3355 306 3424 Circa
331 3355 498 3424 materiam
515 3352 606 3446 'juris
628 3357 785 3430 naturalis
809 3355 912 3447 aliqui
934 3354 1116 3426 docuerunt
1134 3357 1224 3424 illam

114 3483 175 3528 uon
191 3462 323 3532 extendi
338 3462 424 3531 ultra
439 3463 600 3554 principia
614 3463 802 3532 immediate
820 3465 942 3554 absque
963 3463 1113 3532 discursu
1134 3472 1223 3552 nota,

113 3569 219 3659 qualia
237 3577 314 3637 aunt
336 3569 387 3637 bis
410 3591 509 3639 sacrae
531 3570 709 3661 Scripturas
732 3570 841 3641 verbis
864 3593 1029 3662 expressa,
1055 3571 1182 3641 declino
1206 3595 1227 3639 u

114 3677 201 3744 malo
227 3689 257 3745 ct
283 3678 339 3768 sac
361 3676 490 3745 bonum.
515 3715 560 3730 -
589 3676 686 3760 Quod
714 3678 774 3746 titi
801 3702 868 3748 ooo
891 3678 938 3746 cis
957 3679 1045 3770 fieri,
1068 3680 1167 3748 alteri
1189 3703 1228 3748 oe

110 3784 232 3872 fecem.

156 3899 219 3971 Sed
236 3903 420 3972 communis
434 3903 591 3972 sententia
604 3924 678 3971 cum
695 3901 848 3971 Suarezio
865 3912 953 3971 tenet
968 3903 1068 3970 etiam
1087 3925 1139 3971 eas
1158 3925 1231 3975 mo-

113 4011 196 4079 rales
223 4011 366 4101 regulas,
391 4035 465 4104 qum
495 4033 553 4104 per
576 4011 761 4080 discursum
784 4035 825 4080 ex
850 4013 1017 4104 principiis
1045 4012 1230 4083 immediate

114 4122 273 4213 perceptis
291 4120 509 4209 deducuntur,
528 4145 597 4190 esse
608 4123 692 4212 juris
704 4123 862 4190 naturalis
878 4123 1057 4190 materiam.
1077 4123 1230 4192 Rationes

115 4230 233 4320 quibus
264 4229 333 4298 haec
355 4230 516 4298 sententis
541 4230 648 4299 fnlciri
672 4230 765 4318 solet,
797 4236 828 4298 et
855 4231 1011 4322 oppositae
1036 4233 1231 4321 opinationis
