3048 4954
537 511 618 558 snnrs
641 511 790 558 cruourcr.
1115 515 1120 522 ·
1177 491 1216 556 73

105 651 170 720 boc
184 675 261 721 casu
285 653 528 745 praeferendum
553 677 621 722 esse
635 653 855 739 canonistam3
879 660 1055 746 nutantque
1070 653 1218 722 canonis-

1 815 2 828 ,
104 769 175 828 tam
188 760 249 829 hoc
262 761 333 853 ipso
346 759 434 854 quod
448 761 615 831 canonista
627 761 680 848 sit,
704 783 833 854 semper
846 760 965 829 hebere
980 767 1217 853 competentem

102 866 273 936 scientiam
290 867 482 959 theologiam
509 868 641 938 seientia
664 877 774 937 autem
800 875 985 960 competens
1004 867 1160 936 toleretur
1183 867 1217 934 in

1 1063 2 1078 χ
102 975 253 1065 praelato,
270 975 346 1044 licet
360 977 509 1046 eminens
517 985 689 1070 exoptetur
708 1003 715 1043 :
731 983 869 1045 econtra
884 998 963 1045 vero
975 997 1078 1067 purus
1093 975 1218 1044 theolo-

103 1105 169 1173 gus
194 1084 319 1152 nullam
341 1107 475 1176 prorsus
499 1087 632 1156 haberet
657 1084 808 1155 notitiam
831 1083 1007 1154 ventilandi
1021 1085 1217 1178 judicialiter

71 1246 85 1266 .
105 1213 218 1265 canses
231 1192 471 1283 ecclesiastices,
489 1204 545 1265 aut
560 1194 753 1288 procedendi
765 1204 877 1264 contre
892 1195 1071 1264 hereticos.

527 1594 687 1674 SECTlO
724 1595 790 1674 lll.

432 1821 478 1878 llll
508 1822 610 1878 lllllE
640 1822 888 1880 astrictuo,

145 2063 367 2131 llcterminata
382 2069 467 2132 recta
481 2063 610 2132 notione
625 2063 709 2156 juris
724 2063 882 2150 canonici,
900 2085 966 2132 non
982 2063 1093 2133 nunus
1106 2086 1214 2155 operas

100 2170 245 2263 pretium
260 2177 320 2254 est,
335 2171 421 2239 bisce
436 2171 621 2263 praesertim
637 2171 852 2262 temporibus,
867 2177 1014 2240 accurate
1030 2169 1214 2240 discernere

100 2283 182 2374 quid
203 2306 272 2352 esse
292 2285 392 2374 possit
410 2283 465 2376 jus
485 2283 734 2353 ecclesiasticum
756 2283 930 2368 nationale,
948 2283 1058 2367 idest,
1075 2281 1216 2350 ecclesiis

99 2391 241 2482 alicujus
257 2391 362 2480 gentis
378 2391 561 2483 proprium.
579 2389 1012 2460 Tituloenimnationalinm
1023 2388 1214 2481 hujusmodi
1313 2471 1316 2478 1

96 2498 238 2585 jurium,
252 2499 333 2568 dum
348 2499 483 2568 omnino
496 2499 560 2567 alia
573 2523 610 2567 ac
624 2521 737 2568 revera
751 2499 786 2565 in
800 2521 834 2566 se
850 2506 927 2565 sunt
935 2497 1212 2590 supponebantur,

101 2629 168 2673 non
179 2629 281 2697 pauca
294 2607 427 2676 luerunt
436 2607 548 2676 multis
561 2609 596 2676 in
605 2608 684 2678 locis
696 2617 817 2676 temere
831 2614 996 2694 attentata,
1008 2629 1082 2698 qnae
1095 2614 1214 2674 sanctes

101 2714 259 2783 Romanae
287 2715 436 2784 Ecclesiae
458 2717 607 2786 omnium
630 2717 839 2786 ecclesiarum
864 2715 979 2784 metris
1000 2724 1033 2784 et
1049 2715 1213 2804 magistrae

1 2902 2 2911 ἵ
99 2821 323 2891 auctoritatem
344 2823 580 2909 labefactando,
609 2835 641 2892 et
663 2825 748 2894 viam
772 2826 938 2894 schismati
965 2835 1162 2912 straverunt,
1182 2834 1215 2896 et

99 2953 215 2999 ansam
241 2931 454 3023 praebuerunt
482 2933 694 3002 sacularibus
723 2935 935 3026 potestatibus
961 2934 1037 3026 jura
1060 2936 1212 3004 Ecclesiae

101 3043 280 3110 certissime
293 3040 514 3129 conculcandi,
530 3039 796 3134 salutiferumque
808 3042 878 3134 ejus
887 3043 1045 3111 actionem
1060 3042 1213 3133 plurimis

102 3150 323 3242 praepediendi
339 3151 490 3220 vinculis.

144 3259 182 3325 ln
197 3258 302 3327 Gallia
316 3269 426 3327 autem
443 3259 629 3350 praesertim
645 3258 726 3327 falsa
740 3259 931 3352 hujusmodi
949 3268 1045 3350 atque
1064 3257 1213 3349 pestilera

101 3365 185 3434 circa
208 3367 263 3458 jus
287 3367 479 3436 canonicum
509 3367 670 3438 nationale
699 3367 809 3460 opinio
836 3375 931 3458 atque
954 3359 1126 3459 ‘persuasio
1151 3365 1211 3434 diu

100 3473 250 3562 invaluit,
271 3483 302 3542 et
324 3474 602 3543 notumomnibus
622 3482 680 3542 est.
707 3473 815 3556 Quam
833 3475 875 3542 cb
890 3495 1033 3559 causam,
1050 3472 1124 3542 licet
1145 3495 1210 3541 non

99 3603 158 3670 pro
181 3581 287 3650 Gallia
310 3591 436 3650 tantum
463 3589 588 3651 nostras
611 3581 669 3651 has
694 3581 915 3650 lnstitutiones
933 3563 1126 3667 scribamus,
1148 3581 1210 3672 ipsi

97 3698 208 3756 tamen
230 3689 411 3780 specialiter
435 3687 627 3783 applicanda
645 3689 803 3758 duximus
828 3712 917 3780 quae,
943 3689 983 3757 de
1006 3687 1080 3780 jure
1104 3687 1209 3756 eccle-

98 3797 226 3866 siastico
249 3797 345 3867 euicui
373 3799 497 3868 nationi
527 3799 672 3890 proprio,
701 3821 787 3868 nunc
813 3797 1000 3868 disserenda
1021 3805 1206 3865 occurrunt.

99 3904 177 3983 Qum
192 3914 304 3974 autem
315 3905 355 3975 de
367 3906 489 3975 Gallica
502 3917 596 3996 gente
612 3905 808 3993 dixerimus,
823 3907 914 3976 facile
925 3907 1099 4000 perspiciet
1110 3908 1209 3975 lector

99 4012 180 4079 etde
198 4013 270 4080 aliis
285 4013 486 4104 regionibus,
509 4013 678 4108 inquibus
693 4015 815 4088 similia
837 4016 1054 4109 reperiuntur,
1072 4037 1139 4082 esse
1156 4015 1209 4083 in-

99 4117 279 4212 telligends.
