3072 4948
646 501 821 549 nicrinus
845 503 882 547 DE
905 497 1057 548 intuereris

570 971 770 1026 Consuetudtnis
783 972 810 1023 tn
824 971 908 1024 vertes
920 972 1021 1038 speeies
1031 971 1132 1024 divisio.

344 1189 375 1253 1·
400 1182 566 1253 Dividitur
588 1185 623 1252 in
644 1184 910 1256 consuetudinem
932 1181 1113 1253 seeundum
1125 1183 1193 1275 jus,
1209 1189 1331 1274 praeter
1342 1180 1410 1274 jus,

296 1303 329 1364 et
355 1302 467 1363 eontra
485 1291 552 1382 jus.
581 1292 788 1362 Consuetudo
812 1291 990 1362 tenendum
1008 1293 1081 1384 jus,
1105 1289 1137 1357 id
1160 1298 1209 1358 est
1230 1288 1411 1358 seeundum

295 1405 413 1494 legem,
442 1409 490 1470 est
513 1399 569 1469 ills
591 1423 679 1493 quae,
703 1402 808 1491 legem
828 1401 1089 1493 praeexistentem
1105 1419 1305 1491 supponens,
1322 1395 1411 1464 illum

298 1514 351 1582 vel
384 1511 513 1580 deducit
543 1512 578 1580 in
606 1536 720 1600 usum,
751 1514 803 1583 vet
833 1515 860 1581 si
891 1512 1046 1602 ambigna
1076 1511 1135 1596 sit,
1165 1510 1409 1600 interpretatur.

297 1619 392 1690 Unde
416 1621 485 1688 haee
508 1619 562 1710 jus
588 1644 710 1692 novum
737 1644 802 1690 uon
830 1619 1007 1708 constituit,
1036 1619 1092 1688 sed
1118 1625 1173 1687 aut
1197 1617 1336 1686 dubium
1361 1616 1413 1682 in-

298 1735 504 1821 terpretatur,
529 1737 585 1798 unt
605 1733 776 1801 confirmet
794 1739 826 1800 et
841 1729 986 1821 adjuvet,
1007 1727 1087 1798 illud
1105 1729 1139 1796 in
1162 1726 1293 1819 praxim
1308 1723 1413 1793 dedu·

298 1834 412 1905 oendo.

342 1944 552 2014 Consuetudo
571 1957 693 2036 preter
711 1945 784 2036 jus,
813 1967 869 2013 seu
894 1951 1014 2036 proeter
1036 1944 1154 2034 legem,
1179 1963 1254 2034 quae
1276 1949 1309 2008 et
1328 1939 1414 2032 juris

299 2051 505 2121 constitutiva
528 2049 659 2134 dieitur,
682 2058 730 2118 est
754 2049 809 2118 iila
826 2073 901 2141 quse
918 2050 974 2118 ubi
990 2048 1043 2118 lex
1059 2048 1180 2135 deficit,
1204 2048 1313 2134 idest,
1332 2046 1414 2115 nihil

299 2159 409 2228 statuit
430 2181 488 2226 nee
507 2157 670 2249 prohibet,
693 2157 790 2247 erigit
802 2159 835 2225 in
850 2157 956 2247 legem
972 2157 1114 2249 aliquem
1127 2155 1247 2246 egendi
1263 2154 1410 2224 modum.

247 2254 249 2266 ¹
298 2265 506 2335 Consuetudo
527 2278 640 2333 eontra
656 2267 718 2357 jus
739 2289 797 2334 sen
816 2275 927 2333 eontra
940 2265 1059 2355 legem,
1076 2288 1150 2356 qum
1166 2272 1301 2332 vocetur
1315 2264 1414 2331 etiam

297 2373 490 2442 cousuetudo
517 2372 581 2463 lepi
604 2373 771 2441 contrario
798 2395 854 2440 seu
883 2372 961 2463 lepis
985 2371 1172 2458 desuetudo,
1199 2380 1248 2439 est
1270 2371 1327 2439 illu
1349 2393 1414 2463 qne

297 2481 352 2549 lex
365 2481 495 2570 scripte,
514 2481 565 2548 vel
580 2503 641 2549 usu
658 2501 827 2570 nunquam
843 2481 1011 2572 recipitur,
1029 2480 1081 2551 vel
1091 2479 1160 2570 jem
1175 2489 1302 2571 receptu
1316 2479 1415 2548 abro-

300 2598 408 2677 gutur.

345 2699 380 2762 2ο
404 2693 570 2763 Dividitur
594 2696 627 2763 in
652 2697 844 2765 eanonicam
866 2706 898 2765 et
918 2697 1056 2778 duilon,
1080 2703 1178 2788 prout
1191 2704 1281 2763 sotus
1295 2695 1416 2786 quibus

301 2801 461 2872 conflatur
477 2811 648 2872 versantur
663 2805 697 2871 in
714 2805 851 2873 muteris
865 2805 953 2874 civili
967 2805 1020 2873 vel
1035 2805 1202 2872 canoniea.

348 2915 380 2977 3ο
397 2910 562 2980 Dividitur
577 2911 611 2978 in
624 2911 917 3002 qenerole'ssimam,
936 2935 1010 3005 quae
1027 2913 1060 2979 in
1075 2913 1228 2982 universo
1239 2910 1416 2979 christiano

302 3018 380 3086 orbe
401 3017 544 3098 obtinet;
568 3021 763 3109 penerolom,
787 3043 861 3113 quae
877 3020 911 3089 in
927 3029 993 3090 totu
1007 3020 1115 3111 eliqua
1131 3019 1319 3110 provinciu3
1344 3042 1416 3110 spe·

301 3127 429 3208 οὲαἱθνη,
453 3149 527 3216 quse
549 3125 583 3193 in
604 3126 714 3218 aliqua
732 3136 859 3196 tuntum
876 3129 967 3214 urbe,
984 3127 1036 3197 vel
1051 3149 1154 3218 pngo3
1180 3135 1212 3194 et
1223 3127 1417 3217 specialissi-

303 3255 405 3315 mam,
434 3255 508 3324 quae
538 3233 571 3300 in
595 3235 744 3302 societate
765 3235 965 3326 imperfecte,
990 3235 1082 3304 verbi
1106 3234 1226 3324 gretia,
1252 3233 1287 3300 in
1309 3233 1417 3326 ulique

302 3341 426 3410 familia
441 3342 539 3430 viget.
567 3340 612 3408 De
635 3341 694 3408 hec
719 3341 847 3430 ultime,
864 3350 974 3433 utpote
989 3364 1064 3434 quae
1078 3349 1154 3432 epte
1169 3363 1236 3409 non
1250 3351 1297 3409 est
1310 3341 1353 3409 od
1365 3341 1417 3431 jus

302 3448 519 3534 efficiendum,
540 3470 606 3517 non
620 3457 712 3518 curet
725 3449 996 3541 Jurisprudentin.

350 3562 383 3624 4⁰
398 3556 563 3637 Dividitur
583 3557 617 3624 in
634 3555 844 3649 judicialem,
864 3580 981 3649 nempe
994 3581 1069 3650 qum
1086 3557 1237 3648 pluribus
1250 3559 1416 3628 sententiis

304 3664 525 3734 conformibus
546 3687 643 3756 super
665 3665 778 3734 eodem
803 3689 974 3735 causarum
995 3687 1113 3757 genere
1129 3665 1263 3757 prolatis
1276 3665 1418 3736 obtinuit

306 3777 342 3844 in
361 3775 499 3866 judioio;
518 3784 550 3843 et
565 3776 882 3867 extra-judicialem,
899 3801 973 3869 quse
992 3780 1091 3868 longo
1111 3800 1175 3846 usu
1198 3777 1310 3869 populi
1326 3788 1417 3847 extro

304 3884 463 3976 judicium
489 3883 665 3954 inducitur.
698 3887 809 3976 Magni
835 3889 989 3956 momenti
1014 3898 1062 3956 est
1087 3887 1128 3955 ad
1151 3887 1207 3978 jus
1231 3886 1416 3956 discernen-

306 3993 386 4060 dum
408 3993 608 4062 consuetudo
627 3992 810 4084 judicialis.
837 3995 918 4064 Nam
938 3996 1070 4087 quanm
1085 3996 1135 4066 bis
1149 3994 1191 4064 nd
1206 3995 1317 4064 minus
1332 3997 1417 4087 pori-

307 4099 456 4168 formiter
486 4101 571 4168 intra
603 4100 795 4172 decennium
824 4103 910 4170 eires
940 4121 1053 4171 sensns
1083 4102 1205 4172 similes
1234 4103 1268 4169 in
1295 4101 1416 4192 judicio

308 4206 554 4282 contradictario
579 4207 761 4300 iudicatum
785 4219 851 4298 est,
879 4221 1028 4280 censetur
1055 4210 1192 4280 conflate
1219 4209 1416 4280 cousuetudo
