3072 4948
554 490 636 538 runis
657 489 807 538 cisonio.
1174 471 1234 536 367

122 625 245 696 accedit
273 653 290 698 e
320 635 430 698 contre
458 635 488 696 et
517 638 741 720 permanenter
773 630 964 699 adversatur
990 628 1173 714 dissensus3
1206 639 1237 696 et

122 736 177 806 ille
199 736 363 808 dissensus
386 761 452 806 non
475 746 578 830 potest
601 761 669 808 esse
688 739 805 808 certior
825 747 857 808 et
876 740 1074 830 expressior,
1092 761 1165 808 cum
1180 761 1238 832 per

121 843 211 934 leges
243 846 470 916 ecclesiasticos
504 856 660 938 perpetuo
688 855 720 916 et
755 847 942 916 solemniter
976 847 1179 941 exprimatur
1207 857 1238 917 et

122 948 326 1042 divulgetur.

171 1087 188 1124 a
210 1061 254 1130 Ut
271 1061 421 1152 proinde,
452 1061 497 1132 eit
517 1061 727 1132 Reiffenstuel
756 1062 837 1152 (loco
855 1063 978 1154 citato),
996 1063 1038 1132 ob
1050 1085 1238 1156 expressum

125 1194 142 1232 a
165 1168 455 1238 contradictionem
470 1169 631 1262 Principis
650 1191 708 1238 seu
724 1169 836 1261 Papae,
853 1177 1025 1261 uotumque
1038 1171 1236 1240 contrerium

126 1303 143 1340 s
166 1275 273 1369 ipsius
290 1276 384 1345 toties
406 1284 609 1362 renovatum,
629 1292 798 1368 nunquam
822 1277 1020 1346 intervenire
1035 1277 1135 1369 possit
1149 1277 1238 1368 lega·

126 1411 144 1448 o
167 1385 209 1452 lis
234 1384 378 1476 ejusdem
405 1407 591 1464 consensus,
616 1406 653 1453 ec
672 1391 802 1476 tempus
824 1384 865 1452 ud
886 1383 1162 1477 praescribendam
1176 1385 1237 1454 rite

127 1519 143 1556 c
166 1492 263 1560 talem
287 1491 553 1562 consuetudinem
574 1490 614 1560 de
634 1491 710 1582 jure
726 1492 931 1583 requisitum.
957 1519 973 1556 n
993 1490 1086 1560 Adde
1102 1514 1230 1561 consue·

123 1600 255 1670 tudines
273 1610 383 1669 contra
402 1601 582 1670 libertatern
603 1599 850 1670 ecclesiasticam
865 1601 1037 1670 essebono
1055 1601 1236 1669 animarum

123 1729 160 1776 sc
179 1709 315 1800 proinde
337 1708 563 1778 communitati
589 1707 716 1793 noxias,
740 1714 772 1776 et
787 1729 925 1777 nervum
939 1708 1118 1799 disciplinae
1134 1708 1239 1778 eccle-

123 1815 261 1884 siastico
287 1836 346 1906 per
368 1816 456 1905 ipses
484 1813 577 1884 valde
599 1813 732 1884 dissolvi
760 1837 873 1907 posse;
898 1815 985 1884 unde
1009 1816 1104 1884 etiam
1124 1839 1164 1884 ex
1180 1814 1239 1885 bec

124 1933 214 2013 parte
230 1916 466 1990 irrationabiles
480 1921 649 1990 censendae
665 1931 752 1990 sunt.

169 2030 354 2098 Notandum
381 2040 487 2098 tumen
507 2029 586 2098 tales
607 2029 857 2101 consuetudines
884 2032 911 2098 si
936 2032 1117 2100 niterentur
1136 2033 1239 2123 privi-

124 2139 209 2228 legio
237 2145 355 2206 sanctae
376 2136 482 2222 Sedis,
509 2147 566 2206 aut
585 2139 697 2206 saltem
720 2137 746 2205 si
767 2149 873 2208 essent
895 2139 1144 2208 immemorieles
1164 2162 1239 2210 cum

124 2245 211 2312 larua
232 2245 306 2313 telis
328 2243 505 2336 privilegii,
526 2244 594 2336 jam
616 2267 682 2313 non
704 2247 879 2314 censendas
904 2246 972 2314 lore
988 2247 1235 2316 irrationabiles.

125 2351 190 2422 Sed
216 2351 276 2420 hoc
300 2351 371 2441 ipso
392 2351 478 2442 quod
504 2351 685 2420 niterentur
709 2351 810 2420 libera
830 2353 951 2420 summi
973 2350 1138 2421 Pontificio
1159 2374 1239 2422 con-

124 2461 278 2548 cessione,
307 2483 371 2528 non
391 2469 496 2528 assent
518 2461 647 2552 proprie
669 2469 779 2528 contra
800 2459 986 2530 libertatem·
999 2468 1031 2526 et
1051 2458 1239 2530 immunita-

125 2577 190 2636 tem
212 2567 470 2636 ecclesisstiram.
496 2567 702 2658 Caeteroqmn
728 2574 833 2657 potest
854 2589 1003 2635 summus
1018 2566 1168 2636 Pontifex
1182 2589 1240 2660 per

126 2676 264 2768 speciale
284 2674 495 2768 privilegium
521 2684 553 2744 et
571 2675 691 2767 justam
716 2676 757 2744 ob
771 2698 901 2746 causam
918 2676 1016 2745 alicui
1030 2676 1242 2769 principi-aut

127 2786 252 2854 senatui
278 2784 453 2854 concedere
475 2783 564 2876 quud
590 2783 699 2877 aliqua
717 2806 759 2852 ex
781 2793 871 2876 purte
895 2783 1030 2874 derogat
1050 2783 1189 2854 libertati
1207 2794 1240 2855 et

126 2894 324 2964 immunitati
339 2894 572 2962 ecclesiastice.
595 2893 649 2964 Sic
664 2894 697 2962 in
712 2893 856 2963 Concilio
872 2893 1014 2982 generali
1027 2892 1241 2983 Lugdunensi

127 3003 306 3092 Gregorius
326 3001 358 3068 X
383 3001 515 3091 regibus
538 3001 655 3070 tribuit
674 3003 730 3091 jus
748 3001 894 3090 reguliae,
915 3001 948 3068 vi
969 2999 1061 3090 cujus
1079 3000 1130 3068 rel
1148 3001 1241 3070 titulo

126 3112 339 3197 fundationis,
360 3111 411 3179 vel
426 3133 466 3178 ex
488 3111 622 3201 antiqua
638 3111 871 3180 consuetudine
891 3109 1101 3178 vindicarunt
1116 3110 1178 3178 sibi
1188 3109 1241 3200 jus

128 3219 308 3312 usurpandi
337 3218 423 3287 bona
458 3240 515 3286 seu
544 3217 667 3286 reditus
695 3217 916 3302 ecclesiarum,
957 3217 1238 3301 monasteriorum,

127 3331 330 3420 aliorumque
350 3327 478 3421 piorum
500 3326 658 3413 locorum,
678 3335 822 3418 tempore
835 3325 1011 3394 vacationis
1026 3324 1143 3394 borum
1159 3347 1241 3417 pro-

127 3436 299 3504 venientia.
328 3434 523 3526 Hujusmodi
549 3433 792 3502 concessionum
813 3431 963 3522 exemplu
982 3431 1078 3498 etism
1094 3434 1242 3521 prebent

128 3545 223 3636 plura
237 3543 440 3614 concordate.

171 3655 352 3722 thorosum
369 3655 415 3719 8⁸.
433 3687 477 3704 -
495 3651 585 3740 Erpo
608 3647 845 3718 inatiouubitrs
866 3643 1021 3716 censendo
1043 3662 1089 3717 ert
1111 3671 1241 3720 cussus·

127 3761 207 3831 nido
229 3761 354 3830 Placeti
370 3759 463 3848 reqii.
485 3797 528 3810 -
549 3759 586 3824 ln
605 3779 644 3826 eo
663 3756 849 3826 consisteret
866 3755 922 3823 illa
942 3757 1142 3827 consuetudo
1154 3761 1241 3851 quod

127 3869 219 3938 nulls
233 3867 328 3936 Sedis
340 3865 534 3957 Apostolicee
551 3864 678 3932 decretu
692 3871 822 3954 possent
838 3862 871 3929 in
887 3861 997 3954 aliquo
1014 3885 1115 3954 regno
1131 3867 1243 3958 publi-

126 3979 195 4048 cari
215 3976 306 4044 etad
325 3973 548 4042 executionem
570 3970 700 4056 deduci,
718 3970 781 4038 nisi
797 3965 982 4038 fucultatem
997 3972 1244 4044 lecissetaaecu-

125 4087 205 4156 laris
227 4085 391 4176 Princeps.
416 4083 519 4150 Porro
544 4079 615 4148 talis
635 4077 834 4148 consuetudo
861 4087 893 4146 et
919 4089 1084 4170 rumperet
1104 4102 1243 4152 nervum

127 4191 346 4270 ecclesiastice
372 4188 565 4279 discipline,
594 4195 625 4254 et
652 4185 833 4279 perniciosa
861 4193 944 4254 emet
973 4186 1115 4256 ecclesiis
1144 4187 1242 4289 hujus
