3022 4950
486 461 569 508 sonte
590 461 741 508 certomci.
1154 443 1170 502 t

60 629 75 663 ι
98 609 210 694 utpote
225 601 387 695 objectum
400 603 546 694 justitiae,
563 603 633 696 ipse
650 601 775 693 justitia
798 603 965 694 antiquius
986 613 1044 672 est.
1068 605 1172 694 Igitur

59 734 74 772 ε
96 731 165 776 non
178 708 233 800 jus
246 709 415 801 ejustitie,
431 709 525 801 jussu
539 718 596 778 eut
605 709 707 802 justo,
724 708 781 778 ced
797 709 906 801 potius
915 709 1042 801 justitie
1055 719 1086 778 et
1097 711 1169 803 jus-

59 843 74 880 «
98 825 153 884 tus
168 817 287 909 ejure,
304 818 485 887 secundum
507 819 611 911 ipsius
631 818 727 886 etiam
742 819 962 908 grammatice
981 818 1069 910 leges
1084 817 1173 888 deri-

58 950 74 988 ι
97 932 206 993 vatur.
225 953 242 990 o
264 927 336 1017 (Jus
351 926 601 998 ecclesiasticum
617 927 821 1016 universum,
844 927 979 996 Dissert.
999 927 1172 1019 precemin-

54 1035 108 1124 lis,
125 1037 145 1128 ᾖ
160 1039 203 1125 l.)

87 1299 119 1349 ιι.
135 1309 287 1356 ouotmuct
299 1307 378 1352 emm
395 1309 486 1351 eom
502 1307 709 1348 miseconem
723 1282 820 1350 soem
836 1309 868 1349 ιτ
882 1308 934 1356 ouo
945 1308 995 1349 εοε
1005 1307 1085 1350 emec
1098 1309 1140 1349 mc

446 1404 499 1446 m
516 1404 600 1444 cocu
616 1403 773 1445 commuue.

100 1595 132 1660 ι·
148 1591 320 1684 Significat
333 1589 367 1660 id
389 1590 477 1684 quod
490 1589 617 1683 justum
632 1598 692 1677 est,
711 1613 769 1659 seu
789 1613 935 1683 equum,
960 1612 1018 1660 eeu
1037 1591 1171 1661 rationis

57 1701 211 1771 naturalis
222 1699 404 1787 dictamini,
420 1699 607 1792 divinaeque
621 1707 653 1768 et
665 1698 817 1769 humente
828 1699 892 1790 legi
905 1707 1167 1770 consentaneum.

57 1807 118 1896 Sic,
135 1809 228 1878 verbi
241 1809 357 1900 gretie,
371 1807 502 1894 dicitur,
520 1806 762 1877 abhorrendum
776 1807 818 1876 ab
833 1807 927 1878 omni
938 1807 1028 1900 quod
1040 1821 1085 1878 est
1096 1833 1169 1878 con-

58 1927 105 1984 tro
115 1919 196 2008 jus;
211 1917 245 1986 id
259 1924 319 2008 εει,
334 1924 448 1986 contre
462 1915 658 2008 equitatem.

97 2029 130 2092 2·
146 2025 315 2117 Accipiter
329 2047 389 2117 pro
403 2025 473 2116 ipse
486 2023 645 2093 sententie
660 2024 794 2116 judicis,
812 2034 848 2094 ut
861 2024 896 2092 in
911 2025 973 2094 hec
985 2025 1165 2094 locutione:

60 2138 195 2220 Quando
203 2139 265 2229 jus
279 2134 423 2205 reddidit
435 2146 571 2226 pretor,
589 2132 749 2202 siluerunt
771 2154 891 2202 omnes.
919 2133 990 2202 lmo
1008 2131 1085 2200 olim
1109 2155 1168 2224 pro

56 2245 120 2314 loco
135 2245 252 2338 ipsein
268 2267 333 2337 quo
346 2241 472 2336 judicia
485 2241 666 2332 agebantur
680 2250 875 2332 usurpatum
885 2250 943 2310 εει.

97 2353 129 2415 3⁰
151 2349 337 2439 Ueurpetur
359 2356 390 2415 ει
409 2369 470 2438 pro
490 2344 636 2434 legitime
656 2342 808 2412 facultate
828 2342 951 2435 aliquid
977 2343 1095 2434 egendi
1116 2345 1167 2414 vol

56 2456 236 2542 omittendi,
255 2463 312 2525 aut
335 2453 503 2544 obligandi
522 2452 661 2521 alterum
682 2449 722 2518 ad
737 2449 861 2542 aliquid
875 2449 1032 2536 dandum,
1047 2450 1165 2520 facien-

56 2561 129 2632 dum
145 2562 197 2633 vel
212 2561 439 2648 omittendum,
453 2569 490 2629 ut
502 2559 538 2627 in
551 2557 739 2651 hujusmodi
750 2557 967 2627 locutionibus
982 2560 1088 2626 :Sum
1103 2562 1169 2628 mei

51 2673 137 2761 jorio
144 2698 158 2756 ;
165 2675 227 2764 jus
241 2672 344 2740 lateo
357 2670 404 2740 ad
418 2668 645 2739 hereditatem
657 2692 670 2750 ,·
685 2667 786 2736 lieres
799 2665 939 2735 succedit
953 2666 989 2734 in
1002 2689 1098 2736 omne
1107 2668 1167 2759 jus

57 2781 199 2874 desimcti
209 2807 222 2864 ;
237 2804 332 2851 nemo
343 2782 422 2873 plus
435 2781 527 2873 juris
544 2779 721 2870 transferre
731 2789 840 2870 potest
855 2777 891 2844 in
910 2779 1053 2847 alterum
1066 2801 1167 2870 quom

57 2889 117 2979 ipse
130 2891 230 2960 habet
240 2915 254 2974 ‚·
269 2889 376 2959 utitur
383 2890 466 2980 jure
479 2910 550 2971 tuo,
566 2895 626 2956 ete.

96 3003 128 3065 ι’
144 2997 239 3089 Saepe
253 2995 340 3066 idem
352 3004 445 3066 sonet
457 3017 495 3064 ee
506 2993 779 3087 jumeprudentie,
795 2992 864 3060 sive
882 2992 1014 3066 scientie
1024 2993 1162 3085 jurium.

57 3105 119 3175 Hoc
132 3127 232 3174 semu
249 3103 369 3173 dicitur
384 3103 458 3196 quis
471 3102 600 3171 studere
617 3099 684 3192 juri
700 3099 799 3182 civili,
818 3099 872 3168 vel
886 3100 1053 3186 canonico,
1071 3099 1104 3168 id
1120 3113 1167 3170 εει

57 3214 192 3282 seientiae
204 3212 311 3281 civilis
324 3211 511 3281 canonicive
526 3211 621 3302 juris.

98 3325 128 3388 5·
153 3319 305 3391 Sumitur
334 3318 464 3388 tandem
491 3328 523 3387 et
548 3317 710 3410 praecipue
726 3315 810 3409 juris
833 3315 1028 3399 vccabulum
1053 3317 1165 3388 eodem

58 3449 148 3497 sensu
163 3452 201 3498 ec
213 3429 267 3497 lex
283 3451 339 3496 seu
354 3427 464 3518 legum
480 3426 673 3519 complexio.
684 3424 739 3494 Sic
748 3424 867 3492 dicitur
880 3445 998 3516 corpus
1006 3425 1098 3516 jocis
1113 3450 1168 3495 co-

58 3537 168 3618 nonici,
187 3537 221 3603 id
242 3547 302 3624 est,
319 3535 465 3604 collectio
484 3536 596 3624 legum
619 3533 924 3612 ecclesiasticarum
948 3555 1065 3624 colpos
1077 3535 1170 3627 juris

57 3643 162 3726 cicilie,
183 3644 219 3711 id
233 3653 293 3730 est,
306 3643 488 3736 complexio
504 3645 615 3732 legum
631 3642 794 3728 civilium5
807 3642 867 3733 jus
879 3642 1043 3724 naturale,
1060 3642 1095 3710 id
1108 3653 1167 3730 εει,

57 3751 232 3842 complexio
247 3751 359 3840 legum
382 3751 604 3837 naturalium3
623 3749 669 3818 sic
693 3749 790 3817 etiam
808 3749 928 3818 dicitur
942 3751 1093 3818 excusari
1107 3751 1170 3819 eli-

57 3882 146 3950 quem
162 3859 252 3952 quod
266 3859 467 3928 laboraverit
481 3859 672 3950 ipnorontio
678 3857 779 3949 juret,
799 3857 832 3924 id
844 3865 903 3944 εει,
921 3856 1009 3950 quod
1024 3859 1171 3929 nescive-

58 3968 93 4034 rit
105 3975 234 4035 exstere
248 3965 353 4056 legem
367 3989 466 4059 quem
481 3988 541 4034 sue
556 3964 676 4056 egendi
690 3964 815 4035 ratione
830 3965 975 4036 violavit.

93 4073 274 4166 Loquendo
296 4082 367 4142 tum
392 4073 526 4167 dejure
547 4073 581 4142 in
610 4095 743 4164 genere,
770 4082 841 4145 tum
864 4075 905 4144 de
929 4073 1068 4144 diversis
1089 4075 1174 4168 juris

59 4181 231 4273 speciebus,
252 4203 318 4249 non
345 4180 446 4250 elium
465 4203 563 4275 quem
587 4181 703 4250 ultimo
725 4182 796 4250 loco
811 4189 1027 4252 memoratum
1042 4203 1174 4254 sensum
