3022 4950
517 507 600 553 runis
624 502 775 553 canonici.
1165 483 1202 548 l'l

23 539 25 586 t

23 587 24 678 i
93 645 193 716 mum
223 669 298 716 cum
323 646 445 716 divinis
474 648 577 740 ipsius
600 647 835 734 voluntatibus,
863 641 1202 732 tum'essentialibus,

23 793 24 848 1
94 765 160 825 tum
178 755 438 825 accidentalibus.
465 756 568 826 Porro
591 756 773 826 voluntates
793 755 915 825 divinae
938 753 1124 822 essentiales
1148 775 1206 822 seu

23 849 24 930 l
94 864 276 933 necessarie
300 864 507 948 constituunt,
524 863 580 954 jus
604 863 751 932 naturale
775 886 833 932 seu
850 861 905 954 jus
929 862 1080 932 divinum
1095 884 1207 931 essen-

23 965 24 1044 }
93 971 164 1040 tiele
178 1002 185 1050 ;
201 981 233 1040 et
250 972 436 1042 voluntates
450 995 507 1040 seu
521 971 609 1063 leges
622 971 745 1041 divine
758 970 985 1058 accidentales,
1003 969 1206 1040 constituunt

23 1099 25 1158 t
90 1083 142 1173 jus
166 1081 316 1152 divinum
343 1081 546 1174 positivum;
577 1103 655 1173 ergo
683 1081 789 1174 posita
815 1081 973 1172 primaria
1005 1080 1205 1171 obligatione

95 1191 241 1262 tendendi
264 1192 306 1261 ad
330 1191 436 1260 Deum
460 1201 615 1283 tanquam
641 1191 741 1260 finem
766 1191 934 1276 ultimum,
961 1189 1083 1280 ligatur
1107 1188 1206 1258 homo

92 1300 240 1368 omnibns
262 1299 389 1390 legibus
406 1322 463 1368 seu
477 1299 731 1391 obligationibus
749 1307 819 1370 tum
837 1299 922 1391 juris
945 1297 1114 1385 naturalis,
1138 1305 1207 1367 tum

88 1405 168 1497 juris
180 1407 287 1477 divini
300 1406 443 1500 positivi.

131 1517 269 1608 Insuper
298 1515 371 1584 vult
394 1515 482 1585 Deus
507 1523 546 1585 ut
572 1515 736 1586 societates
763 1516 917 1585 hunianae
940 1516 1130 1584 auctoritate
1155 1537 1207 1584 re-

92 1633 222 1715 gantur,
240 1631 272 1692 et
286 1623 375 1713 leges
393 1623 489 1714 juste
510 1623 553 1693 ab
571 1625 763 1694 anctoritate
777 1623 923 1693 humana
936 1623 1010 1692 latae
1031 1624 1209 1694 observen-

93 1743 142 1802 tur
150 1760 160 1821 3
178 1755 259 1821 ergo
272 1731 395 1822 ligatur
417 1733 515 1801 etiam
531 1731 630 1803 homo
646 1732 720 1824 jure
735 1732 880 1802 humano
894 1740 964 1801 tum
980 1731 1205 1822 ecclesiastico,

94 1853 157 1912 tum
173 1843 275 1912 civili.

130 1953 172 2022 Et
192 1953 239 2020 sic
261 1952 457 2022 solidissime
484 1953 642 2022 landatur
667 1975 764 2022 omne
786 1953 841 2046 jus
865 1954 934 2023 sive
955 1953 1116 2042 naturale,
1138 1953 1208 2022 sive

91 2059 239 2128 divinum
254 2060 445 2152 positivum,
468 2061 536 2130 sive
551 2060 735 2130 humanam
750 2061 1013 2148 ecclesiasticum,
1035 2060 1104 2132 sive
1119 2059 1208 2152 quod

91 2169 207 2238 dieitur
220 2169 275 2261 jus
294 2171 456 2260 gentium,
474 2172 542 2239 sive
557 2170 652 2239 etiam
665 2170 720 2262 jus
735 2171 843 2258 civile,
861 2171 929 2241 sive
943 2171 998 2263 jus
1019 2177 1205 2262 paternum,

90 2278 155 2346 sive
168 2278 226 2370 jus
241 2278 480 2348 matrimoniale
499 2287 530 2346 et
545 2277 774 2371 quodcumque
788 2279 890 2349 aliud.
916 2278 1097 2370 Culpabilis
1119 2279 1207 2346 enim

90 2387 270 2477 coneipitur
285 2385 383 2454 homo
397 2385 525 2476 legibus
540 2409 597 2454 seu
614 2384 885 2476 obligationibus,
912 2386 953 2455 ab
968 2387 1039 2454 istis
1054 2387 1207 2456 omnibus

86 2495 219 2582 juribus
238 2493 435 2582 constitutis,
463 2494 627 2581 resistens,
655 2496 733 2586 quia
751 2493 813 2563 boc
828 2494 899 2586 ipso
919 2493 1039 2563 resistit
1063 2495 1122 2563 Dei
1145 2518 1206 2565 vo·

88 2603 218 2692 lentati,
235 2613 267 2672 et
281 2603 389 2673 deficit
402 2627 421 2672 a
436 2603 503 2672 Deo
518 2614 674 2697 tanquam
692 2603 756 2674 fine
770 2603 898 2674 ultimo.

131 2711 167 2780 Si
190 2735 269 2781 vero
289 2712 387 2781 bomo
407 2733 474 2780 non
498 2721 647 2780 teneatur
667 2713 826 2803 primario
847 2735 956 2782 amare
980 2713 1085 2782 Deum
1106 2736 1205 2806 super

89 2821 208 2908 oninia,
225 2829 257 2889 et
280 2821 385 2888 Deum
408 2819 561 2888 omnibus
580 2821 652 2888 aliis
673 2820 767 2888 bonis
786 2829 994 2913 anteponere,
1023 2843 1081 2890 nec
1096 2832 1205 2912 peccet

87 2929 264 3022 quaerendo
291 2930 326 2998 in
347 2929 445 2997 rebus
471 2928 585 2997 creatis
612 2929 735 2997 bonum
760 2951 857 2997 suum
885 2951 1065 3016 summum,
1088 2939 1120 2998 et
1141 2931 1203 2999 sibi

87 3037 313 3109 constituendo
338 3039 425 3109 bona
447 3037 517 3106 haec
545 3047 651 3106 ereata
679 3059 739 3128 pro
769 3037 834 3105 fine
863 3039 991 3124 ultimo,
1016 3037 1085 3129 jam
1111 3039 1203 3109 nullo

88 3149 182 3218 modo
198 3149 344 3241 peccabit
359 3146 569 3238 infringendo
581 3145 743 3237 quaslibet
757 3144 845 3236 leges
862 3154 897 3213 ut
912 3147 1059 3215 consulat
1075 3148 1205 3216 utilitati

87 3267 117 3325 et
141 3259 302 3350 voluptati
327 3279 406 3327 suaa.
434 3257 501 3326 Nec
517 3265 646 3348 peccata
664 3255 727 3324 dici
742 3263 894 3348 poterunt
909 3257 1084 3349 parricidia
1099 3257 1203 3328 aliave

86 3367 217 3434 scelera.

128 3475 217 3566 Ergo
244 3475 280 3542 in
302 3473 421 3543 scholis
446 3483 478 3542 et
493 3473 684 3542 tractatibus
702 3474 788 3565 juris
802 3473 1048 3566 cujuscumque,
1076 3477 1103 3544 si
1129 3476 1200 3546 des·

85 3584 240 3652 rendatur
256 3581 298 3651 ad
315 3582 441 3674 jurium
462 3581 613 3650 radicem
626 3604 683 3650 seu
705 3581 970 3669 fundamentum,
995 3587 1201 3673 agnoscenda

82 3701 129 3759 est
154 3701 312 3782 tanquam
336 3688 590 3758 fundamentalis
611 3699 642 3756 et
666 3689 823 3780 primaria
848 3690 903 3758 illa
921 3689 1079 3779 obligatio
1099 3717 1199 3784 quam

83 3797 231 3866 Christus
246 3798 407 3867 Dominus
421 3819 479 3866 nos
495 3796 604 3866 (locuit
619 3819 688 3864 esse
699 3797 849 3888 primum
863 3807 895 3865 et
906 3798 1089 3866 maximum
1107 3824 1200 3870 man·

83 3904 209 3995 datum,
226 3904 388 3995 diligendi
403 3905 522 3974 scilicet
536 3906 641 3976 Deum
658 3927 755 3996 super·
771 3905 881 3973 omnia
891 3928 898 3970 :
908 3905 1061 3998 primum
1072 3911 1198 4002 utique,

83 4015 161 4104 quia
177 4013 428 4082 fundamentum
447 4035 513 4104 quo
536 4014 605 4082 solo
621 4021 736 4081 caetera
756 4013 909 4082 mandata
924 4037 980 4084 seu
993 4015 1069 4105 jura
1083 4041 1200 4109 super-

83 4122 206 4190 exstrui
220 4130 367 4214 possunt.

128 4231 220 4298 Hanc
240 4229 400 4298 theoriam
422 4228 463 4298 da
483 4230 609 4321 jurium
625 4231 773 4300 omnium
788 4230 1000 4300 fundamento
1016 4232 1069 4300 bic
1089 4233 1202 4305 brevi-

836 4377 837 4380 *
1021 4346 1040 4406 Ξ
