3068 4948
567 490 648 537 rums
671 489 821 538 canonici.
1188 467 1250 532 287

135 652 155 692 ιι
179 625 296 696 deinde
308 625 449 698 loannes
460 627 554 698 XXll
568 630 806 718 (extravaganti
820 633 875 698 Ex
888 629 1006 710 debito,
1018 627 1058 696 dc
1073 627 1178 718 elect.)
1196 628 1253 696 de·

135 762 155 798 ι
180 735 371 804 clarationes
392 736 565 827 plurimas,
583 745 613 804 et
637 737 867 828 ampliationes
891 736 966 805 lecit
989 737 1074 806 circa
1098 739 1255 808 beneficia

137 869 155 906 ιι
181 843 328 912 vacantia
348 843 440 934 opud
454 827 592 927 Sedem,·
614 853 645 911 et
668 843 748 912 alias
771 843 904 912 induxit
926 846 1177 933 reservationes3
1199 847 1256 915 sed

136 980 156 1018 ιι
183 976 248 1022 non
279 954 431 1022 omnium
466 950 729 1021 reservatiouum
759 957 873 1018 auctor
902 949 975 1018 luit.
1008 951 1137 1020 Rursus
1168 953 1256 1022 illius

136 1089 155 1126 ι
181 1085 345 1131 successor
358 1059 553 1130 Benedictus
566 1059 627 1127 Xll
646 1057 879 1126 reservationes
894 1057 970 1126 iecit
983 1057 1064 1126 alias
1080 1060 1126 1150 (in
1141 1069 1257 1129 extra-

138 1197 157 1234 ιι
184 1171 315 1260 vaganti
335 1169 387 1238 Ad
405 1170 562 1260 repimus,
579 1167 620 1236 de
635 1165 836 1256 Praebendis)
854 1189 929 1258 quae
954 1175 1030 1234 sunt
1050 1168 1142 1259 quasi
1164 1169 1252 1238 rudi·

137 1307 158 1345 ιι
184 1289 292 1348 menta
310 1281 500 1370 regularum
521 1278 735 1364 cancellarie,
761 1285 797 1346 ut
822 1278 928 1369 iuquit
948 1276 1186 1346 Thomassinus
1204 1279 1257 1369 (de

137 1417 157 1454 ι
185 1387 352 1478 (Benefic,
370 1399 392 1458 t.
414 1391 455 1476 ll,
475 1389 497 1456 l.
521 1415 544 1476 ι,
564 1411 634 1480 cup.
654 1391 709 1474 11,
726 1412 759 1456 ιι.
779 1388 831 1478 2);
852 1387 958 1456 etalii
981 1385 1154 1455 Pontifices
1176 1386 1257 1455 alias

139 1523 159 1561 ιι
183 1495 337 1564 addidere
365 1496 495 1586 regulas
517 1504 548 1563 et
572 1495 845 1563 reservationes...
875 1495 1030 1586 Adeoque
1058 1497 1248 1567 concluden-

139 1634 159 1672 ιι
184 1607 265 1674 durn
281 1606 354 1690 erit,
369 1614 443 1674 ante
458 1605 617 1674 Joanuem
634 1604 729 1672 XXII
743 1604 872 1672 unicam
890 1603 988 1672 luisse
1006 1608 1258 1677 reservationem

140 1741 159 1779 «
183 1714 369 1804 generalem
394 1741 400 1780 :
424 1713 550 1805 aliquas
573 1713 614 1780 ab
640 1713 710 1804 ipso
734 1710 871 1800 additas,
893 1713 1037 1804 reliques
1057 1737 1076 1782 a
1094 1738 1257 1785 successo-

140 1847 160 1888 ιι
184 1821 276 1889 ribus
304 1821 445 1890 diversis
474 1819 677 1911 temporibus
707 1819 857 1888 inductas
887 1819 1026 1888 luisse...
1057 1821 1105 1890 Ex
1138 1823 1258 1915 quibus

140 1956 160 1994 ι
184 1928 317 2022 profluit
334 1951 399 1996 non
414 1950 507 2020 posse
527 1925 711 1994 indistincte
730 1924 901 2014 affirmari,
918 1927 1004 2018 quod
1026 1931 1258 1998 reservationes

141 2065 160 2104 ιι
184 2061 300 2106 omues
326 2035 495 2127 generales
524 2035 686 2124 originem
722 2033 895 2102 habuerint
924 2036 986 2102 sub
1012 2035 1137 2104 losnne
1164 2037 1258 2106 XXll

142 2175 161 2213 ι
184 2169 271 2215 anno
288 2149 387 2232 1316,
404 2152 440 2212 ut
452 2143 536 2212 dixit
548 2143 633 2212 Rota
647 2143 764 2234 (Dacis.
783 2147 859 2231 359,
873 2151 964 2235 parte
984 2147 1002 2211 1
1025 2143 1255 2236 diversarum),

142 2283 162 2321 ι
186 2279 244 2324 nec
266 2255 387 2347 pariter
408 2253 495 2346 quod
519 2253 676 2344 coeperint
699 2275 784 2320 anno
806 2255 890 2320 1322
912 2253 963 2321 vel
987 2257 1083 2341 1305,
1100 2263 1135 2322 ut
1156 2256 1259 2324 voluit

145 2363 334 2431 «Simonet
362 2361 415 2452 (de
441 2361 591 2447 Reserv.,
621 2369 737 2452 quaest.
766 2385 788 2446 r,
812 2383 845 2428 n.
870 2359 916 2450 2),
939 2361 991 2429 vel
1015 2359 1150 2430 demum
1174 2363 1259 2432 cirea

146 2499 163 2536 ι
186 2493 312 2539 annum
342 2473 439 2556 1330,
456 2478 492 2536 ut
511 2467 640 2559 scripsit
659 2467 748 2538 card.
767 2467 807 2538 de
826 2467 916 2536 Luca
932 2466 982 2557 (de
996 2469 1173 2560 Beneficiis
1192 2469 1259 2538 dis-

147 2605 164 2644 ι
186 2571 286 2647 cursu
300 2603 324 2664 1,
340 2600 374 2645 n.
394 2575 462 2667 23).
480 2575 545 2644 Sed
561 2575 701 2665 singulae
718 2575 840 2665 regulae
854 2583 887 2644 et
898 2577 1131 2646 reservationes
1143 2577 1260 2646 distin-

145 2713 162 2752 ι
187 2687 327 2777 guendae
351 2693 440 2771 sunt,
460 2693 491 2754 et
515 2683 691 2776 unicuique
713 2692 826 2754 auctor
849 2683 998 2754 diversus
1025 2685 1259 2778 diversumque

146 2805 318 2886 «tempus
340 2793 576 2883 assignandum
604 2793 677 2860 erit.
703 2817 720 2858 o
746 2793 905 2884 (Riganti,
932 2801 956 2860 t.
985 2793 1011 2880 1,
1037 2793 1072 2861 iu
1099 2793 1260 2864 Preoemio

141 2905 334 2994 regularum
350 2901 498 2986 cancell,
514 2924 546 2993 p.
564 2925 574 2970 1
590 2902 717 2992 etseq.)

187 3011 272 3080 lllud
292 3020 399 3080 autem
427 3009 599 3100 proprium
628 3018 675 3076 est
702 3008 891 3101 hujusmodi
915 3009 1050 3078 decretis
1075 3011 1259 3102 pontificiis,

143 3121 233 3212 quod
247 3118 462 3202 concitandi,
480 3139 546 3184 rou
565 3125 723 3207 tanquam
743 3117 830 3206 leges
848 3117 882 3184 in
903 3126 1099 3209 perpetuum
1114 3127 1145 3186 et
1160 3118 1262 3187 donec

144 3236 337 3298 revocentur
355 3227 425 3296 vim
446 3225 625 3311 habituras,
646 3225 703 3292 sed
727 3233 856 3293 tentum
876 3226 1006 3294 vivente
1028 3227 1185 3294 Pontifice
1204 3229 1261 3319 qui

143 3359 182 3404 ea
197 3333 415 3403 confirmavit.
435 3331 530 3400 Unde
546 3333 705 3400 moriente
721 3355 916 3423 unoquoque
928 3331 1077 3401 Romano
1090 3331 1261 3422 Pontinos,

143 3445 292 3536 exspirat
313 3442 414 3511 simul
438 3449 505 3510 tota
529 3441 579 3508 vis
603 3440 794 3530 regularum
820 3439 1032 3510 cancellarie.
1056 3440 1097 3506 Et
1118 3440 1194 3508 binc
1216 3450 1264 3509 est

144 3552 233 3645 quod
254 3551 358 3620 solent
379 3551 456 3617 dicti
474 3549 660 3636 Pontifices,
679 3558 751 3640 post
770 3570 865 3616 suam
885 3549 1024 3640 quisque
1045 3548 1086 3615 ad
1104 3549 1263 3639 apostoli-

145 3683 222 3728 cum
236 3660 369 3729 culmen
385 3657 629 3745 exaltationem,
645 3657 714 3742 sine
731 3679 825 3726 mora
840 3679 894 3724 eas
914 3656 1027 3724 firmas
1045 3655 1217 3724 decernere
1233 3666 1264 3725 et

145 3769 327 3848 declarare;
343 3774 441 3858 prout
454 3765 529 3834 lecit
543 3773 575 3832 et
592 3765 671 3834 Pius
687 3763 733 3830 IX
747 3787 835 3832 nnuc
850 3763 985 3832 feliciter
999 3785 1150 3853 regnans.

193 3877 262 3942 «A
292 3897 358 3966 quo
385 3883 533 3969 tempore
560 3872 684 3961 regulae
719 3871 920 3940 cancellaria
956 3870 1059 3960 ligare
1091 3871 1263 3962 incipient,

76 3979 79 3986 ’
148 4011 166 4050 ιι
191 4005 310 4072 magna
333 3982 398 4050 luit
421 3981 505 4050 inter
531 3980 683 4070 antiquos
705 3980 882 4048 altercatio.
907 3979 974 4048 Alii
998 3977 1154 4047 dixerunt
1172 4003 1192 4048 a
1212 3980 1265 4049 die

150 4121 167 4160 ι
190 4093 418 4184 publicationis
435 4119 442 4158 :
459 4091 514 4159 alii
528 4114 548 4158 a
563 4089 614 4158 die
628 4111 744 4158 earum
758 4088 910 4158 editionis
925 4111 983 4156 sen
997 4089 1242 4179 compositionis
1257 4118 1263 4158 :

153 4228 169 4270 ι
192 4204 245 4272 alii
269 4225 346 4272 vero
365 4225 384 4269 a
402 4202 454 4270 die
473 4199 708 4291 assumptionis
735 4198 775 4265 ad
802 4199 1039 4291 pontificatum.
1066 4197 1171 4268 Hodie
1191 4221 1268 4269 veru
