3072 4948
257 463 317 530 398
610 482 784 529 rnacrarus
807 483 845 528 oa
868 481 1023 528 rurucrrus

260 651 276 690 a
300 622 418 692 decisio
438 622 551 713 capitis
575 623 681 692 ultimi
710 627 759 690 De
783 606 1013 692 consuetudrirc
1033 623 1066 711 (t.
1090 624 1122 707 l,
1143 620 1197 688 l.t
1220 617 1381 706 horret),

258 759 274 797 ι
298 728 430 824 quiando
454 730 554 800 luerit
575 730 779 800 rationabilis
803 739 836 798 et
857 729 1061 822 prescripta,
1087 727 1166 820 quia
1184 725 1275 796 nulla
1295 725 1385 792 ratio

259 867 276 906 ι
299 837 498 929 exceptionis
525 837 595 906 dari
617 844 735 930 potest,
760 861 835 908 cum
863 837 933 906 hrec
960 837 1057 906 etiarn
1080 836 1122 904 sit
1141 836 1196 904 lex
1218 833 1383 920 humana,

260 945 511 1037 «quantumvis
538 945 710 1037 prohibeat
736 943 880 1014 trituram
896 942 1187 1029 consuetudinem;
1217 940 1270 1010 vel
1293 949 1386 1008 certe

258 1053 429 1144 «urgebit
453 1052 613 1122 naturalis
637 1053 732 1139 ratio,
759 1051 892 1145 quando
914 1052 1071 1144 Princeps
1096 1051 1250 1120 babuerit
1275 1049 1386 1118 scien-

258 1189 276 1228 ιι
299 1162 376 1231 tiam
396 1160 654 1248 consuetudinis,
680 1169 712 1228 et
737 1159 792 1229 illa
813 1158 1007 1230 indicaverit
1029 1159 1158 1228 tacitam
1177 1156 1385 1226 voluntatem

261 1296 276 1336 ιι
300 1269 371 1360 ejus
386 1297 394 1346 ς
412 1268 562 1360 quirillo
583 1268 735 1338 voluntas
749 1265 865 1336 efficax
880 1277 929 1336 est
944 1267 986 1336 ad
1002 1265 1219 1336 revocandam
1236 1263 1386 1356 priorem

261 1403 279 1442 ιι
300 1377 419 1466 legem,
446 1398 511 1448 non
534 1376 680 1445 obstante
699 1375 790 1445 omni
810 1374 1033 1466 prohibitione
1060 1375 1094 1442 in
1108 1373 1168 1442 illa
1182 1373 1276 1441 lacta.
1295 1371 1386 1440 Nam

260 1513 277 1550 «
300 1485 372 1554 haec
388 1485 457 1575 ipsa
476 1482 653 1576 prohibitio
668 1483 790 1552 luturae
805 1481 1052 1553 consuetudinis
1070 1505 1128 1574 per
1142 1483 1245 1550 solam
1262 1479 1388 1549 volun-

260 1618 278 1658 ιι
300 1600 397 1660 tatem
412 1589 573 1682 Principis
590 1590 674 1660 facta
688 1598 782 1668 arat;
803 1598 835 1659 et
850 1590 929 1658 dum
950 1591 1037 1659 idern
1055 1589 1212 1680 Princeps
1229 1588 1280 1656 vel
1305 1609 1387 1656 suc-

260 1727 277 1766 ιι
301 1722 406 1769 ccssor
431 1700 504 1791 ejus
522 1699 612 1768 illam
641 1702 769 1791 (nempe
793 1700 1062 1770 consuetudinem
1085 1699 1151 1789 legi
1171 1697 1387 1786 contrariam)

260 1835 277 1876 ιι
301 1807 389 1876 videt
417 1816 449 1877 et
478 1808 594 1877 tolerat
619 1831 657 1878 ac
685 1809 779 1876 tacite
809 1809 984 1895 consentit,
1012 1807 1155 1899 priorem
1178 1806 1385 1876 voluntatem

261 1943 278 1984 ιι
302 1925 421 1997 mutat;
441 1939 519 2007 ergo
534 1918 672 2008 abrogat
688 1926 787 1987 totam
802 1917 944 2039 priorem
960 1917 1079 2008 legem.
1106 1943 1122 1982 a

301 2025 415 2094 Postea
438 2024 478 2094 ad
501 2034 695 2114 argumenta
717 2025 837 2117 prioris
866 2027 1032 2094 sententiae
1047 2027 1092 2093 sic
1109 2024 1283 2116 respondet
1294 2023 1387 2092 idem

257 2133 402 2202 Suarez:
425 2159 442 2196 c
466 2133 520 2202 Ad
536 2133 702 2225 primum,
732 2144 873 2224 negatur
895 2133 1099 2202 antecedens.
1125 2133 1208 2202 Nam
1228 2132 1317 2201 aliud
1334 2141 1387 2199 est

261 2267 279 2306 ιι
301 2238 568 2309 consuetudinem
590 2263 659 2308 esse
687 2241 958 2328 irrationabilem,
974 2241 1062 2311 aliud
1078 2263 1147 2310 esse
1161 2239 1358 2332 prohibitam
1374 2265 1384 2326 ;

262 2357 404 2439 «potest
429 2349 517 2416 euim
545 2349 711 2439 prohiberi
739 2350 866 2417 etiamsi
897 2349 1130 2418 irrationabilis
1157 2370 1223 2417 non
1250 2347 1302 2414 sit.
1330 2345 1386 2413 Ad

263 2485 279 2523 ιι
302 2457 488 2538 secundum,
505 2459 594 2550 quod
616 2467 664 2526 est
679 2456 858 2546 difficilius,
877 2460 1057 2550 respondeo
1072 2459 1219 2551 primum
1234 2455 1387 2525 effectum

263 2595 280 2634 ιι
302 2567 389 2635 illius
409 2567 640 2659 prohibitionis
660 2590 728 2636 esse
750 2577 787 2634 ut
809 2568 883 2636 talis
900 2567 1099 2637 consuetudo
1122 2567 1157 2634 in
1172 2566 1274 2634 dubio
1293 2588 1387 2632 sem—

262 2699 280 2740 ιι
303 2697 362 2766 per
396 2682 614 2766 praesumatur
653 2675 899 2761 irrationabilis,
933 2675 1066 2767 quando
1101 2673 1288 2766 oppositum
1317 2695 1387 2741 uon

263 2811 280 2851 ιι
304 2784 521 2853 constiterit...
547 2784 639 2852 Alter
657 2785 792 2854 effectus
813 2807 882 2853 esse
907 2793 1011 2876 potest
1040 2794 1075 2854 ut
1098 2785 1333 2875 gubernatores
1353 2792 1388 2851 et

263 2918 281 2958 ι
304 2891 452 2960 custodes
473 2893 585 2981 legum
612 2893 719 2982 magis
744 2892 917 2982 invigilent
939 2902 970 2960 et
991 2915 1057 2961 non
1078 2892 1267 2986 permittant
1286 2891 1387 2960 talem

264 3025 281 3065 ιι
304 2997 572 3068 consuetudinem
590 3001 711 3069 iterum
724 3001 900 3070 introduci.
923 3001 1035 3069 Tertio
1049 3000 1226 3070 verisimile
1242 3008 1289 3068 cst
1305 3001 1388 3068 sub-

264 3107 388 3176 cditos
422 3108 537 3199 majori
571 3108 768 3199 obligatione
803 3110 905 3178 teneri
943 3109 988 3177 ad
1016 3108 1293 3178 abstinendumo
1328 3109 1388 3176 tali

266 3215 539 3285 «consuetudine
573 3225 705 3309 propter
743 3217 944 3286 voluntatem
986 3216 1165 3309 superioris
1204 3216 1389 3308 specialiter

267 3323 514 3393 «declaratam.
542 3323 667 3406 Quarto
690 3333 721 3391 et
747 3325 890 3393 maxime
920 3333 1025 3416 potest
1048 3325 1215 3394 deservire
1251 3333 1287 3392 nt
1312 3325 1388 3392 tulis

267 3459 284 3499 a
307 3435 506 3502 consuetudo
529 3432 586 3500 vix
608 3440 665 3500 aut
688 3453 857 3524 nunquam
877 3433 979 3524 possit
997 3433 1154 3522 derogare
1169 3431 1225 3500 tali
1241 3431 1307 3520 legi
1322 3431 1389 3499 nisi

268 3549 379 3632 cpost
402 3539 538 3628 longum
566 3549 695 3632 tempus
721 3548 753 3606 et
781 3539 959 3629 legitimam
987 3540 1277 3631 prescriptionem,
1308 3539 1388 3630 quia

268 3657 401 3716 «antea
424 3647 481 3713 vix
509 3654 611 3738 potest
635 3649 792 3738 praesumi
816 3646 857 3714 dc
882 3649 1049 3717 voluntate
1073 3647 1238 3739 Principis
1259 3647 1388 3715 etiamsi

267 3783 284 3824 ι
308 3755 575 3826 consuetudinem
598 3756 717 3823 scint...
746 3754 796 3822 ‚td
819 3757 966 3838 tetiam,
990 3765 1128 3845 negatur
1142 3755 1385 3847 consequentia,
1424 3835 1429 3847 ι

269 3893 286 3931 ιι
306 3865 384 3956 quia
400 3864 434 3930 in
459 3863 703 3955 praescriptione
726 3863 854 3954 privata
867 3873 899 3932 et
914 3864 1048 3954 propria
1067 3887 1235 3955 nunquam
1253 3886 1387 3954 praesu·

269 4001 286 4038 ι
310 3973 412 4040 mitur
440 3977 563 4038 rnutmo
586 3969 736 4038 voluntas
757 3971 957 4062 Principis...
978 3969 1030 4038 Ad
1050 3983 1217 4062 quartuor,
1247 3981 1387 4060 negatur

269 4109 286 4148 ι
312 4083 432 4166 minor;
459 4102 548 4166 nam,
572 4079 645 4150 licet
662 4081 818 4172 Princeps
839 4101 992 4172 expresse
1015 4079 1220 4173 prohibuerit
1239 4079 1385 4148 loturam

270 4219 287 4260 ιι
310 4187 589 4276 consuetudinem,
610 4197 713 4280 potest
739 4189 829 4258 illam
854 4189 1054 4258 voluntatem
1076 4195 1219 4276 mutarc;
1243 4197 1277 4258 et
1297 4211 1384 4284 pras·
