3064 4952
542 489 625 536 rous
646 489 796 536 canonice.
1165 468 1225 534 tos

112 649 187 720 pore
202 627 351 718 Dionysii
363 625 486 718 Exigui
496 635 602 696 essent
613 627 720 696 adhrm
732 626 841 696 dubie
857 624 932 695 lidei
945 627 1028 696 inter
1040 626 1228 696 catholicos.

112 737 275 806 Praeterea
289 735 436 806 Gelasius
451 737 542 829 Papa
556 737 592 805 in
606 736 732 828 synodo
745 737 894 806 Romana
905 736 984 804 anni
1001 738 1063 803 tet
1078 757 1230 826 expresse

113 845 211 915 dieit:
236 846 334 916 Liber
360 869 523 916 emmaum
548 847 779 938 Apostolorum
801 859 847 914 est
869 845 1088 938 apocryphus.
1118 845 1231 936 Neque

113 954 302 1045 responderi
320 962 423 1046 potest
444 953 609 1024 Gelasium
626 954 672 1022 ihi
685 955 830 1024 locutum
848 954 948 1024 lesisse
964 955 1004 1024 de
1020 954 1101 1024 falso
1121 954 1232 1046 aliquo

113 1063 196 1132 libro
221 1085 385 1135 canonum
410 1063 674 1155 apostolicorum,
699 1087 764 1132 non
785 1071 894 1132 autem
913 1061 953 1132 de
970 1085 1065 1148 sero;
1091 1062 1119 1130 si
1144 1063 1231 1132 enim

114 1195 212 1242 verus
222 1181 255 1241 et
269 1173 473 1243 authenticus
486 1173 604 1265 aliquis
619 1174 791 1261 extitisset,
813 1173 957 1265 prolecto
971 1172 1157 1242 damnando
1172 1173 1233 1241 ial-

115 1304 188 1349 sum
213 1303 279 1350 non
305 1282 455 1352 tacuisset
477 1281 712 1350 authenticum.
740 1283 821 1349 Item
842 1303 959 1373 parum
983 1280 1087 1350 solida
1105 1281 1235 1352 videtur

115 1389 177 1458 alia
200 1390 379 1482 responsio,
404 1415 480 1482 qum
506 1399 554 1459 est
581 1389 790 1475 Bellarmini‚
811 1389 977 1458 Gelasium
1004 1412 1120 1481 nempe
1143 1391 1233 1482 loqui

116 1521 181 1568 noo
204 1499 245 1568 de
271 1505 310 1567 50
335 1499 500 1592 prioribus
524 1500 720 1585 canonibus,
746 1497 801 1567 sed
823 1499 864 1568 de
887 1501 927 1564 35
942 1498 1077 1568 ultimis.
1096 1499 1131 1568 si
1146 1501 1233 1568 enim

116 1609 334 1680 existimasset
352 1610 502 1679 Gelasius
525 1617 637 1678 extare
660 1609 790 1699 aliquos
815 1631 856 1676 ex
877 1609 947 1676 istis
968 1609 1146 1678 canonibus
1160 1633 1236 1678 vere

115 1716 338 1804 authenticos,
369 1741 434 1786 non
475 1717 655 1807 generatim
684 1715 724 1784 de
753 1716 906 1784 omnibus
941 1717 1078 1786 dixisset
1115 1717 1236 1786 librum

116 1825 238 1894 horum
273 1849 434 1894 canonum
472 1849 541 1894 esse
568 1824 805 1916 apocryphum.
839 1823 1004 1892 Gelasium
1039 1835 1146 1896 autem
1179 1851 1237 1918 per

115 1933 321 2026 apocryphos
341 1933 442 2002 libros
462 1934 645 2022 intelligere
668 1955 723 2000 eos
750 1933 807 2023 qni
830 1935 925 2000 certis
949 1935 1135 2004 auctoribus
1156 1936 1236 2004 falso

116 2041 273 2133 adscripti
287 2051 377 2130 sunt,
392 2050 517 2111 constat
532 2065 574 2110 ex
587 2042 658 2132 ipso
673 2040 794 2108 decreti
807 2041 895 2108 illius
910 2051 1033 2112 tenore.

159 2149 349 2218 Notandum
369 2173 449 2219 vero
471 2149 637 2218 Gelasium
662 2171 728 2217 non
744 2147 817 2216 ideo
833 2171 987 2238 negasse,
1005 2151 1040 2218 in
1056 2153 1125 2221 istis
1139 2177 1237 2226 eano-

117 2259 216 2328 nibus
246 2257 347 2326 multa
371 2281 440 2326 esse
471 2258 636 2348 traditioni
670 2256 854 2351 apostolieae
892 2266 924 2324 et
951 2267 1048 2326 reetae
1080 2260 1236 2332 doetrinae

116 2375 147 2434 et
170 2366 267 2434 bonis
289 2366 435 2435 moribus
457 2375 682 2436 consentanea.
712 2364 807 2434 Unde
832 2364 905 2432 lieet
930 2366 1075 2436 Ecclesia
1090 2369 1239 2441 Romana

117 2475 282 2563 tenuerit,
306 2476 384 2544 istos
404 2499 542 2544 canones
565 2499 669 2568 neque
686 2474 918 2566 Apostolorum
935 2497 1003 2544 esse
1017 2499 1122 2568 neque
1137 2484 1240 2550 saneti

115 2583 315 2671 Clementis,
341 2585 423 2652 bene
442 2585 547 2674 potuit
569 2591 680 2676 postea
708 2605 749 2651 ex
781 2592 871 2673 parte
892 2584 1033 2675 recipere
1064 2595 1095 2654 et
1123 2591 1156 2654 in
1184 2589 1239 2679 jus

115 2695 312 2764 canonicum
327 2695 461 2762 sancire.

162 2803 245 2872 Haee
272 2807 313 2872 de
328 2803 403 2895 jure
427 2803 582 2872 canonico
597 2802 638 2870 ab
652 2801 817 2890 Apostolis
832 2811 920 2871 certo
934 2811 991 2872 aut
1005 2804 1104 2874 dubie
1120 2809 1240 2876 eonsti-

117 2920 189 2980 tuto
218 2911 314 2980 libuit
338 2911 480 2980 breviter
509 2910 680 2999 attingere,
713 2932 754 2978 ne
781 2909 917 2979 studiosi
941 2910 1123 3004 disciplina
1144 2939 1240 2985 eano-

115 3022 203 3089 nieae
227 3021 390 3088 haererent
404 3021 506 3102 anxii,
523 3018 722 3088 occurrendo
743 3020 778 3086 in
791 3020 945 3109 allegatos
971 3023 1090 3112 passim
1104 3025 1145 3092 ab
1161 3049 1240 3096 ane·

116 3130 247 3199 toribus
262 3128 454 3220 apostolicos
468 3151 605 3198 somnes
619 3136 675 3196 aut
688 3128 919 3218 Apostolorum
934 3133 1185 3202 constitutiones.

634 3417 655 3512 s
683 3417 742 3490 tv.

120 3614 161 3661 An
177 3608 285 3660 decreta
300 3605 332 3659 ab
351 3609 481 3672 Apostolis
498 3607 613 3668 sancita,
631 3609 788 3658 constituunt
807 3607 912 3671 proprie
929 3607 1028 3660 dietum
1042 3609 1108 3674 juris
1125 3611 1243 3666 canonici

233 3690 348 3752 iontem,
364 3705 380 3740 a
396 3692 521 3756 potestate
536 3688 681 3753 legislativa
697 3688 805 3739 Roorani
821 3688 951 3740 Pontifleis
968 3689 1137 3742 distinctum?

170 3903 305 3970 Decreta
331 3903 386 3971 illa
408 3902 531 3970 sancita
555 3903 646 3970 fuere
672 3903 723 3972 vel
744 3903 785 3970 ab
809 3903 975 3994 Apostolis
998 3904 1164 3974 collective
1182 3917 1246 3976 sta-

125 4012 309 4100 tuentibus,
338 4013 388 4080 vel
409 4013 450 4080 ab
473 4013 588 4080 iisdem
610 4021 770 4102 qnatenus
797 4012 948 4100 singulis,
968 4011 1048 4092 Quae
1065 4015 1248 4084 conciliari-

127 4127 177 4186 ter
198 4127 318 4188 statnta
338 4119 471 4187 mantnt
483 4119 676 4210 presidente
691 4119 806 4203 Petr0,
824 4119 890 4187 vim
905 4120 986 4207 legis
1002 4142 1066 4186 non
1084 4122 1247 4191 obtinuis-

130 4235 199 4296 sent
220 4227 283 4295 nisi
308 4239 470 4295 atruuente
496 4237 599 4294 etsua
621 4227 808 4294 aneto1itate
838 4225 988 4294 firmante
1015 4229 1247 4319 Apostolorum
