3048 4954
273 445 333 512 138
624 465 797 510 reserares
819 464 857 509 nn
881 463 1033 510 runcinus

268 627 334 674 non
350 607 459 699 primo
472 607 543 676 leco
555 605 816 674 enumerandum
834 631 842 672 :
859 613 892 672 at
907 604 953 672 ita
968 603 1166 672 intellectum
1183 613 1219 672 ut
1232 603 1286 672 lex
1303 626 1387 696 pnn-

265 712 368 782 titicia
381 737 447 784 non
463 715 556 808 priua
569 713 736 804 obligandi
749 713 863 803 vigore
883 711 1016 803 polleat,
1033 733 1133 804 qnam
1150 710 1282 780 {uerita
1301 735 1386 803 quo-

266 821 346 890 libet
370 846 430 916 pro
452 845 512 891 sua
525 822 656 892 dimeesi
668 821 827 914 Episcopo
840 827 1024 914 acceptata:
1041 819 1182 888 liberum
1196 825 1304 886 antam
1325 841 1386 886 vo-

267 930 341 999 lnnt
363 932 523 1025 Episcopo
552 954 618 1002 non
646 941 824 1026 acceptare,
852 930 1064 1023 quantumvis
1094 937 1208 1019 urgeat
1236 950 1387 998 summus

268 1036 416 1108 Pontifex
433 1049 529 1134 atque
544 1061 757 1110 censurarum
776 1037 917 1108 fulmina
940 1037 1170 1108 comminetur.
1191 1035 1284 1119 Quod
1309 1037 1387 1128 qui·
1507 1078 1511 1089 ι

267 1146 343 1216 dem
358 1158 499 1240 systema
513 1151 542 1218 si
557 1173 631 1218 enm
646 1149 783 1243 praelate
807 1147 961 1218 Febronii
981 1170 1092 1217 errore
1114 1146 1273 1232 conteras,
1298 1147 1387 1214 inre
1503 1130 1511 1205 ’ἶ

268 1279 334 1326 non
361 1259 480 1348 differt,
504 1259 560 1329 sed
581 1259 835 1328 contradictione
857 1255 1030 1328 dumtaxat
1043 1266 1074 1325 et
1095 1256 1273 1325 dolositate.
1287 1255 1387 1334 ‚Cen-

268 1364 470 1454 tradictione,
493 1369 628 1460 inquam
646 1392 655 1430 τ
676 1389 753 1435 nam
779 1366 881 1435 altera
909 1365 1043 1457 quidam
1067 1387 1167 1434 manu
1193 1371 1385 1456 potestatem
1502 1348 1512 1426 i

268 1471 483 1562 legislativam
508 1498 637 1546 summo
654 1475 805 1545 Pontifici
826 1474 990 1561 tribuunt,
1006 1473 1087 1542 dum
1106 1495 1177 1542 eam
1194 1479 1384 1564 potestatem
1512 1539 1513 1542 ,

269 1579 353 1648 inter
366 1581 470 1650 lentus
482 1583 568 1674 juria
586 1582 733 1653 canonici
753 1593 948 1653 enumerant
965 1607 973 1647 :
991 1583 1093 1652 altera
1107 1603 1186 1650 vera
1200 1579 1383 1667 retrahunt,

267 1686 346 1756 dnm
371 1688 486 1757 nolunt
500 1691 681 1782 pontificias
703 1693 791 1781 leges
805 1715 846 1760 er
862 1714 896 1758 se
912 1693 983 1760 vim
996 1687 1164 1779 obligandi
1178 1687 1309 1774 habere,
1326 1688 1384 1755 scd

266 1805 392 1866 tanturn
409 1821 450 1866 ex
463 1798 566 1868 libera
579 1801 785 1870 subditorum
800 1801 1028 1894 acceptatione.
1055 1799 1124 1868 Hac
1144 1796 1288 1888 prolecto
1304 1819 1385 1866 con-

267 1903 460 1975 tradictione
489 1914 576 1976 caret
599 1908 792 1996 Febronins‚
820 1932 917 1978 suum
942 1908 1049 1998 logico
1072 1905 1186 1974 saltem
1215 1904 1385 1974 ratiocinio

266 2011 506 2084 schismaticum
522 2025 663 2108 systema
674 2025 848 2088 eruncns:
867 2019 982 2108 Leges,
998 2015 1120 2108 inquit,
1134 2013 1309 2105 pontificiae
1326 2035 1385 2105 per

266 2143 301 2190 se
325 2120 411 2190 solas
429 2122 496 2191 vim
517 2124 685 2214 obligandi
708 2148 774 2195 non
788 2125 927 2214 habent;
948 2147 1028 2216 ergo
1046 2123 1195 2192 Romano
1219 2121 1381 2206 Pontifici,

267 2249 334 2294 non
360 2229 523 2300 condendi
547 2231 635 2322 leges
662 2234 915 2320 ecclesiasticas,
943 2232 1001 2301 sed
1026 2229 1230 2324 proponendi
1254 2237 1384 2297 mntem

267 2339 420 2428 competit
443 2349 603 2432 potestas3
621 2363 700 2433 ergo
716 2365 886 2411 enumero
911 2341 1051 2411 lentium
1071 2338 1156 2430 juris
1179 2338 1385 2406 aeclesiastici

210 2515 217 2524 ,
266 2467 304 2512 ca
318 2455 457 2537 potestas
471 2450 691 2541 expungenda
705 2459 764 2519 est.
782 2451 826 2519 At
837 2450 1020 2518 sinceritate
1028 2448 1125 2517 etiam
1138 2445 1241 2516 multo
1252 2453 1384 2538 praestat

266 2553 426 2640 gallicano
459 2559 625 2648 systemati
657 2557 898 2627 Febronianum
934 2563 1182 2626 commentum:
1218 2553 1384 2644 fingamus

266 2661 308 2727 ab
332 2661 442 2754 alique
458 2665 531 2732 viro
557 2686 623 2733 non
636 2664 805 2752 catholico,
832 2664 1064 2733 mahumetano
1077 2663 1175 2732 etiam
1191 2661 1242 2730 vel
1254 2660 1381 2752 judaeo,
1515 2664 1518 2681 '

265 2767 324 2858 qni
346 2769 385 2837 de
398 2771 552 2861 praesenti
576 2773 756 2863 quaestione
779 2771 861 2840 nihil
878 2794 1026 2864 unquam
1045 2769 1197 2858 audierit,
1224 2777 1384 2861 expostu-

267 2874 347 2965 lari,
376 2901 419 2946 an
443 2902 503 2970 pro
532 2880 666 2948 sinceris
702 2881 818 2949 habeat
850 2880 1069 2949 attestationes
1101 2901 1217 2948 eorum
1245 2877 1384 2946 catholi-

264 3006 379 3054 corum
392 2987 462 3079 qui,
478 2986 558 3057 dum
578 2988 727 3057 Romano
750 2988 900 3056 Pontifici
926 2987 1051 3076 dicunt,
1067 2986 1249 3056 beatissime
1266 2987 1379 3068 Pater,

267 3117 325 3162 nos
345 3117 475 3164 summo
497 3096 647 3190 obsequio
668 3111 763 3165 tuam
784 3119 894 3164 ocrem
909 3108 1106 3188 potestatem
1128 3095 1211 3184 lepos
1225 3116 1290 3185 pro
1305 3094 1382 3161 uni-

267 3225 358 3270 versa
380 3204 524 3272 Ecclesia
542 3204 701 3274 concordi
714 3206 929 3297 apnoscimus,
950 3205 1154 3296 confitemur,
1173 3223 1379 3285 cremamur,

267 3311 366 3382 simul
385 3312 501 3382 docent
524 3313 653 3384 decreta
675 3314 840 3407 pontificia
865 3337 931 3383 nen
952 3313 1098 3404 obligare
1113 3309 1176 3378 nisi
1192 3334 1230 3380 ee
1243 3308 1382 3378 subditis

266 3431 430 3515 acceptare
444 3420 595 3490 libuerit:
621 3422 763 3514 profecte
777 3422 917 3492 sinceras
933 3443 999 3490 non
1013 3442 1082 3488 esse
1096 3417 1301 3488 exclamabit.
1315 3419 1383 3487 Nos

268 3553 347 3600 vero
372 3539 525 3623 putamus
548 3531 635 3600 bena
665 3529 730 3599 fide
758 3528 925 3620 gallicanae
952 3527 1115 3620 opinionis
1139 3532 1292 3619 patronos
1315 3533 1382 3594 mm

267 3650 412 3736 apertam
429 3641 719 3712 contradictionem
734 3640 826 3708 lateri
843 3639 939 3709 nolle.
968 3637 1054 3720 Quid
1069 3637 1157 3706 enim
1173 3658 1238 3705 non
1254 3635 1384 3706 calcarit

268 3773 287 3818 a
319 3749 437 3818 moeris
466 3749 613 3818 imbibita
640 3747 858 3841 praejudicia?
882 3745 977 3817 Unde
1000 3745 1142 3814 sinceras
1166 3765 1320 3836 personas
1341 3742 1384 3810 li·

268 3859 382 3928 benter
396 3859 628 3952 supponimus,
645 3857 721 3926 licet
740 3857 955 3926 sinceritatem
970 3864 1111 3948 systema
1124 3854 1232 3944 ipsum
1249 3851 1384 3921 minime

293 3989 338 4034 roe
355 3990 389 4036 se
404 3968 497 4036 terat.

270 3989 291 4058 p
314 4073 548 4144 Subtilinrihns
572 4073 683 4160 hisce,
705 4081 801 4166 atque
820 4073 883 4141 hoc
896 4073 992 4141 etiam
1007 4072 1138 4142 nomine
1161 4069 1264 4160 magis
1280 4068 1385 4137 refor-

272 4182 434 4253 midandis
453 4181 642 4272 erroribus,
669 4182 844 4275 praeierant
873 4181 1045 4251 crassiores
1068 4179 1147 4267 elii,
1175 4179 1216 4246 ab
1239 4176 1385 4246 Ecclesia
