3064 4952
491 580 575 630 suere
597 584 749 632 canonici.
874 569 878 576 '
1118 563 1180 630 225

67 715 237 790 concordat
257 719 453 792 Benedictus
477 720 569 806 xlv,
595 724 702 816 quiet
724 724 794 815 ipse
808 722 982 815 distinguit
996 724 1081 793 inter
1096 725 1183 815 leges

67 826 285 920 disciplinares
311 852 518 901 summorum
539 831 748 918 Pontificum,
771 837 803 900 et
827 830 920 900 docet
940 853 1066 924 eaquae
1079 832 1183 924 respi-

66 933 153 1003 ciunt
162 959 271 1006 sacros
282 937 376 1020 ritus,
391 939 614 1022 oaerenwnias,
626 951 847 1021 rasamenta,
861 937 1052 1008 clericorum
1063 940 1180 1024 uitam,

66 1041 257 1113 interiorum
292 1043 419 1137 judicio
447 1057 481 1115 et
510 1069 659 1117 censura
698 1047 790 1116 nullo
819 1045 915 1116 modo
943 1047 1087 1139 subjecte
1114 1071 1184 1120 esse

67 1151 208 1223 debere:
236 1183 254 1222 s
275 1157 398 1249 Agitur
418 1157 528 1250 itaque
550 1158 591 1227 de
617 1156 901 1229 constitutionibus
919 1156 962 1225 ad
979 1155 1183 1250 disciplinam

70 1285 86 1325 a
107 1261 365 1352 pertinentibus;
392 1271 426 1333 at
447 1287 516 1335 non
537 1265 578 1334 ad
605 1264 695 1335 illam
720 1285 795 1357 quae
812 1286 920 1334 sacros
941 1265 1075 1357 respicit
1086 1265 1183 1354 ritrrs,

71 1393 87 1432 a
107 1371 332 1461 caeremonias,
347 1380 561 1461 sacramenta,
576 1372 772 1442 clericorum
780 1371 882 1442 vitam
895 1399 903 1440 :
917 1393 1058 1465 nemque
1070 1373 1184 1442 isthaec

71 1477 218 1546 comnia
249 1501 268 1548 a
299 1479 465 1572 pontificia
492 1479 614 1571 pariter
637 1481 831 1551 auctoritate
856 1479 990 1550 omnino
1013 1479 1181 1572 pendeM:

9 1591 10 1596 ’
72 1582 245 1677 uideoque
272 1586 469 1678 Apostolicae
499 1585 593 1656 Sedis
620 1587 761 1675 decreta,
790 1608 865 1679 quae
890 1585 977 1656 circa
1000 1607 1038 1654 ea
1052 1585 1183 1678 prodire

72 1717 87 1753 a
107 1691 286 1782 continget,
313 1693 508 1764 interiorum
529 1693 654 1787 judicio
672 1703 704 1764 et
720 1715 867 1764 censurae
885 1693 976 1762 nullo
992 1693 1089 1762 modo
1104 1695 1184 1764 sub-

72 1823 86 1862 a
103 1797 187 1890 jecta
203 1822 274 1869 esse
295 1799 454 1872 debent...
480 1801 544 1872 Sed
565 1801 629 1871 alia
643 1809 731 1872 extat
756 1801 976 1872 ecclesiastice
1001 1800 1183 1893 disciplinas

73 1933 88 1969 ι
108 1929 196 1997 pars,
223 1907 264 1976 de
279 1931 344 2002 qua
369 1909 545 2002 aliquando
560 1932 580 1977 a
593 1910 751 1980 Romanis
766 1908 977 1979 Pontificibus
992 1907 1185 2000 generaliter

72 2039 85 2076 e
106 2013 271 2083 statuitur.
296 2015 424 2085 Verum
444 2039 681 2109 nonnunquam
697 2016 897 2109 experientia
909 2016 1110 2086 demonstrat
1122 2017 1185 2085 ali·

73 2123 193 2214 «quod
222 2146 265 2192 ex
293 2123 483 2218 hujusmodi
510 2126 718 2216 generalibus
747 2127 887 2214 statutis,
918 2125 992 2194 licet
1020 2125 1184 2218 plerisque

73 2255 87 2292 s
106 2231 285 2322 provinciis
307 2256 344 2301 sc
364 2233 557 2304 dioecesibus
576 2233 655 2302 utile
674 2243 772 2328 atque
794 2236 991 2326 proficuum,
1015 2233 1113 2302 alicui
1133 2241 1183 2302 ta-

74 2363 88 2402 e
108 2363 182 2408 men
201 2341 384 2432 provinciae
398 2351 455 2412 aut
472 2342 603 2412 diaecesi
620 2351 843 2435 opportunum
862 2365 927 2412 non
946 2364 1057 2412 esse...
1074 2344 1113 2411 ln
1132 2341 1184 2411 his

74 2447 216 2540 citaque
237 2471 349 2520 rerum
370 2447 622 2519 circumstantiis
641 2449 884 2543 Episcopus...‚
907 2473 973 2518 non
994 2449 1091 2520 modo
1109 2473 1185 2519 sues

74 2555 257 2627 «Romano
284 2559 436 2628 Pontifici
458 2559 600 2628 rationes
622 2569 857 2652 repraeeentare
882 2582 947 2629 non
978 2557 1182 2651 prohibetur,

74 2666 189 2757 «quin
214 2668 325 2758 potius
348 2667 389 2738 ad
413 2668 447 2736 id
475 2669 608 2738 omnino
631 2677 804 2739 tenetur.»
827 2669 970 2760 (Desyn.
988 2668 1181 2752 dioecesana,

71 2768 90 2838 l.
106 2775 135 2862 9,
149 2797 178 2842 c.
196 2774 247 2864 8.)
848 2815 850 2820 2

108 2884 247 2980 Objiciet
271 2885 353 2954 forte
374 2885 462 2978 quis,
477 2906 519 2953 ex
538 2883 652 2975 regula
666 2892 737 2951 tum
753 2882 959 2952 aBenedicto
970 2881 1063 2974 XlV,
1080 2893 1185 2955 tuma

72 2991 213 3063 Zacmria
235 2991 365 3080 tradita,
379 3015 447 3062 non
470 2991 563 3061 facile
586 2990 727 3060 discerni
741 3013 852 3082 'posse,
876 3013 1031 3083 quaeuem
1044 2991 1185 3062 Romani

73 3098 232 3169 Pontificis
264 3098 489 3190 disciplinares
510 3100 598 3190 leges
623 3097 782 3166 habendae
809 3099 874 3167 sint
896 3106 1050 3191 tanquam
1076 3101 1184 3171 statim

74 3204 245 3298 obligantes
266 3208 388 3298 absque
408 3206 637 3298 acceptatione,
664 3227 818 3298 quaenam
839 3227 917 3273 non.
939 3205 1055 3275 Fateor
1078 3217 1109 3276 et
1124 3230 1185 3299 ego

28 3386 33 3395 ,
74 3333 135 3382 rem
152 3315 252 3402 mihi,
278 3315 375 3384 etiam
391 3324 463 3408 post
476 3315 577 3383 dictas
591 3313 736 3404 regulas,
754 3334 922 3382 remanare
936 3314 1182 3385 subobscuram.

27 3418 31 3475 ἱ
75 3419 131 3490 Nec
144 3423 243 3493 video
255 3445 322 3492 non
334 3445 427 3514 posse
443 3423 515 3490 dari
529 3419 662 3514 aliquod
679 3422 845 3490 decretum
861 3443 949 3489 mere
964 3419 1183 3514 disciplinate,

76 3531 161 3600 etiam
190 3554 301 3601 sacrm
329 3532 424 3614 ritus,
462 3540 518 3600 aut
543 3528 764 3611 csercnwnias,
794 3538 851 3599 aut
879 3543 1099 3613 sacramento,
1130 3540 1188 3600 aut

78 3637 257 3708 densorum
273 3639 379 3708 vitum
391 3639 595 3731 aliquatenus
610 3637 799 3729 respiciens,
822 3657 888 3726 quo
904 3643 1012 3704 umen
1028 3638 1185 3707 excitare-

78 3749 122 3814 tur
141 3749 238 3838 lorte,
262 3749 299 3816 in
318 3748 427 3841 aliqua
448 3749 594 3838 regione
620 3747 736 3815 nociva
752 3745 937 3832 commotio,
958 3745 1004 3813 ita
1018 3755 1056 3814 ut
1070 3747 1186 3816 melius

78 3865 149 3924 esset
174 3857 342 3926 decretum
363 3855 446 3924 illud
469 3877 529 3948 pro
554 3853 612 3922 tali
636 3853 769 3944 regione
785 3874 851 3922 non
867 3851 1005 3942 urgeri:
1028 3876 1094 3945 quo
1109 3877 1185 3924 casu

78 3980 134 4029 non
154 3963 251 4033 rideo
275 3961 440 4054 quomodo
463 3983 530 4031 non
552 3961 638 4030 licite
658 3967 911 4052 praeeumeretnr
930 3979 1078 4029 summus
1098 3962 1186 4032 Pon-

79 4068 149 4138 tilex
181 4071 364 4141 consentire
394 4077 432 4140 ut
468 4070 577 4139 statim
610 4091 670 4138 sua
698 4069 752 4136 lex
786 4091 852 4136 non
880 4067 1056 4158 obligaret,
1084 4068 1187 4139 donec

81 4174 153 4246 tacta
179 4180 220 4247 ab
244 4178 413 4272 Episcopis
436 4178 579 4269 regionis
608 4176 695 4245 illius
722 4175 969 4268 supplicatione,
1001 4174 1041 4245 de
1063 4175 1187 4268 judicio

83 4281 240 4358 definitivo
275 4295 395 4356 sanctae
429 4284 522 4355 Sedis
557 4291 727 4355 constaret.
762 4283 870 4370 Unde,
899 4283 927 4351 si
955 4282 1039 4352 mihi
1062 4284 1186 4378 liceret,

993 4397 1032 4456 15
