3042 4946
247 479 306 545 tto
595 499 768 548 macrinus
789 501 828 548 ns
850 501 1001 550 ramerus

241 663 316 725 nus,
341 638 374 706 id
400 645 459 724 est,
484 645 641 729 tanquam
664 647 823 731 peccator,
850 643 912 712 nisi
939 665 1051 712 revera
1076 651 1244 736 peccatum
1271 651 1353 712 esset

240 745 418 815 Ecclesiam
451 768 516 814 non
544 746 677 825 audire;
710 771 788 839 ergo
818 751 879 818 sub
907 760 1036 842 peccato
1061 759 1189 820 tenetur
1217 752 1353 843 quisque

241 853 416 922 Ecclesiam
430 851 555 939 andire,
573 852 608 921 id
623 861 683 940 est,
701 855 763 946 ipsi
786 855 913 925 docenti
928 867 960 926 et
974 859 1175 950 praecipienti
1189 881 1258 928 sese
1273 859 1352 926 sub-

240 961 346 1030 ditum
372 959 496 1047 lecere3
523 981 559 1027 ac
582 961 718 1050 proinde
743 963 849 1055 ipsam
872 965 1013 1056 ingredi.
1030 1003 1074 1018 -
1088 969 1187 1035 Pasce
1207 989 1280 1034 oves
1297 1019 1349 1046 ...‚

232 1089 333 1159 posce
353 1089 456 1157 opnor
474 1093 484 1133 :
502 1074 653 1137 tenentur
677 1092 793 1138 omnes
813 1081 882 1140 esse
906 1071 947 1141 de
969 1072 1047 1142 ovili
1069 1071 1208 1160 Christi;
1234 1073 1290 1142 sed
1309 1097 1351 1142 ex

239 1175 428 1246 auctoritate
450 1174 546 1244 Petro
570 1175 689 1246 tradita
710 1177 866 1268 qnalibet
885 1180 957 1248 ovis
978 1178 1099 1248 Christi
1124 1181 1284 1271 pascenda
1303 1189 1351 1250 est

238 1285 279 1353 ab
298 1283 486 1353 auctoritate
506 1281 675 1361 Ecclesiae3
699 1285 744 1352 ita
765 1294 801 1352 ut
824 1286 938 1355 Petrus
960 1287 1015 1379 jus
1037 1285 1151 1356 habeat
1172 1288 1351 1379 quamlibet

238 1415 334 1462 ovem
359 1390 480 1461 Christi
505 1389 673 1481 pascendi5
700 1413 737 1460 ac
762 1392 898 1484 proinde
923 1403 1030 1485 peccet
1052 1395 1123 1464 ovis
1143 1417 1218 1486 quaa
1242 1396 1351 1464 renuit

238 1524 306 1570 sese
330 1499 451 1590 pastori
474 1497 623 1566 Ecclesiae
651 1497 825 1588 subjicere;
855 1523 934 1589 ergo
957 1501 1040 1570 sicut
1062 1509 1189 1570 tenetur
1211 1504 1350 1594 quisque

238 1631 306 1679 esse
331 1605 401 1675 ovis
425 1603 559 1690 Christi,
580 1613 706 1676 tenetur
728 1606 879 1677 Ecclesia
905 1609 1048 1700 pascenti
1077 1630 1146 1677 sese
1174 1609 1348 1701 subjicere,

237 1720 324 1811 quod
342 1717 430 1786 idem
450 1726 498 1786 est
521 1739 558 1785 ac
579 1717 754 1786 Ecclesiam
783 1719 923 1809 ingredi.
940 1757 985 1772 -·
1002 1719 1062 1788 His
1079 1719 1213 1810 aliisque
1235 1720 1350 1788 multis

236 1827 379 1896 textibus
392 1825 570 1916 Scripturae
584 1825 676 1894 facile
689 1825 932 1896 demonstratur
944 1826 1120 1895 Ecclesiam
1132 1827 1177 1894 ita
1188 1849 1208 1894 a
1218 1826 1350 1896 Christo

235 1934 334 2004 luisse
356 1932 552 2020 institutam,
570 1940 606 2001 ut
624 1932 667 2000 ab
686 1933 840 2001 omnibns
860 1934 968 2002 stricta
985 1933 1184 2023 obligatione
1204 1935 1349 2002 ineunda

235 2044 288 2112 sit.

278 2151 338 2218 111²
358 2149 521 2219 Probatic.
537 2187 582 2202 --
601 2149 651 2218 Ex
673 2149 844 2218 traditione
865 2151 1015 2241 practica.
1031 2188 1075 2204 -
1090 2151 1231 2220 Emissis
1254 2152 1348 2220 omni

235 2270 380 2351 tempore
408 2256 544 2326 credidit
570 2265 603 2324 et
629 2258 774 2348 professa
799 2265 848 2326 est
875 2257 975 2326 luisse
1003 2258 1064 2327 sibi
1094 2259 1155 2328 hoc
1183 2281 1347 2328 munuca

232 2367 361 2436 Christo
375 2365 580 2456 impositum,
598 2373 635 2433 ut
655 2373 767 2455 gentas
786 2376 817 2433 et
840 2365 990 2434 homines
1013 2389 1126 2436 omnes
1146 2362 1295 2436 infideles
1311 2367 1346 2436 in

232 2475 341 2542 sinum
367 2494 464 2541 suum
487 2470 669 2558 advocaret,
692 2481 723 2541 et
744 2472 856 2541 devios
878 2495 935 2542 seu
963 2473 1134 2542 haereticos
1158 2474 1344 2560 reducerem

232 2581 308 2650 hinc
333 2578 504 2670 Apostolos
527 2600 583 2647 seu
609 2578 831 2648 missionarios
855 2579 1034 2671 deputavit,
1057 2581 1114 2672 qui
1138 2580 1179 2648 ab
1203 2580 1346 2649 Ecclesia

231 2687 401 2782 probatam
416 2685 598 2754 doctrinam
621 2685 784 2774 docerent,
802 2686 889 2776 leges
911 2687 1061 2756 Ecclesia
1078 2689 1294 2780 imponerent,
1313 2697 1347 2756 et

232 2797 430 2865 declararent
452 2794 670 2863 necessarium
691 2817 761 2863 esso
780 2794 821 2864 ad
843 2795 981 2864 salutem
1000 2794 1176 2864 Ecclesiam
1199 2796 1340 2884 ingredi.

229 2907 366 2996 Insuper
394 2924 527 2972 omnem
556 2903 740 2972 doctrinam
767 2927 835 2972 suae
860 2906 1057 2973 contrariam
1086 2904 1285 2997 reprobavit,
1311 2913 1344 2972 et

230 3033 374 3081 errorem
390 3010 577 3102 profitentes
596 3011 797 3080 anathemati
812 3012 944 3080 devovit
964 3022 1059 3104 atque
1083 3021 1240 3102 tanquam
1254 3035 1275 3080 a
1288 3035 1343 3080 sa-

229 3120 296 3188 lute
307 3119 429 3187 alienos
441 3116 565 3186 habuit.
578 3119 681 3186 Porro
694 3119 759 3187 nisi
772 3119 922 3190 Christus
931 3121 999 3212 ipse
1010 3120 1232 3189 necessitatem
1246 3143 1341 3190 reve-

228 3228 324 3297 lasset
345 3225 522 3296 Ecclesiam
546 3224 763 3316 ingrcdiendi,
779 3235 917 3297 errasset
937 3228 1080 3296 Ecclesia
1096 3228 1180 3296 hanc
1201 3231 1341 3298 necessi-

229 3345 327 3404 tatem
342 3335 460 3403 docens
470 3339 502 3401 et
516 3339 672 3425 unquam
685 3341 806 3402 certam
822 3356 882 3402 suo
893 3334 1011 3426 agendi
1025 3337 1124 3405 modo
1139 3359 1336 3428 supponens.

227 3441 321 3512 Unde
332 3442 374 3509 ab
385 3441 478 3509 initio
491 3449 523 3508 et
538 3448 694 3532 perpetuo
707 3449 809 3532 portae
824 3441 921 3510 inferi
935 3449 1046 3511 contra
1057 3443 1233 3512 Ecclesiam
1252 3467 1338 3536 prae-

226 3551 415 3636 valuissent,
431 3547 518 3640 quod
532 3569 703 3638 nunqnam
718 3558 914 3619 eventurum
929 3549 1105 3620 affirmavit
1117 3551 1278 3622 Christus.
1293 3592 1338 3606 -

224 3659 317 3726 Idem
340 3658 512 3726 confirmat
537 3655 666 3724 traditio
690 3657 833 3746 scripta:
856 3679 971 3726 omnes
991 3659 1080 3727 enim
1104 3662 1206 3729 sancti
1224 3662 1337 3731 Patres

225 3766 282 3857 qui
308 3773 420 3832 contra
443 3761 590 3832 infideles
613 3764 823 3856 scripserunt,
847 3787 901 3833 cos
928 3765 1113 3835 hahuerunt
1137 3777 1294 3860 tanquam
1316 3794 1338 3838 a

225 3871 327 3940 salute
342 3871 477 3957 alienos,
492 3869 688 3960 essequod
709 3870 863 3939 Ecclesiae
878 3871 1060 3942 doctrinam
1075 3896 1142 3943 non
1154 3876 1335 3967 amplecte-

225 3989 349 4047 rentur.
372 3978 495 4046 Omnes
510 3977 631 4069 pariter
645 3976 812 4046 haereticos
827 3978 1013 4048 habuerunt
1026 3991 1184 4072 tanquam
1197 4005 1217 4050 a
1232 3985 1334 4054 salute

223 4086 357 4172 alienos,
383 4107 423 4156 eo
448 4085 582 4178 proecise
606 4085 740 4156 nomine
763 4086 850 4178 quod
877 4089 919 4157 ab
942 4089 1084 4159 Ecclesia
1104 4099 1137 4160 ot
1162 4091 1204 4160 ab
1228 4093 1334 4184 ipsius

222 4191 370 4262 doctrina
382 4190 579 4279 recederent,
593 4195 666 4265 Non
683 4206 801 4284 potest,
819 4196 867 4264 cit
879 4196 1076 4289 Cyprianus,
1093 4203 1200 4269 Deum
1213 4201 1333 4276 habere
