3050 4946
373 465 433 531 502
723 485 896 532 rnicninus
918 485 956 531 nn
979 485 1132 532 rmnauus

371 648 443 694 oves
458 647 557 694 mens.
581 623 784 718 Impossibile
805 633 852 692 est
874 625 1017 716 aliquam
1038 624 1158 714 praefici
1178 623 1278 693 alicui
1303 623 1480 693 collectioni
1519 687 1520 704 ἶ

367 733 555 820 bominum,
578 740 610 801 et
634 733 711 802 istos
737 732 886 801 homines
908 733 948 802 ab
970 733 1042 824 ipso
1070 733 1246 824 gubernari
1279 743 1439 825 tanquam
1466 757 1480 801 a

366 850 495 936 pastore
516 864 607 928 oves,
629 841 691 910 nisi
710 841 847 910 visibilis
873 842 915 910 sit
938 842 996 934 qui
1020 843 1116 932 regit,
1133 851 1165 909 et
1184 840 1329 910 visibiles
1351 843 1414 933 qni
1435 865 1480 910 re

367 956 502 1041 guntur.
522 953 556 1016 3ο
574 947 807 1039 Quodcumque
830 949 994 1038 liqoceris,
1011 956 1073 1018 ete.
1093 950 1311 1040 Quacumque
1327 949 1481 1038 liqaoeri-

369 1057 421 1139 tis,
443 1067 503 1126 etc.
520 1056 565 1127 Ut
585 1056 703 1147 aliquis
724 1056 824 1125 homo
840 1055 917 1145 liget
930 1067 961 1124 et
976 1055 1080 1124 solvat
1100 1054 1183 1123 alios
1206 1055 1374 1142 homines,
1393 1057 1482 1124 debet

369 1165 443 1234 illos
458 1163 586 1250 videre3
603 1172 636 1232 et
651 1171 687 1232 ut
701 1163 911 1252 magistratus
932 1162 1101 1231 inferiores
1121 1184 1162 1230 ex
1179 1161 1348 1232 voluntate
1363 1163 1482 1254 princi-
1518 1161 1520 1214 ³

366 1274 419 1365 pis
434 1272 523 1341 idem
539 1271 642 1340 lacere
660 1271 796 1362 possint,
813 1269 906 1338 debet
928 1272 1078 1362 princeps
1099 1291 1169 1338 essa
1188 1270 1268 1362 ipsis
1283 1271 1440 1356 visibilis,
1454 1281 1481 1340 et

367 1383 430 1474 ipsi
451 1379 601 1472 principi.
628 1383 662 1445 t⁰
683 1377 805 1447 Eodem
827 1377 926 1448 modo
944 1379 1115 1448 visibilitas
1138 1378 1288 1448 concludi
1315 1387 1479 1470 potestas

368 1489 577 1582 sequentibus
592 1487 758 1557 textibus:
777 1487 865 1555 Alias
886 1509 958 1555 ones
979 1487 1081 1555 babeo
1105 1509 1178 1577 quat
1198 1509 1264 1555 non
1279 1499 1359 1554 sitm
1372 1488 1415 1556 ole
1427 1490 1478 1554 tac

369 1597 458 1679 ovili,
473 1609 504 1665 et
516 1595 591 1664 illas
603 1606 729 1686 oportet
743 1617 795 1662 nte
810 1593 979 1676 mutere,
994 1607 1025 1662 et
1041 1593 1176 1663 audient
1190 1615 1300 1661 vocem
1317 1617 1442 1676 meant,
1455 1609 1481 1661 et

365 1709 424 1797 fiet
438 1725 541 1773 mum
556 1702 638 1771 ovile
653 1713 684 1769 et
699 1723 783 1770 unm
801 1714 918 1794 pastor
935 1701 1062 1790 (loann.
1084 1705 1136 1789 tc,
1154 1701 1220 1792 to).
1240 1703 1351 1792 Caput
1372 1703 1482 1772 Gbris-

368 1825 432 1893 tus,
444 1835 484 1879 ee
495 1833 559 1902 quo
574 1822 681 1878 totum
695 1831 810 1900 corpus
821 1821 1027 1901 compactam
1041 1822 1072 1878 et
1085 1831 1268 1877 connexum
1277 1832 1341 1900 per
1357 1833 1483 1878 omnem

363 1923 560 2012 juncturam
573 1917 896 1997 subministrationis,
913 1916 1089 1985 secundum
1102 1917 1326 2008 operationem
1339 1919 1378 1986 in
1396 1943 1484 1988 nun-

371 2049 484 2096 suram
498 2027 753 2117 uniuscujusque
768 2025 916 2108 membri,
934 2039 1148 2116 augmentum
1168 2029 1313 2118 corporis
1330 2029 1369 2096 in
1384 2030 1484 2118 adifi-

369 2137 531 2206 eotionem
543 2136 596 2203 sui
609 2136 644 2203 in
659 2134 820 2202 ctoritate
834 2133 964 2224 (Ephes.
982 2138 1013 2216 t,
1034 2134 1077 2224 e).

413 2248 453 2314 [l.
467 2246 628 2315 Probatur
641 2242 823 2312 traditione.
841 2281 886 2295 —
898 2242 1078 2311 Abundans
1091 2252 1200 2313 textus
1213 2245 1355 2313 Patrnm
1371 2255 1404 2315 et
1416 2271 1482 2316 mc-

370 2364 528 2425 nnmcnta
546 2351 759 2443 antiquitatis,
775 2352 894 2442 quibus
913 2359 1037 2421 constat
1057 2351 1232 2421 Ecclesiam
1249 2353 1376 2423 Christi
1396 2377 1483 2423 sem-
1519 2429 1520 2438 ,

370 2486 427 2557 per
446 2460 640 2529 intellectam
662 2459 761 2527 fuisse
785 2468 940 2550 tanquam
958 2459 1141 2527 societatem
1163 2467 1335 2528 externam
1354 2471 1389 2528 et
1409 2463 1485 2530 visi-

369 2563 481 2641 bilem.
498 2569 612 2640 Videri
632 2576 769 2660 possunt
793 2568 954 2659 precipua
981 2567 1172 2660 hujusmodi
1192 2570 1383 2640 testimonia
1401 2571 1485 2662 apud

369 2679 535 2769 Tournely
556 2686 587 2746 et
608 2675 715 2745 ticoli.
740 2675 929 2765 (Religionis
952 2677 1109 2747 naturalis
1131 2685 1162 2745 et
1184 2677 1338 2748 revelata
1363 2679 1488 2771 princi-

371 2789 437 2880 pia,
454 2795 477 2855 t.
494 2786 551 2874 ΙΙΙ,
569 2807 642 2877 pag.
663 2783 731 2874 94.)

415 2896 471 2963 111.
489 2893 648 2961 Probatur
662 2913 704 2960 cx
722 2891 806 2961 tacto
828 2892 1024 2961 visibilitatis
1046 2893 1196 2962 Ecclesiae
1202 2919 1212 2981 ;
1230 2917 1306 2986 quae
1323 2895 1484 2965 nimirum

371 3004 483 3074 statim
499 3002 539 3071 ab
555 3000 690 3070 exordio
711 3023 771 3069 suo
787 2999 923 3069 visibilis
943 3023 1012 3070 esse
1034 3001 1143 3093 acepit,
1159 3011 1191 3071 at
1210 3002 1284 3071 talis
1303 3005 1485 3096 permansit

372 3109 526 3202 usquead
541 3115 737 3200 presentem
753 3107 852 3176 diem.
867 3107 1070 3177 —Christus
1084 3107 1174 3176 enim
1190 3109 1272 3178 sicut
1286 3111 1401 3178 verbis
1416 3134 1487 3180 om-

361 3223 452 3290 ‘nino
466 3216 635 3286 fallacibus
649 3236 729 3282 usus
743 3214 867 3304 luisset,
885 3217 913 3283 si
934 3215 1111 3285 Ecclesiam
1132 3224 1261 3285 tantum
1283 3217 1484 3288 invisibilem

372 3327 528 3399 voluisset
543 3321 750 3408 constituere,
768 3321 812 3390 ita
825 3332 857 3390 et
870 3323 1043 3414 Apostolos
1057 3323 1177 3414 quibus
1191 3345 1273 3415 opus
1288 3323 1372 3394 illud
1390 3349 1485 3395 exse-

371 3437 540 3532 quendum
571 3431 739 3499 mandavit
767 3433 802 3499 in
830 3453 975 3502 errorem
1003 3433 1194 3501 induxisset.
1219 3433 1306 3502 Nam
1335 3435 1377 3502 de
1407 3437 1486 3504 facto

372 3542 518 3638 Apostoli
535 3546 716 3616 statuerunt
730 3538 906 3608 Ecclesiam
923 3540 1099 3626 visibilem,
1111 3549 1143 3608 et
1156 3539 1298 3610 Ecclesia
1311 3541 1387 3611 hacc
1401 3567 1486 3612 sem-

371 3675 429 3746 per
445 3647 582 3718 visibilis
604 3645 834 3739 perseveravit,
850 3654 881 3714 et
895 3669 1025 3738 semper
1042 3647 1262 3716 visibilitatem
1285 3649 1488 3718 existimavit

369 3771 527 3851 tanquam
542 3754 684 3823 formam
700 3753 761 3821 sibi
776 3753 957 3845 propriam.
976 3753 1114 3846 Semper
1127 3755 1215 3823 enim
1230 3755 1385 3825 Ecclesiae
1400 3781 1486 3851 pra-

371 3870 434 3938 fnit
460 3861 637 3934 monarcha
665 3859 817 3948 visibilis,
843 3861 1013 3930 Romanus
1037 3861 1157 3930 scilicet
1182 3862 1352 3950 Pontiicx;
1377 3877 1411 3933 et
1431 3889 1487 3957 per

370 3979 494 4070 ipsum,
511 3993 569 4040 nec
584 3991 649 4037 non
664 3989 722 4058 per
736 3967 871 4036 concilia
885 3968 1037 4055 visibilia,
1051 3969 1138 4059 leges
1160 3969 1313 4038 credendi
1324 3979 1356 4040 ct
1367 3973 1488 4063 agendi

369 4088 443 4155 laten
467 4088 558 4166 sunt3
585 4085 617 4144 et
641 4076 700 4168 qui
723 4075 801 4144 huic
825 4075 1006 4146 auctoritati
1029 4076 1149 4146 visibili
1174 4077 1374 4164 restiterunt,
1399 4103 1488 4148 sam-

370 4214 427 4285 per
449 4189 490 4258 ab
517 4183 658 4255 Ecclesia
683 4183 802 4252 Christi
827 4183 982 4252 excidisse
1011 4185 1150 4276 reputati
1176 4193 1264 4253 sunt.
1293 4185 1397 4279 Ergo,
1425 4189 1486 4256 nisi
