3048 4954
305 479 344 544 fil
658 501 834 550 runerirns
855 505 894 550 ur
918 505 1071 554 sarsurus

301 667 321 708 a
335 643 423 732 Papa
437 640 648 717 confirmato:
664 651 734 711 eta
757 645 884 713 fortiori
903 648 1040 718 concilis
1062 649 1270 740 particularia
1284 659 1317 718 ct
1336 671 1422 741 pre·
1513 713 1514 740 ¹

300 752 356 820 lati
386 751 523 820 seorsim
543 753 667 843 sumpti
692 753 837 844 impunes
862 765 941 824 sunt
959 755 1103 824 ierendae
1129 755 1319 848 hujusmodi
1335 758 1421 848 juris
1513 741 1514 768 ¹

299 859 404 927 divini
418 859 626 928 declarationi
649 883 725 951 quur
744 861 918 931 universos
940 863 1088 953 obliget:
1106 887 1186 954 ergo
1205 873 1238 932 et
1257 865 1310 932 hee
1331 865 1421 954 leger

300 966 436 1052 divinae,
452 979 614 1057 watenes
633 967 897 1059 interpretatione
915 969 1108 1060 obligatoria
1127 973 1265 1058 vestite,
1289 981 1375 1040 reete
1402 999 1422 1042 a

299 1075 389 1167 Papa
403 1073 544 1144 firmate
560 1075 726 1145 dicuutur.
740 1081 775 1144 7⁶
784 1077 889 1167 Leges
901 1077 1032 1164 locales,
1047 1101 1080 1146 v.
1098 1103 1133 1168 g.
1147 1080 1298 1172 Episcopi
1311 1080 1346 1148 in
1361 1103 1422 1149 sua

299 1184 442 1270 dioecesi,
468 1207 534 1252 non
554 1192 639 1253 recte
660 1184 797 1276 quidem
813 1184 1001 1255 dicerentur
1022 1188 1213 1256 anctoritate
1237 1187 1335 1278 Papae
1360 1190 1419 1255 fir-

277 1333 281 1338 ·
301 1301 411 1379 mate,
439 1293 505 1360 nisi
525 1315 564 1361 eo
585 1315 684 1362 sensu
704 1293 792 1384 qnod
808 1292 897 1385 Papa
910 1301 1102 1385 potestatem
1117 1295 1234 1364 haheat
1246 1317 1301 1363 eas
1315 1295 1422 1363 corri-

299 1401 399 1492 gendi
422 1409 454 1469 et
482 1401 646 1486 irritandi,
671 1411 704 1469 et
724 1403 814 1494 qnod
840 1423 896 1472 cas
920 1425 987 1472 non
1013 1403 1173 1472 irritando
1188 1403 1299 1495 aliquo
1320 1425 1420 1471 sensu

298 1510 455 1578 indirecte
478 1531 533 1578 eas
561 1509 734 1578 confirmet
753 1535 762 1574 :
779 1511 836 1578 sed
860 1511 948 1600 leges
977 1513 1055 1580 istas
1082 1512 1123 1580 ad
1149 1499 1205 1602 jus
1223 1511 1419 1579 sanonicum

299 1618 409 1686 stricte
434 1625 619 1708 sumptum,
644 1615 684 1684 de
711 1640 777 1709 qno
794 1617 980 1687 deliniendo
1000 1617 1053 1687 hic
1073 1620 1195 1708 agitur,
1224 1641 1291 1686 non
1314 1619 1421 1709 pcrti-

300 1736 395 1802 neut;
420 1747 500 1814 ergo
518 1723 666 1791 delinitio
678 1726 830 1794 convenit
843 1727 999 1795 omnibus
1014 1726 1144 1816 legibus
1156 1725 1199 1794 ad
1211 1726 1266 1817 jus
1285 1726 1420 1794 canoni-

300 1855 376 1901 cum
406 1833 517 1900 stricte
545 1831 668 1900 dictum
690 1834 946 1922 pertinentibus3
970 1855 1050 1923 ergo
1074 1835 1227 1904 convenit
1250 1833 1309 1902 toti
1329 1833 1420 1901 defi-

300 1943 383 2010 nito.

343 2051 385 2116 ll.
410 2048 573 2118 Convenit
596 2047 659 2116 soli
680 2045 825 2116 definito.
853 2049 937 2117 Nam
968 2049 1123 2141 quelibet
1149 2051 1204 2118 lex
1227 2050 1418 2120 auctoritate

299 2155 466 2250 pontificia
492 2155 623 2223 firmata
641 2162 673 2223 et
692 2155 734 2223 ad
757 2157 881 2225 bonnm
904 2157 1075 2248 spirituale
1098 2157 1245 2226 fidelium
1264 2157 1416 2242 tendens,

297 2273 344 2334 est
365 2266 425 2334 lroo
444 2265 516 2355 ipso
535 2262 689 2332 mnonica
714 2272 746 2330 ct
768 2286 845 2355 pars
859 2264 945 2355 juris
964 2265 1115 2333 canonici
1143 2265 1251 2333 stricte
1278 2267 1416 2356 sumpti,

296 2373 384 2465 quod
395 2380 444 2440 est
456 2371 675 2440 indubitatum
691 2371 778 2462 apud
795 2394 922 2440 omnes.
946 2372 1035 2460 Ergo
1048 2372 1141 2440 nulla
1155 2395 1224 2440 esse
1246 2381 1349 2463 potest
1361 2373 1417 2441 lex

296 2484 349 2551 cni
364 2481 536 2550 conveniat
549 2480 706 2566 delinitio,
723 2489 755 2548 et
770 2503 846 2572 quae
870 2503 936 2548 non
956 2482 997 2548 sit
1017 2504 1094 2550 rere
1113 2489 1145 2548 et
1159 2482 1290 2572 proprie
1312 2503 1417 2550 cano-

296 2591 390 2677 nice;.
401 2611 480 2679 crgo
503 2589 565 2658 defi
571 2589 649 2656 nitio
669 2611 736 2656 non
749 2591 901 2658 convenit
915 2589 980 2659 nisi
992 2590 1070 2658 solis
1088 2589 1219 2678 legibus
1232 2591 1397 2657 canonicis
1405 2617 1415 2676 3

294 2721 374 2789 ergo
388 2699 539 2765 convenit
553 2696 615 2764 soli
627 2694 772 2764 delinito.
793 2696 936 2766 Aliunde
951 2697 1103 2766 convenit
1127 2698 1187 2766 toti
1202 2723 1211 2782 3
1230 2719 1310 2786 ergo
1332 2697 1415 2786 legi-

295 2809 376 2874 tima
389 2815 448 2873 est.

338 2916 423 2982 ilinc
443 2913 595 3002 colligere
617 2921 666 2980 nst
691 2935 757 2982 nou
776 2915 942 2982 immerito
964 2915 1019 3005 jus
1040 2916 1233 2983 canonicum
1257 2935 1278 2980 a
1302 2907 1434 2982 multis

293 3023 460 3117 preclaris
474 3019 660 3089 doctoribus
664 3021 757 3111 juris
762 3022 931 3112 pontificii
939 3025 1072 3092 nomine
1083 3023 1183 3092 fuisse
1194 3022 1392 3112 insignitum
1404 3051 1411 3102 ;

293 3155 367 3225 quae
391 3127 562 3221 appellatio
589 3136 691 3196 totam
717 3129 942 3198 definitionem
963 3139 1109 3200 nostram
1134 3131 1231 3200 unico
1254 3129 1413 3200 vocabulo

291 3253 341 3313 sat
354 3241 526 3312 commode
539 3237 799 3330 comprehendit.

336 3355 520 3422 Pnorosrrro
535 3355 565 3418 2.
584 3387 629 3402 -
642 3353 701 3418 lus
714 3349 909 3416 canonicum
935 3348 1050 3416 latiori
1070 3361 1104 3416 ct
1117 3347 1301 3438 improprio
1316 3369 1411 3414 sensu

292 3462 492 3530 intellectum
518 3469 602 3525 recte
626 3456 758 3548 definiri
783 3469 891 3547 potest
906 3481 919 3536 ,·
934 3456 1115 3546 complexio
1142 3455 1252 3545 lequm
1278 3473 1411 3546 equo·

290 3592 427 3662 eumque
436 3579 632 3659 potestatem
647 3565 866 3654 lepislutc'vum
890 3563 1138 3632 ecclesiasticum
1151 3562 1346 3652 possidente,
1374 3564 1410 3630 in

292 3679 409 3746 bonum
424 3675 596 3767 spirituale
607 3673 759 3764 fidelium
771 3674 1000 3762 (innotarum.

334 3787 470 3868 Dicitur,
493 3807 514 3850 o
529 3805 733 3874 utrocumque
750 3793 948 3873 potestatem
973 3780 1192 3868 lepislotioam
1214 3778 1410 3848 ecclesiasti—

288 3917 361 3963 cam
385 3891 590 3985 possidente;
617 3891 717 3958 etsie
742 3891 777 3956 in
803 3890 879 3980 jure
904 3887 1060 3957 canonico
1084 3885 1410 3978 comprehenduntur

287 4007 375 4092 leges
388 4003 586 4089 legatorum
606 3997 700 4066 Sedis
723 3997 918 4086 Apostolicae
938 3995 1292 4085 incircumscriptione
1311 3994 1407 4083 lega—
1513 3997 1514 4044 l

289 4117 385 4184 tionis
408 4135 493 4188 snae;
516 4109 607 4196 leges
629 4103 830 4195 synodorum
855 4102 1109 4192 provincielium
1135 4123 1196 4192 pro
1218 4102 1406 4192 respectivis

287 4222 484 4320 provinciis;
509 4217 597 4305 leges
623 4213 860 4303 Episcoporunr
894 4231 954 4300 pro
983 4210 1051 4280 suis
1076 4209 1289 4296 dioecesibus;
1316 4209 1405 4299 leges
