3050 4946
511 550 593 598 Jnnrs
614 549 767 598 canonici.
1136 535 1196 598 ‹ltt

75 697 109 757 et
131 689 277 760 Leunoio
300 692 744 760 communicationibus
769 690 894 760 Coelius
917 691 1196 781 Piceolominaeus,

77 806 157 866 tunc
179 800 213 866 in
238 799 344 867 Gallio
366 801 513 886 nuntius,
537 799 648 869 eudem
672 799 750 867 lolia
777 801 981 889 recuperavit
1003 824 1021 868 e
1050 804 1199 872 manibus

77 909 167 975 Petri
182 907 221 976 de
243 909 363 994 Marce,
379 919 411 977 et
425 909 570 977 retinuit.
589 907 678 977 Ohiit
693 907 882 976 Holstenius
901 929 1011 976 mense
1034 910 1200 980 februario

75 1017 156 1082 enni
183 1020 268 1084 1660
286 1046 294 1096 ;
313 1026 345 1084 et
368 1024 491 1108 postea,
511 1015 621 1100 idest,
644 1015 772 1083 circiter
785 1037 872 1082 enno
889 1019 986 1102 1662,
1002 1015 1087 1085 liher
1101 1019 1201 1087 Diur-

76 1147 155 1210 nus,
180 1125 275 1216 eujus
299 1124 493 1212 divulgatio,
522 1124 563 1191 ite
590 1123 802 1191 sentientibus
816 1121 971 1190 Romanis
996 1125 1197 1213 censoribus,

76 1232 248 1323 hueusque
262 1230 361 1298 dilata
377 1232 494 1313 luerat,
512 1231 641 1298 decreto
654 1230 789 1297 omnino
805 1249 998 1320 suppressus
1013 1239 1071 1298 est.

123 1341 207 1407 Hine
227 1340 374 1428 ingentes
395 1337 623 1406 hoereticorum
639 1346 671 1406 et
684 1337 822 1404 aliorum
845 1337 988 1427 querelae
1008 1365 1014 1404 :
1031 1341 1198 1430 Suppres-
1239 1345 1244 1352 '

73 1449 198 1517 sionem
215 1449 309 1517 illam
326 1449 383 1538 (ait
396 1447 614 1516 heterodoxus
626 1447 805 1533 Fabricius,
824 1448 859 1514 in
869 1446 1071 1514 Bibliotheca
1083 1449 1199 1518 medior

76 1571 108 1625 et
126 1559 250 1648 infime
271 1557 460 1645 latinitatis)
478 1579 499 1623 a
523 1556 701 1624 curialibus
724 1556 891 1645 maqistris
907 1567 937 1622 et
953 1556 1198 1646 inquisitoribus

71 1669 202 1756 saetam
222 1666 388 1745 Romanis,
415 1677 527 1757 utpote
541 1687 608 1732 non
628 1663 725 1732 modo
739 1676 900 1753 tanquam
915 1665 1080 1754 injustam
1095 1680 1125 1733 et
1144 1689 1199 1734 co-

74 1773 219 1862 qnitioni
236 1773 446 1863 antiquitatis
468 1771 685 1840 ecclesiastice
709 1771 979 1862 inopportunam,
1004 1772 1062 1840 sed
1085 1787 1199 1841 contu-

74 1881 246 1948 meliosum
281 1903 407 1971 quoqne
434 1880 470 1947 in
504 1880 693 1969 Pontificem
721 1891 752 1946 et
787 1879 967 1946 Ecclesiam
998 1885 1196 1965 Romanam,

74 1987 178 2054 variis
200 1988 413 2078 epistolarum
433 1987 509 2056 loeis
528 1987 677 2076 ecaqitat
696 1987 874 2055 Launoius.
901 1987 927 2053 E
944 1986 1198 2059 Protestautium

74 2107 161 2165 secte
182 2097 366 2165 Tentaelius
392 2119 457 2164 nou
485 2098 594 2164 minus
626 2097 742 2165 acriter
769 2097 803 2162 in
827 2096 909 2162 hunc
935 2097 1197 2187 suppressionem

75 2205 245 2271 invehitur
262 2231 270 2270 ε
289 2203 457 2272 Launoius
478 2204 635 2292 eaiqunm
657 2205 893 2292 fraqmentam
925 2200 1007 2269 duas
1035 2204 1196 2272 nimimm

71 2312 153 2400 fidei
172 2313 438 2404 professiones
472 2325 585 2380 nactus
611 2323 668 2392 est,
699 2333 815 2402 easque
841 2323 912 2378 tam
933 2311 1066 2400 sortiter
1081 2325 1196 2380 contra

76 2421 187 2488 Certe
214 2443 359 2488 romana
385 2421 521 2488 asseclas
545 2421 627 2487 ursit
645 2446 655 2486 .·
669 2419 751 2510 quid
772 2432 872 2508 putas
892 2441 967 2486 eum
982 2421 1198 2508 saetarumsi

74 2528 200 2616 inteqro
224 2528 306 2595 libra
326 2529 451 2618 potitus
471 2528 608 2618 scincet?
626 2527 778 2616 (Exercit.
799 2531 829 2610 9,
849 2550 880 2617 p.
902 2527 992 2615 stt.)
1009 2527 1196 2620 Eademque

72 2631 116 2700 de
145 2657 242 2701 eausa
276 2635 469 2702 lutheranus
503 2634 666 2702 Antonius
695 2634 846 2702 lleiserus
883 2633 1067 2702 Lanuuium
1102 2645 1196 2704 vocet

74 2753 188 2809 testem
216 2754 247 2809 et
274 2744 485 2833 consessorem
521 2743 668 2810 veritatis
702 2741 1080 2831 evanqelicoeatbaliasc.
1113 2741 1194 2823 Quae

73 2850 302 2918 haeretieorum
331 2851 443 2918 laudes
469 2851 568 2939 dignu
588 2850 734 2918 Lanuuio
749 2850 839 2918 fuere
854 2849 997 2917 effrenis
1011 2858 1042 2916 et
1060 2848 1195 2918 demeu-

72 2957 209 3025 tissimee
225 2957 370 3026 eudseiee
386 2959 534 3048 precaria.

117 3064 269 3133 Baluzius
295 3067 403 3156 (Nate
427 3066 473 3134 ad
494 3066 669 3155 Anqustini
690 3077 873 3134 tractatum
894 3065 934 3134 de
955 3066 1195 3135 Emmattone

75 3174 244 3254 Gratiani,
272 3197 305 3264 p.
339 3174 413 3264 335)
448 3175 630 3264 suspicatus
658 3184 706 3240 est
734 3175 807 3241 ideo
831 3175 1042 3265 suppressum
1070 3175 1192 3244 lihrum

71 3281 252 3367 Diurnum,
275 3281 353 3372 quia
374 3283 407 3347 in
429 3280 524 3348 initio
538 3280 682 3348 nimium
697 3282 804 3349 multa
818 3283 904 3350 circa
921 3284 1107 3353 electionem
1127 3293 1191 3355 Ro-

71 3391 168 3456 mani
205 3389 373 3478 Pontificis
409 3389 598 3456 tribuuntur
634 3389 829 3478 imperatori
864 3403 895 3456 et
931 3395 1071 3460 eparcho
1101 3395 1194 3485 apud

71 3503 265 3567 Rauennam
289 3500 519 3567 commoranti.
545 3501 611 3567 Alii
636 3501 715 3567 alius
741 3502 967 3591 excogitarunt
991 3509 1192 3596 suppressio-

70 3607 124 3674 nis
161 3629 285 3676 musas.
323 3608 443 3675 Verum
478 3617 587 3675 eutem
622 3629 752 3676 causatu
791 3610 939 3699 patefecit
971 3611 1132 3699 Zaccnriu,
1159 3625 1191 3682 et

71 3715 144 3784 haec
157 3729 232 3784 est:

116 3826 153 3892 In
172 3825 314 3893 monada
327 3827 523 3917 professione
534 3825 614 3916 fidei
632 3826 773 3894 Romani
791 3826 960 3894 Pontifieis
978 3828 1087 3919 (editio
1102 3831 1190 3898 Gar-

71 3933 167 4018 uerii,
188 3955 263 4024 pag.
293 3935 360 4023 ll),
382 3935 479 4002 simul
498 3957 572 4002 cum
600 3934 821 4002 monothelitis
836 3934 1011 4004 damnetur
1024 3937 1190 4009 Honorius

71 4041 160 4132 Papa
179 4068 186 4107 :
203 4045 355 4108 Auctores
380 4065 454 4109 vero
479 4043 558 4109 novi
578 4042 722 4110 baeretiei
742 4041 905 4132 daqmatis
920 4045 1086 4134 Serqiam,
1103 4050 1191 4137 qu-

71 4150 182 4232 rbam,
211 4150 355 4217 Paulum
377 4163 406 4218 et
428 4151 565 4218 Petram
596 4151 986 4243 Constantinopolitanos,
1019 4177 1087 4222 una
1114 4180 1189 4226 cum

72 4259 229 4340 Hormi-ia,
249 4259 306 4349 qui
317 4259 431 4348 pravis
446 4281 560 4326 eorum
573 4260 804 4329 assertionibus
815 4263 1001 4350 fomentum
1016 4263 1188 4354 impendit,
