3022 4950
258 464 298 532 62
609 480 784 530 mucianus
808 483 846 528 01.
869 483 1022 530 enisurus

254 627 377 716 Leges,
404 624 496 692 verbi
519 626 636 714 gratia,
664 647 744 716 quas
769 647 922 694 summus
947 625 1101 696 Pontifex
1129 625 1191 692 lert
1215 631 1371 715 tanquam

256 732 444 826 temporalis
459 732 609 825 princeps
624 732 664 801 ad
680 733 827 822 regimen
843 743 945 802 status
969 734 1140 826 pontificii,
1157 747 1224 802 uon
1236 731 1304 824 juri
1319 754 1374 800 ea-

258 843 373 912 nonicc
400 841 456 912 sed
483 841 574 910 civili
602 841 805 912 accersendas
834 852 922 914 sunt.
948 843 1074 912 Dicitur
1096 847 1128 910 4⁰
1149 841 1374 912 definitionem

257 951 340 1019 hanc
360 947 475 1019 referri
492 956 620 1017 tautum
642 948 683 1017 ed
700 949 755 1041 jus
771 951 965 1018 canonicum
985 951 1096 1018 stricte
1109 961 1289 1042 sumptum.
1315 947 1377 1017 Jns

257 1059 346 1128 enirn
371 1057 564 1126 canonicum
587 1057 688 1150 accipi
717 1065 821 1150 potest
844 1067 916 1126 tum
940 1059 1048 1127 latiori
1076 1079 1185 1146 sensu,
1215 1065 1378 1148 quatenus

237 1247 240 1252 ¹
257 1168 481 1260 complectitur
498 1191 613 1237 omues
625 1169 713 1259 leges
726 1169 966 1256 ecclesiastices,
990 1169 1086 1237 etiam
1105 1168 1177 1236 illas
1193 1187 1378 1259 (1110511101-

256 1277 313 1345 lati
336 1277 506 1346 inferiores
525 1278 636 1348 lerunt
656 1279 691 1346 in
715 1278 865 1370 proprios
883 1277 1053 1364 subditos,
1078 1286 1149 1346 tum
1170 1274 1324 1344 strictiori
1345 1285 1379 1342 et

257 1389 345 1480 apud
359 1387 542 1457 canonistas
554 1387 767 1480 frequentiori
784 1409 893 1469 sensu,
910 1394 1069 1478 quatenus
1082 1393 1233 1454 constans
1248 1389 1377 1450 tantum

256 1493 384 1583 legibus
397 1493 438 1561 ab
454 1495 644 1564 auctoritate
660 1495 694 1562 in
707 1495 881 1564 universos
901 1493 1012 1562 fideles
1030 1491 1291 1586 jurisdictionem
1318 1489 1378 1557 ha-

257 1603 353 1671 bente
366 1601 516 1670 firmatis.

301 1687 465 1780 Probatur
482 1711 682 1782 delinitionis
695 1711 885 1802 legitimitns
904 1739 911 1780 :
929 1719 979 1780 sat
998 1709 1062 1780 erit
1075 1709 1256 1796 ostendere,
1283 1705 1377 1774 illam

259 1819 317 1887 toti
330 1827 361 1888 et
376 1820 436 1888 soli
448 1819 583 1892 delinito
597 1822 795 1908 convenirc3
818 1845 893 1892 cum
908 1819 1040 1892 aliunde
1052 1820 1162 1889 brevis
1176 1818 1217 1887 sit
1232 1825 1264 1885 ct
1281 1815 1379 1898 elaris

258 1926 409 1996 terminis
422 1950 587 2021 expressa.

302 2035 329 2104 1.
352 2033 512 2105 Convenit
542 2036 598 2106 toti
625 2037 674 2104 rei
697 2034 904 2123 definiendae,
927 2057 1045 2127 nempe
1066 2034 1196 2124 legibus
1222 2032 1380 2102 omnibus

260 2143 381 2236 quibus
394 2152 518 2212 constat
541 2144 596 2235 jus
614 2145 811 2212 canonicum
827 2145 934 2212 stricte
949 2152 1132 2234 sumptum.
1150 2140 1273 2210 Omnes
1286 2140 1379 2208 enim

259 2252 449 2344 hujusmodi
479 2252 566 2342 leges
593 2251 745 2321 videntur
772 2253 919 2344 sequenti
948 2253 1193 2322 enumeratione
1228 2272 1380 2340 compre-

261 2360 360 2429 hendi
379 2387 386 2427 :
408 2363 439 2428 1⁰
464 2360 599 2430 Decreta
621 2360 663 2428 ab
689 2360 768 2452 ipsis
793 2361 935 2429 summis
953 2359 1167 2429 Pontificibus
1193 2357 1233 2426 ad
1255 2358 1379 2463 bonum

260 2467 428 2560 spirituale
444 2467 592 2536 fidelium
606 2467 750 2536 conlecta
763 2476 795 2535 et
808 2467 1027 2558 promulgate.
1048 2469 1151 2536 Porro
1167 2466 1217 2535 his
1233 2466 1380 2534 maxime

260 2577 410 2645 convenit
435 2575 603 2660 deliniti03
629 2585 706 2642 sunt
732 2597 862 2667 nempe,
887 2584 924 2644 ut
946 2583 1043 2667 petet,
1072 2577 1160 2665 leges
1190 2575 1380 2644 auctoritate

260 2684 358 2776 Pepae
374 2685 528 2752 firmatae.
548 2686 581 2749 2⁰
597 2683 733 2752 Decreta
752 2683 928 2752 concilium
943 2686 1236 2768 oecnmenicorum,
1254 2705 1330 2776 quae
1345 2683 1380 2750 iu

257 2794 332 2886 jure
348 2793 503 2862 canonico
516 2799 629 2860 01110111
645 2791 790 2882 plurima
805 2813 812 2856 :
828 2791 884 2860 sed
902 2799 934 2860 et
951 2793 1020 2862 istis
1040 2792 1193 2862 convenit
1215 2791 1378 2879 definitio;

260 2923 338 2968 uam
358 2899 572 2970 conciliorum
594 2899 873 2967 oecumenicoruui
898 2898 1027 2968 decreta
1051 2899 1169 2968 debent
1190 2924 1210 2970 a
1230 2901 1381 2968 Romano

260 3009 432 3100 Episcopo,
460 3007 585 3076 Christi
606 3007 641 3074 in
662 3007 756 3075 terris
773 3007 908 3094 vicario,
931 3009 1132 3097 confirmari,
1158 3031 1216 3078 uec
1240 3008 1310 3078 siue
1326 3008 1382 3077 illa

262 3117 510 3186 confirmatione
524 3117 594 3184 11111
616 3114 758 3184 habent:
776 3137 843 3184 non
864 3139 943 3207 ergo
957 3125 1128 3186 transeunt
1151 3118 1186 3185 in
1203 3118 1258 3209 jus
1283 3139 1381 3186 ceno·

262 3227 390 3313 uicum,
406 3225 469 3294 uisi
483 3247 540 3316 per
561 3224 677 3293 vicarii
689 3225 778 3292 Petri
792 3224 1087 3294 confirmeu'oncm.
1112 3226 1208 3294 Recte
1222 3249 1300 3316 ergo
1316 3225 1381 3293 dici

264 3340 399 3426 possunt
412 3333 511 3402 etiam
525 3331 587 3400 ista
601 3331 741 3420 decreta,
761 3342 921 3425 quatenus
932 3334 989 3426 jus
1007 3333 1141 3421 faciunt,
1163 3333 1250 3422 leges
1265 3341 1381 3402 aucto-

263 3444 356 3512 ritate
380 3443 477 3533 Papae
504 3443 720 3510 confirmatae.
753 3447 784 3510 3⁰
813 3443 948 3512 Decreta
969 3443 1184 3512 conciliorum
1208 3444 1382 3534 particula-

262 3551 365 3636 rium,
387 3571 462 3640 quae
487 3549 521 3616 in
550 3549 606 3640 jus
637 3550 833 3618 canonicum
858 3549 1057 3618 transierunt
1076 3573 1083 3614 :
1100 3558 1132 3620 et
1156 3549 1208 3617 his
1232 3552 1383 3619 corrvenit

264 3657 419 3726 definitio.
452 3656 537 3726 Nam
566 3658 701 3726 concilia
729 3657 785 3725 illa
810 3680 875 3726 non
904 3657 1090 3726 habuerunt
1117 3659 1183 3726 nisi
1208 3659 1383 3727 limitatam

262 3765 544 3859 jurisdictionem
574 3789 634 3835 nec
660 3766 795 3859 proinde
830 3767 1004 3836 valuerunt
1029 3767 1156 3857 legibus
1186 3767 1254 3836 suis
1283 3767 1385 3857 ligare

267 3876 331 3944 nisi
344 3875 493 3967 proprios
506 3873 664 3943 subditos.
692 3875 795 3963 Leges
820 3896 898 3963 ergo
921 3874 988 3942 illae
1012 3896 1079 3944 non
1093 3882 1269 3967 potuerunt
1285 3875 1385 3967 injus

267 3983 460 4052 canonicum
487 4003 663 4050 commune
688 3989 719 4047 et
739 3981 846 4048 stricte
867 3979 992 4048 dictum
1012 3983 1163 4069 transire,
1179 3982 1245 4050 uisi
1259 3982 1293 4049 vi
1307 4005 1386 4050 auc-

269 4091 407 4159 toritatis
423 4089 600 4180 superioris
615 4090 695 4156 etin
717 4088 889 4157 universos
913 4088 1026 4160 fideles
1043 4088 1306 4182 jurisdictionem
1327 4091 1386 4162 ha-

270 4198 384 4270 bentis.
418 4198 482 4266 1510
511 4204 621 4266 autem
651 4197 799 4289 superior
823 4199 998 4268 auctoritas
1024 4221 1091 4268 non
1120 4197 1258 4268 aliaest
1286 4221 1385 4294 quem

1502 2993 1503 3010 l

1502 4723 1503 4734 1

1502 4735 1503 4754 1

1502 4755 1503 4766 t

1502 4779 1503 4795 l

1445 4814 1452 4824 ’
1502 4799 1503 4872 1
