3042 4946
599 461 680 507 auars
703 463 855 510 aaronica
1225 441 1280 510 571
1336 426 1338 435 ¹

159 597 361 686 clesiasticis,
389 606 420 668 et
447 605 556 668 tamen
585 623 651 669 non
675 623 745 669 esse
768 601 981 690 ordinariam,
1018 603 1073 672 sed
1101 603 1281 694 delegatam

162 713 306 774 tantum.
339 707 463 777 Tamen
491 717 659 801 reputatur
679 718 711 780 et
739 719 788 778 est
818 732 932 780 revera
969 711 1115 804 delegata
1141 719 1282 798 tuntum,

162 815 299 906 quando
319 815 374 909 jus
393 817 485 887 illam
507 819 630 908 tribuit,
648 843 714 890 non
737 819 861 890 ratione
875 821 984 910 officii,
1002 822 1058 890 sed
1073 845 1131 916 per
1148 821 1282 891 modum

163 925 313 1016 specialis
338 929 589 997 commissionis.
618 929 659 998 Et
683 930 784 1000 sicin
808 931 920 998 multis
941 930 1094 1023 Episcopi
1119 931 1284 1001 constituti

163 1042 244 1102 sunt
258 1033 361 1125 ajurc
377 1034 515 1128 delegati
530 1036 624 1106 Sedis
638 1038 848 1130 Apostolicoe.

210 1141 315 1211 Valde
333 1145 482 1214 notabilia
495 1155 543 1214 est
564 1147 696 1214 allectus
711 1146 923 1238 delegationis
936 1146 1026 1217 illius
1041 1171 1060 1215 a
1076 1147 1159 1217 Sede
1176 1149 1283 1241 Apos-

166 1250 263 1318 tolica
282 1252 449 1347 Episcopis
470 1255 575 1322 facta.
601 1255 686 1323 Nam
702 1255 833 1348 quaudo
845 1255 997 1348 Episcopi
1013 1263 1159 1326 statuunt
1174 1265 1211 1326 ut
1227 1259 1287 1328 de-

165 1357 265 1448 legati
280 1358 372 1428 Sedis
394 1361 603 1453 Apostolicae,
629 1363 768 1432 minime
791 1371 895 1456 potest
910 1365 1066 1456 appellari
1080 1365 1121 1434 ab
1136 1367 1283 1457 ipsorum

166 1469 326 1538 sententia
349 1469 389 1538 ad
413 1472 714 1565 Metropolitanum,
742 1473 797 1543 sed
818 1473 859 1542 ud
873 1473 1074 1565 delegantem
1094 1483 1235 1562 tantum,
1251 1475 1284 1542 id

166 1584 215 1644 est
231 1599 403 1648 summum
417 1579 622 1650 Pontificem.

212 1685 414 1778 Quandoque
429 1689 595 1780 Episcopis
611 1689 799 1759 conceditur
809 1699 845 1760 ut
862 1690 1034 1783 procedere
1045 1692 1173 1760 valeant
1185 1691 1286 1760 etiam

167 1805 328 1885 tanquam
352 1794 494 1886 delegati
517 1797 611 1867 Sedis
634 1801 835 1891 Apostolicre.
862 1799 912 1870 Oh
932 1799 1029 1870 istam
1054 1823 1166 1870 vocem
1184 1801 1285 1869 etium

167 1901 366 1970 concludunt
385 1904 561 1972 canonistas
579 1907 612 1973 in
637 1907 785 1999 ipsorum
805 1908 942 1977 arbitrio
961 1932 1028 1977 esse
1043 1918 1080 1978 ut
1095 1908 1282 2000 procedant,

166 2009 219 2076 vel
245 2019 400 2103 tanrpram
423 2011 605 2100 Ordinarii,
632 2015 684 2082 vel
708 2025 865 2107 tanquam
893 2017 1043 2106 delegati.
1069 2018 1107 2084 ln
1127 2017 1228 2085 dubio
1241 2040 1282 2084 an

167 2117 346 2210 Episcopus
359 2142 439 2188 usus
455 2119 553 2189 luerit
563 2120 787 2213 jurisdictione
802 2145 862 2190 sua
875 2124 1053 2210 ordinaria,
1067 2146 1109 2191 an
1123 2147 1202 2193 vero
1223 2124 1285 2192 de-

167 2226 285 2318 legata,
303 2237 452 2300 censetur
467 2253 544 2298 cum
564 2229 711 2321 delegata
731 2234 846 2321 egisse.
869 2231 1000 2318 «Tum,
1016 2231 1062 2300 ait
1077 2232 1287 2300 Reiffeustuel

172 2361 189 2399 a
216 2337 260 2426 (iu
288 2341 302 2402 l
326 2338 468 2426 Decret,
486 2339 536 2406 tit.
555 2343 610 2426 29,
626 2362 659 2407 n.
680 2341 746 2430 38),
767 2340 845 2432 quia
862 2347 1003 2432 potestas
1022 2339 1121 2431 Papae
1140 2337 1287 2429 delegata

174 2469 189 2508 a
213 2445 275 2512 sihi
292 2447 398 2536 magis
413 2455 462 2516 est
477 2447 669 2534 honorifica,
686 2455 758 2516 tum
774 2447 863 2539 quia,
877 2455 1010 2539 propter
1021 2447 1284 2539 appellationem,

173 2579 190 2618 c
213 2555 253 2622 ad
274 2576 447 2626 summum
466 2555 659 2625 Pontificem
674 2556 846 2626 dumtaxat
868 2577 1067 2643 concessam,
1084 2556 1191 2624 rarius
1206 2577 1284 2626 con-

174 2689 190 2727 c
214 2663 310 2753 tingit
323 2664 489 2756 appellari.
516 2691 532 2730 a
721 2665 726 2672 ’

216 2777 246 2840 l.
264 2773 436 2865 Multiplex
460 2782 509 2842 est
528 2773 704 2843 discrimen
724 2774 958 2843 attendendum
980 2774 1179 2843 ordinariam
1201 2774 1286 2842 inter

170 2891 201 2948 et
228 2881 409 2973 delegatam
431 2883 704 2975 jurisdictionem.
725 2884 850 2965 Primo,
869 2883 1053 2952 ordinarius
1072 2883 1220 2975 superior
1230 2882 1286 2973 ju-

171 2990 393 3060 risdictionem
420 3015 513 3060 suam
541 2992 735 3081 regulariter
761 2991 910 3084 delegare
935 3000 1039 3084 potest
1068 3017 1075 3058 r
1105 2990 1284 3080 delegatus,

172 3100 240 3168 siae
263 3099 392 3192 speciali
415 3099 593 3190 delegantis
616 3101 835 3188 concessione,
852 3109 908 3169 aut
930 3101 995 3168 nisi
1008 3100 1050 3169 sit
1064 3099 1230 3189 delegatus
1244 3097 1287 3166 ad

172 3208 447 3277 universalitatem
471 3229 657 3296 causarum,
681 3217 737 3278 aut
757 3209 821 3276 nisi
844 3208 1012 3298 delegatus
1031 3210 1074 3277 sit
1088 3231 1108 3275 a
1120 3207 1284 3299 Principe,

174 3316 206 3384 id
229 3325 277 3384 est
297 3316 398 3408 Papa,
427 3315 638 3405 subdelegare
663 3316 787 3407 nequit.
812 3315 974 3397 Secrmdo,
996 3315 1111 3384 citatus
1136 3337 1156 3382 a
1176 3313 1286 3406 judice

173 3423 349 3511 ordinario,
381 3423 408 3490 si
437 3422 603 3492 dubitetur
632 3422 671 3490 de
696 3424 770 3514 jure
796 3423 939 3510 citantis,
970 3430 1097 3490 tenetur
1120 3422 1233 3491 venire
1256 3429 1289 3490 et

173 3553 334 3624 exponere
363 3553 421 3600 cur
449 3530 709 3622 jurisdictionem
736 3531 863 3599 citantis
892 3538 1032 3612 recuset;
1062 3531 1140 3623 quia
1169 3553 1287 3623 nempe

173 3663 302 3733 semper
325 3639 540 3732 presumitur
562 3662 622 3731 pro
644 3639 869 3731 jurisdictione
892 3637 1058 3707 ordinaria
1076 3639 1176 3708 donec
1196 3638 1285 3706 aliud

173 3750 335 3841 probetur.
364 3749 503 3817 Econtra
520 3746 637 3814 citatus
657 3746 838 3838 adelegato
860 3767 1049 3838 comparere
1064 3767 1130 3814 nou
1146 3753 1286 3834 tenetur,

174 3859 235 3926 nisi
259 3857 322 3925 sibi
346 3856 386 3925 de
407 3855 606 3946 delegatione
629 3856 721 3947 prius
748 3854 830 3923 fides
855 3854 923 3923 liat.
949 3855 1036 3924 Nam
1061 3855 1203 3947 aliquem
1219 3878 1288 3924 esse

174 3965 359 4057 delegatum
388 3971 435 4032 est
465 3963 544 4054 quid
573 3963 667 4042 lacti;
690 3963 775 4032 laeta
804 3971 914 4032 autem
944 3985 1010 4033 non
1038 3970 1286 4054 presumuntur

175 4075 235 4142 nisi
263 4074 453 4167 probentur.
484 4070 579 4141 Uudc
604 4079 729 4163 recepta
758 4070 870 4162 praxis
900 4070 1007 4159 hahet,
1035 4071 1123 4164 quod
1148 4070 1287 4162 delegati

175 4193 347 4276 antequam
377 4183 539 4274 incipiant
565 4182 755 4252 exercitium
782 4206 850 4253 suae
881 4182 1136 4270 commissionis,
1166 4181 1288 4252 soleant
