3022 4950
280 473 319 538 lt
631 493 805 540 ranorlrus
828 493 867 538 oe
889 493 1042 540 barbanus

278 632 404 717 omnia;
428 655 507 722 ergo
529 641 657 702 tenetur
680 633 777 702 bomo
792 635 895 701 Deum
911 633 1065 702 omnibus
1087 642 1301 725 anteponere;
1321 631 1396 702 linis

277 749 386 808 autem
400 740 537 810 ultimus
551 741 646 810 estid
661 741 749 832 quod
764 741 862 810 bomo
886 740 1025 811 intendit
1039 752 1071 810 ot
1084 742 1158 815 ¹vult
1171 765 1270 834 super
1283 743 1396 812 omnio

277 857 309 916 et
337 848 492 917 omnibus
518 849 704 941 anteponit,
737 848 898 940 siquidem
935 843 1055 936 homo,
1086 872 1238 942 quaerens
1266 849 1394 942 aliquid

229 1001 232 1006 -
276 964 430 1047 tanquam
447 958 546 1026 finem
565 957 735 1044 ultimum,
752 979 818 1025 non
833 957 904 1024 vuit
927 965 1044 1025 catara
1066 957 1129 1024 nisi
1150 966 1305 1049 tanquam
1326 979 1396 1025 me·

276 1062 331 1131 dia
348 1063 390 1132 ad
412 1065 510 1132 finem
531 1063 645 1144 ilium;
668 1085 747 1154 ergo
768 1073 969 1156 praeceptum
993 1063 1153 1154 diligendi
1173 1065 1278 1134 Deum
1296 1087 1396 1156 snper

276 1173 385 1240 omnia
413 1165 465 1241 'est
493 1179 693 1264 praeceptum
720 1170 875 1240 tendendi
905 1172 946 1240 ad
977 1171 1082 1242 Deum
1111 1180 1266 1264 tanquam
1295 1171 1394 1240 hem

277 1279 443 1350 ultimum.
1199 1299 1207 1308 ’

320 1395 482 1464 Probatur
496 1399 542 1462 2⁰.
559 1394 666 1464 Homo
680 1416 831 1486 quaersns
847 1396 969 1464 bonnm
985 1419 1152 1467 summum
1167 1407 1262 1468 extra
1273 1398 1392 1484 Deum,

276 1501 348 1571 vult
369 1502 430 1570 boo
451 1502 523 1593 ipso
537 1503 661 1571 bonum
675 1523 843 1572 summum
858 1524 916 1572 sou
934 1501 1100 1573 infinitum
1117 1527 1186 1575 esse
1199 1505 1278 1574 aiibi
1293 1527 1394 1598 quom

275 1613 310 1679 in
325 1613 411 1698 Deo;
438 1633 517 1702 ergo
532 1612 593 1680 boo
607 1611 679 1704 ipso
692 1611 764 1682 vult
778 1611 883 1681 Deum
907 1635 974 1682 non
991 1636 1061 1682 esse
1080 1615 1205 1684 bonum
1224 1637 1392 1684 summum

275 1743 333 1788 seu
347 1718 533 1806 infinitum;
560 1741 639 1810 ergo
662 1719 767 1788 tendit
786 1719 828 1789 ad
844 1721 903 1790 Dei
917 1720 1170 1792 destructionem
1184 1745 1242 1792 seu
1257 1721 1394 1792 annibi-

273 1826 427 1897 lationem
439 1858 447 1909 ;
472 1850 547 1920 quae
567 1827 733 1896 tendentia
746 1827 827 1897 adeo
840 1837 888 1897 est
901 1852 943 1897 ex
958 1837 1077 1900 natura
1092 1854 1151 1900 sua
1164 1829 1350 1899 inordinata
1360 1838 1394 1898 et

273 1935 360 2006 bono
380 1937 538 2028 opposito,
555 1944 592 2005 ut
619 1937 682 2004 nisi
705 1935 832 2005 dicatur
855 1946 1023 2029 poooatnm
1048 1951 1079 2008 et
1104 1939 1227 2009 malum
1253 1939 1388 2025 morale,

275 2044 359 2112 nibil
371 2045 631 2135 peccaminosum
647 2065 704 2112 seu
720 2044 880 2136 culpabile
894 2047 1003 2114 vocari
1019 2047 1147 2138 poterit.

318 2159 398 2227 Item
423 2180 482 2250 per
506 2157 589 2225 bano
614 2155 811 2226 tendentium
839 2158 937 2226 bomo
959 2158 1069 2227 deficit
1090 2184 1110 2228 a
1134 2161 1221 2228 bono
1246 2182 1387 2246 summo,

274 2291 349 2338 enm
365 2266 448 2336 illud
464 2277 589 2358 quaerat
613 2266 670 2334 ubi
687 2289 752 2335 non
768 2275 828 2353 est,
845 2287 961 2358 nempe
976 2267 1011 2334 in
1031 2269 1128 2336 rebus
1148 2269 1284 2356 oreatis3
1310 2290 1390 2357 ergo

274 2377 377 2446 tendit
402 2374 443 2445 ad
464 2398 533 2445 sese
556 2383 711 2467 perpetuo
734 2374 931 2466 privandum
956 2377 1043 2445 bono
1069 2376 1166 2468 pleno
1187 2385 1219 2445 et
1244 2376 1386 2463 infinito,

274 2507 340 2576 quo
361 2493 470 2554 tamen
493 2506 535 2552 ex
556 2483 697 2551 essentia
720 2505 780 2550 sua
801 2483 935 2552 omnino
958 2483 1085 2574 indiget
1110 2485 1146 2552 in
1165 2492 1389 2575 aeternumqne

234 2576 244 2590 ⁸
273 2591 452 2682 indigebit3
471 2613 549 2680 ergo
565 2589 669 2657 tendit
684 2589 725 2657 ad
741 2609 809 2657 sese
825 2589 1087 2659 constituendum
1106 2591 1141 2658 in
1156 2598 1244 2660 statu
1259 2613 1388 2660 summe

273 2699 391 2768 misero
406 2707 438 2768 et
459 2719 587 2766 summe
609 2695 811 2783 deordinata,
828 2698 863 2765 in
883 2697 1003 2768 damno
1025 2699 1146 2768 seilicet
1166 2700 1287 2768 summi
1309 2699 1389 2768 boni

274 2829 401 2899 semper
426 2806 559 2899 appetiti
584 2812 615 2873 el
637 2827 807 2897 nunquam
829 2807 1026 2898 possidendi.
1053 2808 1173 2896 Porro,
1200 2817 1233 2877 et
1258 2831 1299 2878 ex
1326 2808 1387 2878 bae

272 2925 375 3012 parte,
405 2914 558 3009 praediota
582 2915 746 2984 tendentia
772 2922 820 2984 est
842 2923 960 2985 notura
982 2941 1042 2987 sna
1061 2916 1186 2985 malum
1209 2926 1240 2985 et
1255 2916 1387 2986 deordi-

273 3026 375 3113 natio‚
388 3032 421 3093 et
435 3024 530 3115 culpa
543 3044 601 3090 seu
616 3022 748 3092 vitium.
773 3023 861 3113 Ergo
875 3024 917 3091 ad
931 3025 1102 3093 vitandum
1125 3047 1291 3094 summum
1315 3048 1387 3094 ma·

271 3133 341 3202 lum
367 3142 399 3200 et
421 3139 599 3224 peceatum,
627 3130 786 3199 incumbit
805 3131 932 3200 bomini
947 3133 1078 3224 proprie
1093 3132 1179 3201 dioto
1194 3142 1225 3201 et
1239 3135 1386 3223 rigoroso

272 3239 444 3310 necessitas
455 3235 607 3308 tendendi
621 3237 662 3306 ad
678 3239 783 3307 Deum
799 3247 955 3331 tauquam
971 3239 1071 3308 finem
1084 3239 1248 3309 ultimum.

781 3585 801 3676 ς
823 3581 882 3656 1v.

271 3807 398 3863 Prndiolo
410 3801 535 3873 obligatio
551 3799 678 3857 tendendi
693 3801 726 3853 ad
747 3801 830 3852 Deum
846 3805 969 3864 tanquam
985 3801 1063 3851 tinem
1079 3799 1201 3854 ultimum
1216 3805 1255 3852 est
1267 3801 1383 3853 omniurn

488 3887 673 3954 obligationum
689 3889 715 3935 et
728 3883 794 3948 iuris
810 3883 934 3948 cujusque
949 3883 1154 3935 tundamentum.

314 4107 422 4176 Posito
448 4104 540 4174 enim
568 4101 723 4196 praediola
751 4097 960 4191 obligatione,
992 4109 1119 4169 tenetur
1146 4099 1244 4168 bomo
1273 4123 1381 4168 amore

269 4237 368 4308 super
381 4212 492 4284 omnia
498 4213 602 4282 Deum
610 4211 709 4279 sicuti
723 4221 787 4290 ost;
802 4231 881 4298 orgo
894 4216 1022 4278 tenetur
1037 4231 1146 4277 amare
1158 4231 1257 4299 super
1270 4208 1382 4278 omnia
