3068 4948
530 465 613 512 runrs
635 465 787 512 aaronica
1153 443 1213 512 261

98 601 190 692 Ergo
213 609 399 693 potuerunt,
420 611 553 696 propter
574 603 803 674 accidentalem
829 609 957 672 tentum
983 603 1079 698 illem
1093 609 1125 672 et
1147 606 1217 672 suis

97 709 302 800 temporibus
320 711 486 803 propriam
509 711 745 800 difficultatem,
762 712 904 781 Romani
924 712 1097 784 Pontifices
1118 737 1217 806 regn-

96 815 213 885 leriter
236 825 267 884 et
295 825 478 886 constanter
503 819 669 912 requirere
697 817 816 888 barum
844 821 1216 892 excommunicationum

96 924 132 991 in
148 925 330 1015 provinciis
345 926 595 1019 publicationem
613 953 620 995 :
638 927 695 1020 qui
713 927 740 996 si
758 926 877 996 nostris
891 927 1097 1020 temporibus
1112 929 1217 998 vixis·

95 1041 183 1120 sent,
200 1033 334 1102 sublatis
353 1035 424 1102 istis
442 1033 704 1122 difficultatibus,
722 1035 856 1104 minime
877 1045 933 1104 aut
948 1037 1054 1106 rarius
1069 1037 1216 1107 eamdem

95 1141 355 1231 requisivissent.
376 1142 470 1213 Unde
491 1166 534 1212 ex
559 1143 627 1214 eolo
652 1143 752 1235 huJus
775 1143 888 1235 praxis
912 1143 1009 1232 facto,
1032 1144 1217 1214 nullatenus

95 1249 250 1318 concludi
274 1259 378 1341 potest
402 1252 436 1320 in
463 1252 600 1343 antiqua
625 1251 769 1320 Ecclesia
792 1251 1014 1321 existimatam
1038 1252 1137 1322 luisse
1159 1277 1216 1322 ue-

94 1357 269 1427 cessa'riam
295 1359 334 1428 de
360 1360 435 1451 jure
461 1359 602 1430 naturali
626 1367 683 1429 aut
710 1359 825 1432 divino
852 1360 941 1430 illem
971 1359 1006 1428 in
1036 1361 1217 1452 provinciis

94 1467 364 1558 publicationem.

141 1575 325 1646 Psorosnro
343 1581 373 1646 3.
391 1615 436 1631 --
448 1579 566 1648 Prasia
587 1578 732 1670 antiqua
752 1577 903 1648 Ecclesia
920 1579 1163 1670 promulgandi
1182 1580 1216 1648 in

87 1687 273 1778 provinciis
292 1687 419 1756 demeto
445 1687 645 1779 doqmctica,
661 1701 823 1781 perpetuo
846 1709 946 1780 osque
966 1687 1013 1756 od
1036 1689 1214 1762 recentiora

94 1807 247 1887 tempora
263 1797 492 1887 perseveravit.
509 1795 691 1866 -Vernm
707 1803 754 1864 est
774 1796 809 1864 in
830 1796 965 1889 entique
986 1797 1127 1866 Ecclesia
1146 1797 1215 1866 llo-

93 1927 211 1974 menos
239 1906 413 1976 Pontifices
442 1915 473 1975 et
501 1907 648 1977 Concilio
680 1914 863 1976 constanter
891 1906 1055 1977 curavisse
1084 1915 1121 1976 ut
1155 1931 1214 1977 sua

94 2013 224 2082 decreta
237 2014 419 2104 dogmatice
431 2037 489 2106 per
502 2013 685 2107 provincias
699 2014 954 2106 publicarentur.
970 2015 1039 2082 lloc
1054 2023 1213 2084 testentur

93 2122 179 2190 facte
195 2122 230 2190 in
254 2124 414 2216 superiori
431 2123 637 2215 paragrapho
656 2124 769 2194 relate.
794 2124 930 2194 Decreta
951 2123 1079 2192 concilii
1098 2123 1213 2193 Serdi-

92 2233 199 2298 censis
217 2231 259 2300 ed
280 2253 393 2300 omnes
414 2231 563 2300 cmlesias
585 2231 682 2300 missa
703 2239 790 2300 sunt.
818 2231 898 2299 ltem
925 2231 1067 2322 Epistola
1091 2231 1212 2300 Zosimi

92 2339 206 2430 Papae.
224 2341 303 2408 ltem
318 2341 453 2432 epistola
468 2340 571 2408 sancti
585 2339 704 2408 Leonis
723 2337 764 2407 ed
784 2337 978 2407 Flavianum
994 2337 1035 2404 ab
1053 2338 1210 2430 episcopis

93 2446 207 2515 debuit
229 2447 399 2516 subscribi.
425 2447 504 2516 ltem
523 2446 684 2515 Martinus
707 2447 795 2538 Papa
814 2444 941 2514 decretu
964 2444 1093 2514 concilii
1113 2445 1210 2514 Late-

90 2557 241 2625 renensis
264 2557 355 2626 misit
368 2557 409 2626 ad
425 2555 626 2642 Amandum,
644 2566 679 2625 ut
694 2557 735 2624 ab
753 2555 922 2647 Episcopis
941 2554 1118 2646 provincia
1139 2577 1208 2624 suae

90 2665 148 2734 illa
161 2666 323 2734 subscribi
338 2674 478 2747 curaret.
490 2665 672 2734 Marcianus
687 2665 864 2757 imperator
876 2664 1003 2734 curavit
1017 2664 1050 2732 in
1065 2664 1209 2732 ecclesiis

91 2775 158 2863 legi
188 2783 259 2843 acte
285 2773 412 2842 concilii
441 2772 722 2844 Chalcedonensis.
751 2773 900 2842 Gelasius
928 2773 1017 2865 Papa
1043 2773 1208 2841 mandevit

91 2882 261 2973 Episcopis
276 2881 451 2951 Dardanias
467 2890 503 2951 ut
514 2904 607 2950 suam
623 2890 735 2950 contre
747 2881 902 2950 Acacium
917 2881 1086 2972 epistolam
1101 2881 1208 2950 omni-

91 2990 153 3057 bus
184 2989 349 3059 catholicis
376 2997 408 3058 ct
440 2988 651 3058 schismaticis
682 2997 791 3058 notem
827 2989 979 3058 lacerent.
1012 2988 1078 3058 Leo
1107 2990 1137 3057 ll
1166 2987 1207 3056 ad

91 3099 267 3189 Episcopus
282 3097 449 3189 Hispania
474 3097 560 3165 misit
579 3097 680 3166 sextae
704 3097 911 3166 mcumenicae
930 3096 1048 3188 synodi
1063 3097 1206 3165 subscri-

91 3205 198 3274 benda
213 3215 245 3274 et
262 3205 485 3274 confirmanda
504 3205 642 3273 decreta.
664 3205 729 3274 Nec
750 3205 874 3280 inutilis
892 3212 961 3275 eret
981 3205 1042 3274 iste
1062 3206 1205 3297 antiquae

91 3313 245 3382 Ecclesiae
261 3313 454 3382 sollicitudo.
473 3312 557 3381 Cum
577 3314 664 3381 enim
687 3335 762 3403 quae
784 3312 826 3382 ad
844 3311 943 3382 fidem
966 3321 1110 3405 spectent
1126 3313 1206 3382 adeo

91 3425 156 3494 sint
171 3421 266 3492 saluti
281 3423 472 3509 necessaria,
487 3423 600 3512 magni
613 3422 768 3492 intererat
787 3430 823 3491 ut
844 3422 1048 3492 definitiones
1068 3423 1206 3513 dogma-

93 3533 163 3600 ticm
189 3532 224 3599 in
252 3531 291 3598 iis
318 3531 499 3622 praesertim
526 3529 714 3619 regionibus
740 3530 796 3598 uhi
825 3529 887 3598 orti
914 3530 1044 3598 fuerant
1065 3554 1202 3614 errores,

90 3661 190 3732 quem
205 3637 443 3708 accuratissime
464 3637 725 3728 divulgarentur.
744 3639 807 3706 Per
821 3638 893 3706 illas
912 3638 1033 3730 ubique
1052 3642 1206 3732 repetitas

91 3745 319 3816 definitionum
348 3744 604 3835 dogmaticarum
633 3745 1208 3836 promulgationes,confutabuntur

91 3876 217 3923 errores
232 3861 265 3922 et
278 3852 319 3923 ed
341 3853 557 3944 integritatem
579 3850 656 3920 fidei
674 3859 819 3921 errantes
840 3853 933 3921 multi
954 3854 1202 3926 reducebantur.

132 3959 199 4030 ssd
215 3983 330 4032 verum
344 3969 392 4030 est
406 3961 502 4030 etiarn
522 3961 641 4029 hancce
656 3961 784 4052 praxim
806 3960 914 4054 quoad
928 3961 1055 4031 decreta
1069 3964 1206 4056 dogma-

92 4070 152 4138 tica
170 4091 340 4161 nunquam
361 4092 510 4140 cessasse.
532 4069 647 4138 Sixtus
661 4069 709 4138 lV
724 4091 811 4140 enno
830 4073 912 4138 1478
930 4071 971 4140 ad
987 4072 1206 4166 archiepisco-

94 4200 170 4270 pum
192 4176 385 4250 Toletenum
409 4177 497 4252 misit
519 4178 656 4267 litteras,
678 4177 799 4271 quibus
822 4187 853 4248 et
872 4179 1112 4252 damnabantur
1133 4205 1209 4276 pro-
