3072 4948
538 449 620 496 roms
643 450 794 496 sruourcr.
1163 429 1220 495 391

100 611 121 651 «
148 586 220 656 vim
236 589 408 680 obligandi
424 590 545 660 nedum
565 613 625 682 pro
643 590 714 659 loro
730 596 879 676 externo,
897 589 952 660 sed
968 590 1067 658 etiam
1081 611 1141 682 pro
1154 588 1224 658 loro

99 723 120 760 a
146 699 381 770 conscientie:
407 700 494 771 unde
515 701 543 768 si
564 699 687 768 alicubi
709 720 751 767 ex
772 698 923 788 longaeve
941 697 1175 769 consuetudine
1194 709 1226 768 ct

101 806 420 876 «concurrentibus
450 807 521 876 aliis
554 804 795 876 conditionibus
826 804 981 874 hactenns
1014 805 1223 890 enumeratis,

100 939 121 978 a
148 913 331 984 celebretur
354 915 423 985 dies
445 915 582 986 festivus
604 913 706 984 veluti
726 911 766 982 de
789 919 964 1004 praecepto,
986 911 1108 1004 absque
1123 911 1226 982 dubio

100 1048 122 1088 a
148 1023 181 1091 is
200 1023 358 1114 obligabit
378 1026 475 1096 etiem
496 1047 555 1118 pro
571 1025 643 1094 foro
659 1024 787 1093 interno
802 1032 835 1091 et
847 1022 1062 1092 conscientiae.
1086 1024 1135 1092 lta
1149 1047 1226 1092 sen-

100 1157 122 1196 a
148 1132 253 1200 tentia
272 1133 476 1221 communis;
503 1143 536 1203 ct
557 1140 646 1226 patet
665 1154 707 1200 ex
728 1153 850 1202 canone
869 1131 932 1200 lllc
947 1143 1071 1212 eutem,
1089 1129 1226 1201 distinc-

102 1265 122 1304 α
148 1238 248 1308 tionis
274 1243 326 1326 rt,
351 1240 408 1310 ubi
431 1239 595 1334 loquendo
616 1263 677 1335 pro
699 1240 771 1308 loro
794 1239 1011 1324 conscientie,
1036 1245 1133 1331 atqua
1152 1241 1226 1308 evi-

102 1373 123 1411 a
148 1347 250 1416 tando
272 1359 414 1439 peccato,
438 1348 500 1419 boc
524 1349 633 1440 ipsum
657 1348 798 1416 traditur
817 1345 857 1416 dc
876 1346 1082 1416 observantia
1093 1347 1223 1439 jejunii,

102 1483 122 1520 a
147 1456 289 1546 allegato
308 1457 367 1526 illo
390 1457 425 1528 S.
443 1457 610 1526 Ambrosii
633 1454 754 1526 effato:
783 1456 869 1524 Crem
889 1459 1031 1524 Romam
1049 1455 1155 1538 venio,
1167 1457 1225 1547 je·

102 1589 122 1628 e
142 1566 234 1656 Jeme
255 1567 412 1649 cabima,-
436 1587 511 1636 mem
533 1563 712 1636 Mediolani
731 1585 818 1646 sum,
836 1585 903 1632 non
918 1563 1070 1654 jejuno:
1093 1572 1226 1656 propter

101 1697 121 1737 c
147 1659 314 1744 diversam
337 1674 488 1744 videlicet
511 1675 683 1764 utriusque
706 1671 858 1742 Ecclesiae
879 1669 1160 1740 consuetudinem.
1188 1673 1224 1742 ld

102 1807 122 1846 ιι
146 1783 258 1874 ipsum
274 1783 440 1855 convincit
455 1781 538 1850 ratio
555 1780 727 1852 manifesta
744 1808 751 1850 :
769 1780 848 1872 quia
863 1779 1064 1850 consuetudo
1079 1803 1139 1873 pro
1154 1782 1225 1872 lege

102 1915 123 1953 a
146 1889 336 1981 suscipitur,
362 1897 473 1980 estque
490 1887 546 1979 jus
566 1909 633 1956 non
654 1888 832 1979 scriptnm3
860 1908 940 1977 ergo
960 1887 1044 1956 sicut
1059 1888 1113 1956 lex
1129 1888 1225 1980 juxta

102 2023 122 2061 a
147 1998 293 2066 meteriae
316 1997 505 2090 qualitatem
531 1995 654 2086 obligat
675 1997 711 2064 in
733 1995 939 2084 conscientia,
965 1995 1011 2065 ita
1034 2005 1066 2064 et
1088 2019 1224 2068 consue-

105 2132 124 2170 «
148 2105 273 2174 rudo.»
304 2105 540 2197 (Reiffenstuel,
568 2104 638 2172 loeo
660 2102 770 2190 citato,
796 2125 831 2170 n.
856 2103 945 2192 158.)
968 2141 1013 2154 —
1036 2108 1070 2170 2⁰
1095 2104 1224 2198 Suppo-

100 2210 196 2280 nitur
208 2219 317 2281 autem
332 2211 534 2282 consuetudo
548 2209 666 2280 debitis
681 2209 815 2279 aliunde
828 2209 1070 2280 conditionibus
1077 2213 1197 2290 ‘vestita
1213 2241 1220 2280 :

104 2347 123 2384 e
146 2321 230 2389 Num
251 2321 286 2388 in
306 2323 401 2414 praxi
422 2321 464 2390 ad
479 2320 688 2390 asserendam
703 2317 893 2410 hujusmodi
906 2317 1152 2408 obligationem,
1170 2321 1223 2390 vel

105 2455 123 2492 a
148 2429 291 2498 maxime
312 2430 375 2500 erit
397 2427 631 2499 attendendum
654 2434 766 2496 utrum
787 2433 878 2494 actus
897 2425 946 2493 illi
964 2449 983 2494 a
1000 2427 1114 2518 majori
1131 2437 1221 2520 parte

104 2565 123 2602 «
148 2539 390 2608 communitatis
413 2537 536 2606 luerint
556 2535 684 2628 publice
706 2533 902 2625 frequentati
922 2533 1017 2625 quasi
1035 2557 1077 2602 ex
1092 2535 1222 2626 obliga-

105 2673 123 2710 α
148 2645 246 2734 tione,
272 2645 435 2738 simulque
461 2644 645 2714 exstiterint
670 2641 850 2710 uniformes
876 2663 913 2708 ac
938 2641 1128 2732 voluntarii,
1154 2667 1221 2714 non

105 2782 123 2819 a
147 2763 255 2823 autem
279 2777 321 2822 ex
343 2775 454 2823 errore
473 2753 585 2844 aliquo
605 2750 855 2842 procedentes...
881 2749 1005 2818 Deinde
1020 2752 1152 2844 quando
1165 2776 1221 2822 sn-

105 2889 123 2926 a
147 2862 266 2953 perior,
292 2871 329 2930 ut
354 2869 433 2952 puta
455 2861 635 2952 Episcopus
658 2858 734 2945 loci,
763 2879 916 2949 expresse
942 2859 1140 2929 contradixit
1166 2862 1221 2930 tali

108 2998 123 3034 a
146 2969 373 3040 consuetudini
385 2965 646 3054 introducenda,
663 2966 770 3057 palam
783 2971 832 3034 est
844 2965 940 3036 talem
953 2968 1220 3039 consuetudinem

107 3107 124 3144 e
147 3079 215 3148 lore
237 3078 430 3167 invalidum,
448 3078 557 3169 sicque
577 3099 643 3145 non
659 3075 804 3166 obligare
821 3098 880 3167 pro
898 3075 971 3145 foro
987 3078 1192 3149 conscientiae
1212 3107 1219 3148 ε

108 3215 123 3254 a
148 3187 299 3256 deficeret
317 3187 406 3255 enirn
425 3207 603 3255 consensus
624 3182 815 3274 superioris,
839 3184 936 3252 etiam
957 3183 1071 3274 legalis
1091 3195 1124 3255 et
1141 3188 1222 3256 taci-

107 3324 124 3361 «ι
146 3307 210 3384 tus,
228 3296 270 3365 ob
285 3293 478 3387 hujusmodi
491 3273 679 3385 expres'sam
696 3289 997 3360 contradictionem.
1015 3319 1032 3358 u
1052 3293 1221 3384 (Reiffers-

104 3403 182 3490 tuel‚
200 3404 271 3473 loco
284 3403 354 3490 cit„
372 3424 407 3470 n.
429 3401 518 3491 159.)

146 3513 201 3580 lll.
222 3511 340 3580 lrritot
350 3522 445 3580 octus
460 3508 715 3578 incommedum
729 3520 844 3600 pestes.
864 3547 908 3560 -
922 3509 1007 3578 Nam
1021 3513 1221 3583 consuetudo

104 3618 314 3708 rabonnbilis,
339 3626 371 3686 ct
391 3617 444 3688 vel
467 3616 610 3707 legitime
632 3616 835 3707 praecripto,
856 3614 908 3684 val
929 3637 1089 3686 consensu
1110 3642 1223 3712 perso-

103 3729 180 3814 nali,
203 3727 237 3796 id
260 3733 321 3816 est,
345 3726 441 3795 tacito
463 3733 519 3794 aut
540 3746 695 3816 expresso
710 3723 874 3815 Principis
895 3723 1034 3812 firmata,
1056 3727 1124 3796 vim
1141 3728 1223 3820 legis

105 3835 212 3923 babet,
231 3857 275 3904 ex
295 3834 389 3904 dictis
409 3857 528 3926 snpra3
555 3855 656 3926 porro
674 3839 800 3900 certum
814 3839 862 3900 est
876 3831 981 3923 alege
995 3831 1117 3905 irritari
1132 3847 1223 3907 actus

105 3948 137 4014 in
160 3947 361 4016 contrarium
386 3956 515 4037 gestos3
542 3968 622 4036 ergo
644 3943 798 4015 eumdem
821 3945 970 4014 effectum
993 3945 1222 4018 hebebit'con-

106 4055 239 4124 suetudo
254 4055 323 4124 vim
344 4053 427 4144 legis
445 4053 581 4122 habene.
606 4053 769 4123 Probatur
785 4063 943 4143 praeterea
958 4077 999 4122 ex
1015 4055 1121 4148 capite
1140 4059 1224 4128 Cum

110 4177 196 4232 tanto
214 4167 257 4247 ll,
277 4162 317 4232 de
339 4163 570 4232 concientiae
585 4167 617 4252 l,
641 4163 718 4233 libri
735 4167 748 4232 l
774 4161 1005 4255 Deoretalium,
1028 4165 1083 4234 ubi
1106 4166 1150 4236 sic
1165 4167 1226 4238 de-
