3050 4946
256 465 319 534 tit
609 487 785 538 snscrsrus
807 487 846 534 ns
867 487 1022 536 renuens

254 648 341 696 enno
377 628 454 713 325,
488 627 522 693 in
555 625 676 717 quibus
711 635 787 696 sunt
820 627 917 697 obem
946 647 1086 696 oenones
1115 624 1210 696 multi
1239 623 1368 693 conditi.

253 735 421 804 Adsuetus
455 735 574 804 borum
608 757 766 806 numerus
796 737 831 805 in
861 737 1043 806 subsecutis
1074 735 1182 828 quarti
1209 741 1243 804 et
1268 733 1372 825 quinci
1505 719 1506 750 t

256 844 369 914 seculi
388 843 534 934 synodis.
557 846 728 916 Crescente
751 846 785 914 in
808 844 890 932 dies,
905 844 993 937 opud
1013 844 1184 914 orientales
1202 841 1372 928 Ecclesiae,

254 951 342 1043 juris
368 951 515 1020 canonici
537 952 636 1039 mole,
656 953 714 1022 vix
729 952 801 1022 fieri
823 961 950 1044 poteret
970 961 1008 1023 ιιι
1026 952 1067 1021 de
1085 949 1278 1042 colligendis
1294 949 1375 1018 etin

257 1060 405 1132 ordinem
438 1060 624 1152 redigendis
656 1062 723 1132 illis
751 1063 933 1133 canonibus
961 1061 1056 1132 multi
1085 1084 1152 1132 non
1182 1060 1372 1150 cogitarent.
1506 1129 1507 1170 i

257 1169 329 1239 Non
353 1190 432 1258 ergo
455 1169 576 1240 mirum
600 1170 718 1240 multos
740 1170 902 1240 exstitisse
925 1169 961 1240 in
982 1169 1114 1240 Oriente
1129 1168 1171 1246 eb
1185 1167 1375 1260 muqmssi-
1506 1171 1507 1202 ³

257 1277 319 1346 mis
348 1277 548 1368 temporibus
575 1277 763 1369 hujusmodi
788 1277 1002 1348 collectiones.
1033 1278 1080 1346 lic
1107 1276 1375 1368 praecipuisque

257 1393 332 1452 onte
351 1383 504 1454 Photinm
533 1384 628 1454 editoe
652 1392 740 1474 sunt,
757 1407 846 1454 nuno
858 1385 975 1454 ordine
989 1385 1218 1474 chronologico
1233 1384 1375 1454 breviter

258 1492 494 1564 disserendum.

781 1737 850 1828 51.

257 1926 293 1978 lle
317 1923 461 1978 canonibus
478 1928 505 1975 st
525 1921 753 1976 constitutionibus
769 1925 963 1988 Apostolorum,
979 1927 1069 1976 sencto
1085 1925 1211 1976 Clementi
1227 1925 1374 1990 adscriptis.

304 2149 550 2238 Antiquissima,
586 2149 680 2239 cujus
715 2147 836 2216 mentio
870 2148 912 2215 sit
940 2148 974 2215 in
1008 2147 1228 2216 ecclesiasticis
1257 2170 1376 2217 monu-

261 2258 390 2343 mentis,
420 2263 468 2324 est
501 2255 645 2324 collectio
684 2256 856 2324 Cononem
881 2256 1122 2347 Apostolorum.
1153 2254 1280 2325 Prodiit
1309 2255 1377 2324 boec

259 2365 403 2435 collectio
423 2385 490 2433 una
512 2385 586 2433 cum
612 2375 683 2432 octo
702 2362 793 2432 libris
819 2363 1101 2432 Constitutionum
1121 2363 1377 2455 apostolicorum

260 2474 321 2542 sub
349 2473 479 2540 nomine
504 2469 679 2540 Clementis
701 2471 841 2538 Romani
866 2470 1034 2539 Pontificis
1051 2479 1083 2539 et
1103 2471 1191 2539 Petn'
1211 2470 1373 2562 discipuli.

259 2583 330 2652 lom
342 2590 392 2651 set
407 2581 477 2649 fuse
492 2601 604 2671 supro,
620 2579 747 2669 egendo
762 2577 802 2646 de
817 2579 962 2648 fontibus
972 2577 1058 2670 juris
1066 2579 1216 2649 cononici
1227 2580 1329 2671 (perte
1342 2584 1373 2664 2,
1509 2659 1510 2670 ἵ

259 2700 335 2760 sect.
363 2695 394 2775 l,
409 2711 480 2781 cop.
508 2690 554 2778 3),
572 2688 695 2756 tumde
715 2689 917 2776 Csnonibus,
940 2699 1010 2758 tum
1026 2690 1066 2758 de
1082 2689 1376 2760 constitutionibus
1505 2717 1510 2748 r

259 2799 490 2892 Apostolorum
515 2796 728 2866 disseruimus
758 2825 765 2864 :
797 2797 855 2866 ubi
883 2799 1085 2867 ostendimus
1108 2821 1168 2868 uec
1194 2796 1374 2888 Apostolis,

259 2931 319 2978 nec
339 2917 449 2976 sencio
470 2907 641 2991 Clementi,
670 2905 783 2975 saltem
807 2916 904 2997 prout
928 2917 1069 2993 exstant,
1095 2906 1237 2975 adscribi
1257 2928 1373 2997 possc;

259 3015 315 3085 sed
346 3024 453 3083 temen
484 3012 525 3082 ad
549 3013 681 3082 tertium
709 3015 761 3081 vel
785 3024 940 3105 questum
967 3017 1125 3084 socculum
1153 3013 1373 3084 collectionem
1445 3061 1448 3070 ·

260 3123 351 3192 ibam
373 3143 442 3190 esse
466 3119 679 3188 referendum.
707 3119 933 3190 Collectionem
960 3124 1133 3191 Cononem
1148 3121 1375 3213 Apostolorum

258 3231 355 3321 juxte
377 3249 502 3318 graecos
526 3225 663 3315 codices,
692 3228 750 3318 qui
770 3231 810 3294 85
826 3249 965 3297 conones
980 3231 1157 3314 continent,
1177 3228 1276 3297 babes
1289 3229 1375 3320 epud

261 3337 368 3405 blansi
387 3334 553 3426 (Concilio,
568 3342 592 3401 t.
610 3337 641 3422 1,
656 3356 688 3425 p.
707 3333 774 3425 29).
792 3335 947 3404 Eumdem
963 3359 1004 3403 ex
1019 3334 1219 3405 traductione
1229 3336 1376 3428 Dionysii

261 3445 397 3536 Exiget,
415 3467 488 3536 quse
514 3447 553 3510 50
576 3450 702 3512 tontum
725 3465 864 3512 conones
884 3444 1121 3534 complectitur,
1142 3444 1289 3514 invenies
1311 3444 1377 3512 ibi-

263 3555 350 3642 dem,
367 3554 485 3645 pegine
502 3555 555 3620 49.
574 3552 652 3620 ltem
666 3560 771 3621 exstet
783 3553 817 3620 in
830 3554 974 3644 Corpore
985 3553 1070 3644 juris
1084 3553 1242 3641 cononici,
1260 3554 1378 3622 imme-

263 3661 351 3730 diate
377 3668 451 3728 onte
468 3658 570 3728 libros
588 3658 818 3745 Decretslium,
843 3660 1010 3728 continens
1028 3663 1067 3728 tt
1082 3681 1233 3730 canones.
1244 3635 1378 3732 Consti-

261 3770 403 3838 tutiones
426 3776 536 3836 sutem
562 3765 792 3858 Apostolorum
812 3789 916 3857 graece
936 3776 968 3835 et
985 3768 1082 3838 latine
1095 3777 1225 3838 exstem
1238 3769 1274 3836 in
1289 3777 1378 3838 tomo

262 3877 359 3950 citato
373 3877 592 3950 Concitiornm
608 3877 726 3965 blansi,
742 3881 862 3969 pagins
877 3882 952 3948 258.
