3068 4948
568 517 650 564 runis
672 519 823 566 canumet.
1191 497 1251 564 319

136 656 260 744 potest;
286 675 390 747 neque
407 677 448 724 ex
466 656 629 726 abusuum
644 657 855 748 possibilitate
872 677 923 726 res
938 658 1017 750 ipsae
1032 656 1162 750 optimae
1178 667 1254 728 sunt

136 760 179 829 de
193 762 301 832 medio
316 761 479 833 tollendae.

181 869 273 937 Alias
298 871 437 940 rationes
462 871 624 941 adducere
651 873 755 941 solent
780 880 937 955 auctores,
961 897 1036 967 que
1058 875 1087 943 ai
1107 874 1209 946 libero
1234 901 1254 946 a

137 975 337 1068 praejudiciis
358 979 468 1048 animo
488 978 742 1071 perpendantur,
771 1002 837 1049 non
863 981 958 1072 parvi
982 983 1136 1051 momenti
1158 985 1252 1052 etiam

136 1082 337 1152 videbuntur
354 1112 361 1152 :
379 1107 433 1153 eas
448 1085 494 1153 sie
507 1094 677 1155 enumerat
691 1085 823 1176 Riganti
842 1114 849 1154 :

186 1219 203 1256 a
226 1193 379 1262 Rationes
400 1202 432 1262 et
446 1217 553 1262 cauae
579 1195 699 1286 quibus
719 1195 892 1264 Pontifices
909 1197 988 1264 moti
1002 1206 1077 1266 sunt
1092 1198 1133 1267 ad
1149 1222 1254 1269 reser-

141 1327 159 1366 «
181 1303 327 1370 vationes
349 1302 417 1370 sive
439 1303 617 1392 generales,
642 1303 710 1371 sive
732 1303 885 1394 speciales
902 1301 1075 1392 iaciendas,
1095 1305 1254 1398 multipli-

142 1435 159 1474 ε(
182 1432 234 1477 ces
256 1411 358 1497 fuere,
376 1411 477 1501 'juxta
498 1409 638 1500 glossam
662 1413 696 1479 in
710 1417 976 1502 extravagantem
993 1411 1045 1482 Ad
1058 1415 1201 1504 repimeu
1217 1416 1256 1484 de

141 1543 158 1580 a
177 1517 372 1607 prebendis.
404 1518 531 1603 Primo,
554 1517 735 1610 quodcum
761 1519 945 1589 sollicitudo
970 1521 1143 1613 pastoralis
1158 1521 1254 1590 officii

140 1649 158 1687 e
184 1623 294 1692 multis
305 1623 449 1714 indigeat
464 1625 636 1710 ministris,
654 1625 792 1694 vocandi
808 1634 884 1694 sunt
898 1627 1021 1718 plures,
1039 1629 1096 1718 qui
1112 1651 1171 1720 pro
1186 1651 1256 1698 ser-

141 1731 262 1799 «vitio
293 1731 444 1802 Ecclesiae
477 1731 669 1802 universalis
692 1733 851 1819 laborent,
876 1743 908 1802 et
935 1757 1017 1826 quos
1047 1757 1256 1807 remunerare

140 1865 159 1905 e
181 1847 307 1931 oportet
320 1841 377 1930 (1).
395 1840 546 1910 Secundo
560 1840 646 1932 qnod
664 1839 705 1908 ad
722 1841 838 1910 Sedem
856 1842 1073 1933 Apostolicam
1086 1845 1256 1915 confluunt

141 1973 160 2012 e
183 1947 290 2016 clerici
314 1947 496 2038 indigentes
515 1947 634 2040 qrribns
646 1948 820 2016 subvenire
840 1958 990 2038 tenetur;
1010 1951 1082 2020 ideo
1098 1975 1161 2021 uon
1177 1955 1255 2023 alic-

143 2083 160 2120 a
185 2077 265 2124 num
286 2056 327 2123 ab
351 2056 502 2148 mqrritate
521 2055 584 2123 fuit
602 2055 750 2124 invenire
768 2055 983 2148 modumque
1004 2060 1124 2128 summi
1143 2061 1257 2130 Ponti-

144 2161 260 2232 «fiees
287 2172 417 2254 possent
444 2163 575 2231 illorum
604 2164 785 2254 paupertati
814 2165 991 2233 consulere.
1027 2164 1078 2233 Ad
1106 2167 1256 2237 Clemen-

144 2280 249 2339 rtem
280 2271 327 2340 Vl
360 2272 528 2340 Avenione
555 2269 742 2361 degentem,
776 2279 906 2340 centum
939 2272 1040 2341 millia
1075 2296 1255 2367 pauperum

146 2407 163 2443 a
186 2379 377 2448 clericorum
400 2378 597 2448 confluxisse
616 2378 658 2446 ad
678 2378 857 2448 necessaria
879 2403 920 2447 ex
934 2380 1100 2449 beneflciis
1114 2384 1258 2453 subsidia

147 2513 163 2552 u
187 2486 415 2578 comparanda,
440 2485 538 2554 refert
559 2485 793 2555 Thomaseinus
810 2489 845 2578 (t.
867 2487 909 2574 ll,
925 2489 948 2554 l.
973 2492 1004 2575 l,
1028 2512 1056 2556 c.
1077 2493 1131 2577 tl,
1154 2501 1190 2558 n⁰
1207 2494 1253 2583 l).

146 2623 163 2659 ι(
189 2596 309 2678 Tertio,
332 2606 369 2664 ut
388 2595 554 2686 provideri
581 2595 681 2686 possit
706 2595 788 2663 viris
808 2597 955 2664 litteratis
978 2607 1008 2664 et
1033 2599 1153 2668 virtute
1173 2623 1257 2692 prae-

145 2731 163 2768 e
187 2704 359 2788 stantibus,
369 2703 488 2794 quibus
504 2701 643 2770 Ecclesia
654 2703 834 2793 plurimum
851 2703 987 2794 indiget.
999 2705 1040 2772 Et
1056 2705 1143 2774 huno
1158 2707 1256 2777 fuisse

146 2839 163 2876 a
187 2810 381 2879 Pontificum
405 2832 538 2901 scopum
564 2812 598 2878 in
619 2811 816 2878 reservando
836 2811 1005 2897 beneficia,
1033 2821 1070 2880 nt
1090 2815 1257 2884 consulere

146 2945 163 2982 c
186 2919 331 2986 valerent
353 2919 558 2986 benemeritis
572 2917 612 2985 de
632 2917 772 2985 Ecclesia
785 2927 817 2984 et
830 2917 985 2986 catholica
999 2919 1076 3006 fide,
1094 2921 1134 2989 de
1148 2924 1251 3008 ouria,

145 3055 163 3091 c
186 3027 227 3094 de
253 3026 378 3117 seipsis,
406 3034 495 3093 notat
520 3023 701 3093 Paulutius.
723 3028 851 3107 Quarta
876 3024 1007 3095 demum
1035 3049 1131 3096 musa
1151 3052 1256 3098 reser-

147 3160 164 3200 a
188 3133 287 3202 vandi
307 3131 464 3200 beneficia
476 3133 539 3200 fuit
560 3153 699 3221 magnus
713 3133 835 3200 abusus
849 3132 1112 3222 ordinariorum,
1131 3138 1188 3228 qui
1202 3147 1259 3207 aut

148 3269 164 3308 u
189 3242 256 3310 suis
269 3240 530 3329 consangnineis,
551 3239 663 3307 amicis
678 3247 710 3307 et
725 3239 943 3308 familiaribus
957 3241 1185 3332 providebant,
1203 3255 1259 3314 aut

177 3527 209 3592 [1)
223 3523 279 3576 Non
291 3519 497 3592 parvipenderis
509 3527 548 3576 est
562 3521 627 3575 ratio
643 3519 694 3575 itia.
712 3519 854 3576 ludicatur
866 3534 1052 3592 nonnunquam
1067 3527 1179 3592 quarelre
1190 3529 1259 3593 quud

144 3621 261 3657 summus
276 3605 394 3656 Pontifex
406 3605 433 3656 ln
445 3605 567 3656 Ecclesiae
583 3605 710 3670 regimine
724 3619 777 3655 non
790 3617 820 3654 ea
832 3619 883 3669 qua
892 3604 998 3656 deceret
1014 3606 1260 3659 virorum.doetrina

145 3693 171 3738 et
187 3688 281 3752 pictate
302 3687 440 3750 insignium
460 3686 535 3750 copia
555 3687 662 3751 stipatus
682 3685 722 3736 alt.
741 3685 867 3750 Etutique
879 3687 948 3750 justo
961 3687 1069 3750 paucior
1087 3693 1126 3739 est
1145 3690 1259 3741 virorum

143 3771 248 3820 iliorum
265 3783 388 3818 numerus
394 3785 402 3832 ;
421 3768 466 3818 sed
479 3771 611 3819 cresceret
632 3767 758 3831 protecto,
775 3768 796 3817 si
811 3771 903 3830 praesto
918 3772 1006 3818 essent
1018 3769 1105 3833 aliqua
1116 3770 1143 3819 in
1154 3770 1262 3836 singulis

145 3851 302 3902 dioeceaibua
319 3848 446 3900 beneficia
466 3862 523 3914 qua
542 3850 610 3914 Papa
624 3853 712 3913 posset
730 3849 776 3910 eis,
788 3852 924 3913 postquam
942 3850 974 3899 de
992 3850 1109 3900 Ecclesia
1123 3851 1262 3902 universali

145 3931 302 3983 benemeriti
316 3935 386 3990 aurit,
400 3929 481 3980 libere
497 3929 625 3980 conferre.
640 3929 666 3978 Si
679 3928 813 3994 penuriam
826 3929 896 3979 iilam
910 3944 942 3979 cx
953 3930 1056 3980 sincero
1070 3929 1194 3982 Ecclesia
1206 3933 1260 3983 zelo

145 4014 249 4078 tingetis,
263 4024 311 4062 cur
320 4017 410 4063 eontra
424 4010 571 4075 pontttlelaa
583 4009 768 4060 beneficiorum
781 4011 970 4061 reservatiocee
981 4015 1032 4060 tam
1044 4011 1145 4061 intenso
1157 4025 1202 4063 ore
1217 4013 1261 4064 de·

148 4095 284 4145 clamatis?
301 4095 354 4143 Nec
371 4093 509 4158 obiiciatur
521 4090 681 4156 principatus
694 4092 843 4156 temporalis
860 4095 972 4144 saluum
992 4092 1175 4156 pontificalium
1191 4109 1197 4144 :
1215 4109 1261 4146 ne-

148 4191 199 4242 que
217 4176 286 4226 enim
306 4189 408 4239 aequum
427 4178 464 4224 est
489 4173 613 4238 populum
637 4174 709 4223 illum
737 4172 840 4223 tributis
858 4173 942 4236 obrui,
964 4181 990 4224 ut
1013 4175 1160 4226 consulatur
1183 4176 1260 4228 totius

150 4257 241 4312 urundi
257 4255 460 4307 necessitatibus.
