3042 4946
515 469 597 516 runis
620 471 772 517 cenourcr.
1141 452 1198 518 cst

75 610 159 680 aliis
183 612 271 680 enim
301 610 487 680 ciuitatibus
516 623 646 680 tantum
675 612 805 701 aqimus
835 612 924 702 quod
950 613 996 682 od
1022 613 1202 682 Ecclesiam

71 721 235 812 pertinet,
265 734 428 814 moritum
450 722 502 790 uel
515 721 607 790 nobis
615 721 829 814 permittunt,
854 723 906 790 uel
924 723 1015 792 nodis
1030 725 1204 816 imponunt

77 828 275 898 eorumdem
294 831 465 898 ciuitatum
480 829 637 921 Episcopi
646 835 768 920 fratres
780 841 811 897 et
829 829 1069 900 consacerdotes
1086 834 1200 902 nostri.

129 935 379 1008 inconciliata
396 937 600 1029 Ephesinum
619 935 752 1028 (Labhe,
770 944 793 1004 t.
812 937 869 1023 ΙΙΙ,
883 937 943 1006 col.
960 937 1051 1029 659),
1064 939 1203 1032 impiam

77 1046 179 1108 vocet
198 1047 230 1108 et
251 1039 458 1131 illegitimam
476 1040 671 1109 sententiam
690 1039 826 1109 ioannis
841 1040 1036 1110 Antiocheni
1054 1041 1206 1135 Episcopi

80 1149 119 1216 in
140 1154 290 1216 sanctum
311 1147 474 1239 Gyrillum
495 1145 773 1234 Alexandrinum,
797 1156 907 1241 utpote
929 1171 1004 1240 quae
1021 1149 1090 1217 sine
1106 1150 1207 1242 juris-

80 1255 226 1324 dictione
241 1255 306 1323 lata
321 1254 444 1324 tuerit:
464 1258 566 1331 Nom,
584 1254 705 1346 inquit,
727 1257 757 1323 si
775 1255 968 1347 quibuslibet
980 1269 1128 1348 potestus
1143 1262 1207 1351 fiat

81 1365 272 1457 majoribus
290 1365 416 1434 sedibus
436 1365 668 1434 contumeliam
690 1364 863 1457 inserendi,
886 1378 917 1435 et
931 1365 967 1434 in
989 1366 1061 1436 illos
1077 1367 1111 1436 iu
1126 1392 1206 1460 quos

80 1474 173 1542 stetit
179 1475 271 1567 juris
283 1473 405 1543 hadent
419 1473 598 1542 sententias
606 1473 891 1566 pronuntiandi...

132 1583 183 1650 Ex
204 1583 254 1650 his
269 1591 300 1652 et
319 1581 393 1650 eliis
409 1581 522 1650 multis
541 1603 616 1673 quas
631 1580 708 1650 addi
728 1591 858 1673 possent
874 1585 1110 1672 monumentis,
1132 1607 1207 1655 cer-

83 1691 213 1759 tissime
249 1697 374 1759 constat
408 1689 672 1781 jurisdictionem
709 1690 924 1783 episcopalem
959 1715 1023 1784 qua
1059 1693 1207 1787 Apostoli

85 1806 278 1892 potestatem
305 1797 488 1870 hsbnerunt
517 1795 717 1866 illimitatam
745 1796 853 1890 quoad
876 1798 958 1885 loca,
982 1799 1207 1871 extraordina-

84 1906 173 1976 riam
191 1905 305 1991 fuisse,
322 1913 353 1975 et
367 1928 387 1973 a
401 1905 534 1974 Christo
549 1903 594 1972 its
610 1904 709 1974 inisse
724 1905 890 1997 Apostolis
907 1907 1072 1994 traditam,
1091 1917 1207 1979 utnon

86 2017 219 2084 deberet
244 2014 285 2084 ad
305 2035 504 2085 successores
529 2035 656 2082 eorum·
674 2014 850 2106 Episcopos
877 2015 1026 2085 transire.
1054 2017 1139 2087 Nam
1167 2019 1208 2087 de

88 2127 171 2194 lacto
195 2149 261 2194 nou
284 2124 425 2204 transiit;
450 2121 612 2214 siquidem
641 2123 749 2190 statim
778 2131 849 2214 post
872 2124 1045 2215 Apostolos
1071 2133 1102 2193 et
1113 2145 1208 2196 uon-

88 2243 210 2303 stanter
222 2243 344 2327 postea,
361 2233 585 2324 unusquisque
605 2232 786 2323 Episcopus
807 2233 841 2299 in
862 2232 972 2324 aliquo
993 2232 1209 2305 determinato

88 2343 159 2410 loco
176 2350 301 2410 tantum
318 2337 579 2431 jurisdictionem
594 2337 720 2407 hebuit.

133 2449 319 2518 Prorosmro
345 2451 392 2516 2³.
413 2485 458 2500 -
484 2446 649 2536 Restrinpi
671 2457 779 2539 potest
803 2445 995 2537 jurisdictio
1018 2450 1209 2544 episcopalis

89 2559 201 2650 quood
213 2557 379 2626 materias.
392 2595 436 2608 -
448 2555 633 2625 Affirmnvit
648 2556 794 2644 Pereira,
811 2556 1037 2646 theologorum
1052 2557 1135 2630 forte
1151 2583 1207 2629 vn-

90 2669 245 2738 nissimus
263 2677 295 2738 et
311 2689 461 2737 errorum
487 2668 578 2758 copia
600 2666 795 2752 ditissimus,
817 2668 993 2760 Episcopos
1010 2681 1208 2760 potestatem

90 2777 275 2845 absolutum
296 2788 327 2843 et
345 2775 553 2843 illimitotnm
575 2775 610 2842 ire
631 2797 691 2842 sua
716 2795 857 2868 quosque
880 2773 1009 2842 dioemsi
1027 2775 1209 2868 possiderc,·

90 2884 177 2978 quod
192 2893 223 2952 et
238 2891 445 2952 recantarunt
460 2882 511 2950 his
532 2881 655 2950 ultimis
674 2880 875 2973 temporibus
899 2904 964 2951 non
981 2884 1088 2975 pauci.
1107 2886 1209 2955 Porro
1303 2947 1307 2955 .

91 2993 148 3060 vix
173 2991 244 3082 capi
272 2997 374 3081 potest
398 2990 433 3057 in
460 2997 526 3057 tom
552 3009 697 3056 crassum
728 3011 873 3058 errorem
898 2989 1040 3060 incidere
1065 2995 1208 3085 potuisse

92 3099 192 3168 dictos
220 3099 325 3184 viros,
353 3097 416 3164 nisi
443 3097 478 3164 in
507 3095 687 3186 disciplinis
717 3095 936 3166 ecclesiasticis
966 3099 1062 3190 plane
1089 3101 1210 3172 fuerint

92 3209 244 3302 hospites.
261 3207 344 3277 Nam

134 3321 160 3388 l.
181 3319 316 3388 Certum
340 3324 389 3386 est
411 3315 496 3384 circa
520 3315 670 3386 materias
698 3316 925 3386 ecclesiasticas
949 3318 1045 3388 condi
1070 3343 1164 3412 posse
1189 3347 1208 3392 a

92 3427 234 3498 conciliis
248 3424 453 3516 generalibus
468 3425 555 3514 leges
571 3425 740 3494 universos
759 3423 950 3518 Episcopos,
966 3427 1064 3496 etiam
1077 3429 1207 3500 Prima-

94 3547 139 3606 tes
158 3545 190 3606 et
209 3533 414 3604 Patriarchas
432 3533 582 3622 ligantes.
599 3533 700 3600 Plena
722 3542 798 3602 sunt
820 3532 1010 3625 hujusmodi
1029 3542 1208 3612 canonibus

94 3646 315 3738 duodeviginti
352 3642 486 3712 concilia
526 3641 735 3710 oecumenica.
769 3640 839 3709 lmo
878 3641 980 3711 multe
1019 3644 1208 3738 hujusmodi

95 3760 282 3828 sanciuntur
296 3775 370 3824 cum
386 3751 492 3844 poenis
510 3752 544 3817 in
567 3747 743 3841 Episcopos
766 3747 943 3818 resilientes
962 3751 1102 3824 indictis.
1121 3759 1208 3851 Ergo

95 3869 173 3935 siout
194 3865 314 3955 dogma
336 3859 530 3930 catholicum
554 3865 613 3942 est,
636 3856 772 3926 concilio
797 3857 995 3928 oecumenico
1018 3871 1207 3952 potestatem

96 3981 273 4068 competere
302 3973 390 4063 leges
418 3967 619 4039 universales
646 3966 731 4033 circa
758 3963 965 4058 disciplinam
997 3969 1135 4062 ferendi,
1163 3978 1208 4049 ita

96 4089 215 4152 erraret
236 4083 270 4148 in
293 4079 433 4172 fidequi
458 4076 657 4169 Episcopum
682 4093 845 4165 quemque
870 4073 904 4141 in
927 4097 987 4143 sue
1013 4075 1143 4152 dioecesi
1168 4088 1210 4156 ab

98 4191 150 4260 his‘
169 4187 294 4278 legibus
319 4183 587 4277 independentem
617 4187 780 4250 statueret.
805 4179 870 4248 Sed
896 4203 989 4274 posse
1012 4185 1206 4284 Episcopum
