<?xml version="1.0" encoding="UTF-8"?>
<!DOCTYPE html PUBLIC "-//W3C//DTD XHTML 1.0 Transitional//EN"
    "http://www.w3.org/TR/xhtml1/DTD/xhtml1-transitional.dtd">
<html xmlns="http://www.w3.org/1999/xhtml" xml:lang="en" lang="en">
 <head>
  <title>
</title>
<meta http-equiv="Content-Type" content="text/html;charset=utf-8" />
  <meta name='ocr-system' content='tesseract 3.04.00' />
  <meta name='ocr-capabilities' content='ocr_page ocr_carea ocr_par ocr_line ocrx_word'/>
</head>
<body>
  <div class='ocr_page' id='page_1' title='image "./tractatusdeprin00bouigoog_0441.png"; bbox 0 0 3050 4946; ppageno 0'>
   <div class='ocr_carea' id='block_1_1' title="bbox 290 443 1056 516">
    <p class='ocr_par' dir='ltr' id='par_1_1' title="bbox 290 443 1056 516">
     <span class='ocr_line' id='line_1_1' title="bbox 290 443 1056 516; baseline 0.004 -4"><span class='ocrx_word' id='word_1_1' title='bbox 290 443 351 512; x_wconf 74' lang='lat' dir='ltr'><strong>tna</strong></span> <span class='ocrx_word' id='word_1_2' title='bbox 643 468 818 516; x_wconf 74' lang='lat' dir='ltr'><strong>ratramnus</strong></span> <span class='ocrx_word' id='word_1_3' title='bbox 840 471 878 514; x_wconf 84' lang='lat' dir='ltr'><strong>na</strong></span> <span class='ocrx_word' id='word_1_4' title='bbox 902 469 1056 516; x_wconf 77' lang='lat' dir='ltr'><strong>carcanus</strong></span> 
     </span>
    </p>
   </div>
   <div class='ocr_carea' id='block_1_2' title="bbox 283 607 1409 2338">
    <p class='ocr_par' dir='ltr' id='par_1_2' title="bbox 289 607 1409 1232">
     <span class='ocr_line' id='line_1_2' title="bbox 333 607 1408 702; baseline 0.002 -27"><span class='ocrx_word' id='word_1_5' title='bbox 333 607 425 677; x_wconf 83' lang='lat' dir='ltr'><strong>Idem</strong></span> <span class='ocrx_word' id='word_1_6' title='bbox 445 609 585 700; x_wconf 82' lang='lat' dir='ltr'><strong>probent</strong></span> <span class='ocrx_word' id='word_1_7' title='bbox 606 608 722 678; x_wconf 79' lang='lat' dir='ltr'><strong>iratres</strong></span> <span class='ocrx_word' id='word_1_8' title='bbox 748 609 906 679; x_wconf 84' lang='lat' dir='ltr'><strong>Ballerini</strong></span> <span class='ocrx_word' id='word_1_9' title='bbox 924 633 966 678; x_wconf 87' lang='lat' dir='ltr'><strong>cx</strong></span> <span class='ocrx_word' id='word_1_10' title='bbox 992 609 1189 702; x_wconf 82' lang='lat' dir='ltr'><strong>pervetustis</strong></span> <span class='ocrx_word' id='word_1_11' title='bbox 1208 609 1358 702; x_wconf 83' lang='lat' dir='ltr'><strong>pluribus</strong></span> <span class='ocrx_word' id='word_1_12' title='bbox 1373 618 1408 678; x_wconf 90' lang='lat' dir='ltr'><strong>et</strong></span> 
     </span>
     <span class='ocr_line' id='line_1_3' title="bbox 289 716 1407 812; baseline 0.003 -27"><span class='ocrx_word' id='word_1_13' title='bbox 289 716 495 787; x_wconf 85' lang='lat' dir='ltr'><strong>diversarum</strong></span> <span class='ocrx_word' id='word_1_14' title='bbox 520 719 694 808; x_wconf 77' lang='lat' dir='ltr'><strong>regionum</strong></span> <span class='ocrx_word' id='word_1_15' title='bbox 719 718 898 806; x_wconf 83' lang='lat' dir='ltr'><strong>codicibus,</strong></span> <span class='ocrx_word' id='word_1_16' title='bbox 912 720 947 788; x_wconf 91' lang='lat' dir='ltr'><strong>in</strong></span> <span class='ocrx_word' id='word_1_17' title='bbox 968 720 1089 812; x_wconf 83' lang='lat' dir='ltr'><strong>quibus</strong></span> <span class='ocrx_word' id='word_1_18' title='bbox 1113 719 1174 789; x_wconf 85' lang='lat' dir='ltr'><strong>sub</strong></span> <span class='ocrx_word' id='word_1_19' title='bbox 1194 718 1291 788; x_wconf 91' lang='lat' dir='ltr'><strong>unico</strong></span> <span class='ocrx_word' id='word_1_20' title='bbox 1314 718 1407 788; x_wconf 85' lang='lat' dir='ltr'><strong>titulo</strong></span> 
     </span>
     <span class='ocr_line' id='line_1_4' title="bbox 289 823 1409 898; baseline 0.003 -6"><span class='ocrx_word' id='word_1_21' title='bbox 289 847 452 894; x_wconf 86' lang='lat' dir='ltr'><strong>canonum</strong></span> <span class='ocrx_word' id='word_1_22' title='bbox 467 825 678 896; x_wconf 80' lang='lat' dir='ltr'><strong>Nicaenorum</strong></span> <span class='ocrx_word' id='word_1_23' title='bbox 699 827 928 896; x_wconf 84' lang='lat' dir='ltr'><strong>describuntur</strong></span> <span class='ocrx_word' id='word_1_24' title='bbox 949 836 1020 896; x_wconf 85' lang='lat' dir='ltr'><strong>tum</strong></span> <span class='ocrx_word' id='word_1_25' title='bbox 1040 828 1175 898; x_wconf 81' lang='lat' dir='ltr'><strong>Nicaena</strong></span> <span class='ocrx_word' id='word_1_26' title='bbox 1198 834 1270 896; x_wconf 89' lang='lat' dir='ltr'><strong>tum</strong></span> <span class='ocrx_word' id='word_1_27' title='bbox 1293 823 1409 895; x_wconf 81' lang='lat' dir='ltr'><strong>Sardi-</strong></span> 
     </span>
     <span class='ocr_line' id='line_1_5' title="bbox 289 932 1409 1028; baseline 0.005 -30"><span class='ocrx_word' id='word_1_28' title='bbox 289 932 396 1000; x_wconf 83' lang='lat' dir='ltr'><strong>censia</strong></span> <span class='ocrx_word' id='word_1_29' title='bbox 422 933 560 1001; x_wconf 85' lang='lat' dir='ltr'><strong>decreta.</strong></span> <span class='ocrx_word' id='word_1_30' title='bbox 584 933 693 1003; x_wconf 86' lang='lat' dir='ltr'><strong>Citant</strong></span> <span class='ocrx_word' id='word_1_31' title='bbox 717 942 827 1003; x_wconf 83' lang='lat' dir='ltr'><strong>cutem</strong></span> <span class='ocrx_word' id='word_1_32' title='bbox 853 933 1047 1026; x_wconf 86' lang='lat' dir='ltr'><strong>hujusmodi</strong></span> <span class='ocrx_word' id='word_1_33' title='bbox 1073 941 1258 1028; x_wconf 81' lang='lat' dir='ltr'><strong>pervetusta</strong></span> <span class='ocrx_word' id='word_1_34' title='bbox 1283 956 1409 1004; x_wconf 92' lang='lat' dir='ltr'><strong>mouu-</strong></span> 
     </span>
     <span class='ocr_line' id='line_1_6' title="bbox 289 1039 1409 1133; baseline 0.002 -27"><span class='ocrx_word' id='word_1_35' title='bbox 289 1049 399 1108; x_wconf 85' lang='lat' dir='ltr'><strong>mente</strong></span> <span class='ocrx_word' id='word_1_36' title='bbox 411 1039 659 1133; x_wconf 87' lang='lat' dir='ltr'><strong>quatuordecim</strong></span> <span class='ocrx_word' id='word_1_37' title='bbox 668 1067 677 1128; x_wconf 69' lang='grc' dir='ltr'>ς</span> <span class='ocrx_word' id='word_1_38' title='bbox 691 1041 802 1109; x_wconf 78' lang='lat' dir='ltr'><strong>nuntia</strong></span> <span class='ocrx_word' id='word_1_39' title='bbox 818 1062 895 1108; x_wconf 90' lang='lat' dir='ltr'><strong>vcro</strong></span> <span class='ocrx_word' id='word_1_40' title='bbox 907 1041 1054 1133; x_wconf 85' lang='lat' dir='ltr'><strong>antiqua,</strong></span> <span class='ocrx_word' id='word_1_41' title='bbox 1070 1041 1175 1112; x_wconf 87' lang='lat' dir='ltr'><strong>multo</strong></span> <span class='ocrx_word' id='word_1_42' title='bbox 1189 1041 1295 1132; x_wconf 88' lang='lat' dir='ltr'><strong>plura.</strong></span> <span class='ocrx_word' id='word_1_43' title='bbox 1313 1039 1409 1110; x_wconf 85' lang='lat' dir='ltr'>Unde</span> 
     </span>
     <span class='ocr_line' id='line_1_7' title="bbox 289 1147 573 1232; baseline 0.007 -17"><span class='ocrx_word' id='word_1_44' title='bbox 289 1147 333 1216; x_wconf 88' lang='lat' dir='ltr'><strong>sic</strong></span> <span class='ocrx_word' id='word_1_45' title='bbox 349 1148 547 1232; x_wconf 90' lang='lat' dir='ltr'><strong>concludunt</strong></span> <span class='ocrx_word' id='word_1_46' title='bbox 566 1177 573 1217; x_wconf 94' lang='lat'><strong>:</strong></span> 
     </span>
    </p>

    <p class='ocr_par' dir='ltr' id='par_1_3' title="bbox 289 1259 1409 2001">
     <span class='ocr_line' id='line_1_8' title="bbox 335 1259 1409 1352; baseline 0.006 -29"><span class='ocrx_word' id='word_1_47' title='bbox 335 1285 353 1324; x_wconf 80' lang='lat' dir='ltr'><strong>c</strong></span> <span class='ocrx_word' id='word_1_48' title='bbox 376 1260 453 1330; x_wconf 82' lang='lat' dir='ltr'><strong>Haec</strong></span> <span class='ocrx_word' id='word_1_49' title='bbox 467 1267 536 1328; x_wconf 86' lang='lat' dir='ltr'><strong>tem</strong></span> <span class='ocrx_word' id='word_1_50' title='bbox 552 1260 681 1329; x_wconf 79' lang='lat' dir='ltr'><strong>diversa</strong></span> <span class='ocrx_word' id='word_1_51' title='bbox 695 1259 902 1328; x_wconf 86' lang='lat' dir='ltr'><strong>diversarum</strong></span> <span class='ocrx_word' id='word_1_52' title='bbox 923 1261 1152 1331; x_wconf 72' lang='lat' dir='ltr'><strong>collectionum</strong></span> <span class='ocrx_word' id='word_1_53' title='bbox 1167 1260 1409 1352; x_wconf 80' lang='lat' dir='ltr'><strong>regionumque</strong></span> 
     </span>
     <span class='ocr_line' id='line_1_9' title="bbox 292 1367 1409 1459; baseline 0.004 -29"><span class='ocrx_word' id='word_1_54' title='bbox 292 1392 309 1430; x_wconf 81' lang='lat' dir='ltr'><strong>a</strong></span> <span class='ocrx_word' id='word_1_55' title='bbox 331 1367 547 1459; x_wconf 85' lang='lat' dir='ltr'><strong>exemplaria,</strong></span> <span class='ocrx_word' id='word_1_56' title='bbox 562 1367 806 1436; x_wconf 84' lang='lat' dir='ltr'><strong>Serdicensium</strong></span> <span class='ocrx_word' id='word_1_57' title='bbox 822 1390 987 1437; x_wconf 84' lang='lat' dir='ltr'><strong>canonum</strong></span> <span class='ocrx_word' id='word_1_58' title='bbox 1001 1369 1159 1438; x_wconf 91' lang='lat' dir='ltr'><strong>unionem</strong></span> <span class='ocrx_word' id='word_1_59' title='bbox 1174 1390 1251 1436; x_wconf 90' lang='lat' dir='ltr'><strong>cum</strong></span> <span class='ocrx_word' id='word_1_60' title='bbox 1266 1367 1409 1436; x_wconf 84' lang='lat' dir='ltr'><strong>Nicaenis</strong></span> 
     </span>
     <span class='ocr_line' id='line_1_10' title="bbox 290 1474 1406 1569; baseline 0.003 -28"><span class='ocrx_word' id='word_1_61' title='bbox 290 1500 308 1540; x_wconf 83' lang='lat' dir='ltr'><strong>a</strong></span> <span class='ocrx_word' id='word_1_62' title='bbox 331 1474 418 1566; x_wconf 92' lang='lat' dir='ltr'><strong>apud</strong></span> <span class='ocrx_word' id='word_1_63' title='bbox 441 1476 574 1544; x_wconf 84' lang='lat' dir='ltr'><strong>Latinos</strong></span> <span class='ocrx_word' id='word_1_64' title='bbox 595 1484 628 1544; x_wconf 87' lang='lat' dir='ltr'><strong>et</strong></span> <span class='ocrx_word' id='word_1_65' title='bbox 652 1476 822 1569; x_wconf 85' lang='lat' dir='ltr'><strong>antiquam</strong></span> <span class='ocrx_word' id='word_1_66' title='bbox 849 1484 881 1545; x_wconf 86' lang='lat' dir='ltr'><strong>et</strong></span> <span class='ocrx_word' id='word_1_67' title='bbox 905 1476 1003 1566; x_wconf 76' lang='lat' dir='ltr'><strong>longe</strong></span> <span class='ocrx_word' id='word_1_68' title='bbox 1025 1478 1154 1568; x_wconf 85' lang='lat' dir='ltr'><strong>lateque</strong></span> <span class='ocrx_word' id='word_1_69' title='bbox 1178 1477 1406 1568; x_wconf 79' lang='lat' dir='ltr'><strong>pervulgatam</strong></span> 
     </span>
     <span class='ocr_line' id='line_1_11' title="bbox 290 1582 1404 1676; baseline 0.002 -27"><span class='ocrx_word' id='word_1_70' title='bbox 290 1607 307 1648; x_wconf 89' lang='lat' dir='ltr'><strong>c</strong></span> <span class='ocrx_word' id='word_1_71' title='bbox 331 1582 489 1674; x_wconf 80' lang='lat' dir='ltr'><strong>probaut3</strong></span> <span class='ocrx_word' id='word_1_72' title='bbox 506 1585 598 1654; x_wconf 85' lang='lat' dir='ltr'><strong>itaut</strong></span> <span class='ocrx_word' id='word_1_73' title='bbox 611 1583 711 1653; x_wconf 87' lang='lat' dir='ltr'><strong>solius</strong></span> <span class='ocrx_word' id='word_1_74' title='bbox 725 1584 885 1652; x_wconf 83' lang='lat' dir='ltr'><strong>Romanae</strong></span> <span class='ocrx_word' id='word_1_75' title='bbox 898 1583 1050 1652; x_wconf 67' lang='lat' dir='ltr'><strong>Ecclesiae</strong></span> <span class='ocrx_word' id='word_1_76' title='bbox 1067 1585 1198 1676; x_wconf 86' lang='lat' dir='ltr'><strong>propria</strong></span> <span class='ocrx_word' id='word_1_77' title='bbox 1213 1607 1280 1653; x_wconf 89' lang='lat' dir='ltr'><strong>uon</strong></span> <span class='ocrx_word' id='word_1_78' title='bbox 1295 1584 1404 1654; x_wconf 84' lang='lat' dir='ltr'><strong>fuerit.</strong></span> 
     </span>
     <span class='ocr_line' id='line_1_12' title="bbox 290 1690 1407 1784; baseline 0.004 -30"><span class='ocrx_word' id='word_1_79' title='bbox 290 1715 308 1754; x_wconf 76' lang='lat' dir='ltr'><strong>c</strong></span> <span class='ocrx_word' id='word_1_80' title='bbox 330 1690 416 1772; x_wconf 89' lang='lat' dir='ltr'><strong>Quid</strong></span> <span class='ocrx_word' id='word_1_81' title='bbox 431 1691 519 1783; x_wconf 88' lang='lat' dir='ltr'><strong>quod</strong></span> <span class='ocrx_word' id='word_1_82' title='bbox 534 1691 661 1783; x_wconf 84' lang='lat' dir='ltr'><strong>aliquos</strong></span> <span class='ocrx_word' id='word_1_83' title='bbox 675 1693 773 1760; x_wconf 90' lang='lat' dir='ltr'><strong>etiam</strong></span> <span class='ocrx_word' id='word_1_84' title='bbox 787 1713 913 1781; x_wconf 73' lang='lat' dir='ltr'><strong>graecos</strong></span> <span class='ocrx_word' id='word_1_85' title='bbox 927 1691 1054 1760; x_wconf 87' lang='lat' dir='ltr'><strong>codices</strong></span> <span class='ocrx_word' id='word_1_86' title='bbox 1067 1691 1157 1784; x_wconf 82' lang='lat' dir='ltr'><strong>apud</strong></span> <span class='ocrx_word' id='word_1_87' title='bbox 1169 1693 1276 1784; x_wconf 86' lang='lat' dir='ltr'><strong>ipsam</strong></span> <span class='ocrx_word' id='word_1_88' title='bbox 1290 1691 1407 1760; x_wconf 87' lang='lat' dir='ltr'><strong>Orien-</strong></span> 
     </span>
     <span class='ocr_line' id='line_1_13' title="bbox 290 1797 1406 1890; baseline 0.004 -26"><span class='ocrx_word' id='word_1_89' title='bbox 290 1823 308 1864; x_wconf 87' lang='lat'>«</span> <span class='ocrx_word' id='word_1_90' title='bbox 330 1799 429 1868; x_wconf 87' lang='lat' dir='ltr'><strong>talem</strong></span> <span class='ocrx_word' id='word_1_91' title='bbox 445 1799 621 1868; x_wconf 79' lang='lat' dir='ltr'><strong>Ecclesiam</strong></span> <span class='ocrx_word' id='word_1_92' title='bbox 637 1799 795 1884; x_wconf 83' lang='lat' dir='ltr'><strong>extitisse,</strong></span> <span class='ocrx_word' id='word_1_93' title='bbox 813 1799 871 1890; x_wconf 93' lang='lat' dir='ltr'><strong>qui</strong></span> <span class='ocrx_word' id='word_1_94' title='bbox 893 1797 1101 1868; x_wconf 75' lang='lat' dir='ltr'><strong>sardicenses</strong></span> <span class='ocrx_word' id='word_1_95' title='bbox 1126 1799 1198 1890; x_wconf 88' lang='lat' dir='ltr'><strong>peri</strong></span> <span class='ocrx_word' id='word_1_96' title='bbox 1216 1798 1317 1868; x_wconf 88' lang='lat' dir='ltr'><strong>modo</strong></span> <span class='ocrx_word' id='word_1_97' title='bbox 1331 1805 1406 1867; x_wconf 88' lang='lat' dir='ltr'><strong>tan-</strong></span> 
     </span>
     <span class='ocr_line' id='line_1_14' title="bbox 289 1909 871 2001; baseline 0.003 -29"><span class='ocrx_word' id='word_1_98' title='bbox 289 1931 306 1972; x_wconf 79' lang='lat' dir='ltr'><strong>c</strong></span> <span class='ocrx_word' id='word_1_99' title='bbox 329 1930 430 1999; x_wconf 88' lang='lat' dir='ltr'><strong>quam</strong></span> <span class='ocrx_word' id='word_1_100' title='bbox 449 1909 601 1979; x_wconf 80' lang='lat' dir='ltr'><strong>Nicaencs</strong></span> <span class='ocrx_word' id='word_1_101' title='bbox 615 1910 831 2001; x_wconf 80' lang='lat' dir='ltr'><strong>praefcrrent‘t</strong></span> <span class='ocrx_word' id='word_1_102' title='bbox 854 1935 871 1974; x_wconf 74' lang='lat' dir='ltr'><strong>n</strong></span> 
     </span>
    </p>

    <p class='ocr_par' dir='ltr' id='par_1_4' title="bbox 283 2016 1407 2338">
     <span class='ocr_line' id='line_1_15' title="bbox 329 2016 1404 2109; baseline 0.005 -27"><span class='ocrx_word' id='word_1_103' title='bbox 329 2016 414 2086; x_wconf 87' lang='lat' dir='ltr'><strong>Hinc</strong></span> <span class='ocrx_word' id='word_1_104' title='bbox 442 2017 537 2109; x_wconf 89' lang='lat' dir='ltr'><strong>plene</strong></span> <span class='ocrx_word' id='word_1_105' title='bbox 565 2039 584 2084; x_wconf 90' lang='lat' dir='ltr'><strong>a</strong></span> <span class='ocrx_word' id='word_1_106' title='bbox 614 2017 787 2088; x_wconf 86' lang='lat' dir='ltr'><strong>Butlerinis</strong></span> <span class='ocrx_word' id='word_1_107' title='bbox 814 2016 1023 2088; x_wconf 86' lang='lat' dir='ltr'><strong>vindicantur</strong></span> <span class='ocrx_word' id='word_1_108' title='bbox 1048 2017 1192 2087; x_wconf 89' lang='lat' dir='ltr'><strong>Romani</strong></span> <span class='ocrx_word' id='word_1_109' title='bbox 1217 2018 1404 2102; x_wconf 84' lang='lat' dir='ltr'><strong>Pontifices,</strong></span> 
     </span>
     <span class='ocr_line' id='line_1_16' title="bbox 285 2121 1407 2218; baseline 0.003 -26"><span class='ocrx_word' id='word_1_110' title='bbox 285 2147 367 2214; x_wconf 86' lang='lat' dir='ltr'><strong>quoa</strong></span> <span class='ocrx_word' id='word_1_111' title='bbox 388 2121 514 2192; x_wconf 81' lang='lat' dir='ltr'><strong>fraudis</strong></span> <span class='ocrx_word' id='word_1_112' title='bbox 536 2145 687 2193; x_wconf 83' lang='lat' dir='ltr'><strong>accusare</strong></span> <span class='ocrx_word' id='word_1_113' title='bbox 710 2146 777 2194; x_wconf 90' lang='lat' dir='ltr'><strong>non</strong></span> <span class='ocrx_word' id='word_1_114' title='bbox 803 2123 1007 2194; x_wconf 86' lang='lat' dir='ltr'><strong>erubuerunt</strong></span> <span class='ocrx_word' id='word_1_115' title='bbox 1029 2126 1263 2194; x_wconf 75' lang='lat' dir='ltr'><strong>centuriatores</strong></span> <span class='ocrx_word' id='word_1_116' title='bbox 1281 2137 1314 2194; x_wconf 93' lang='lat' dir='ltr'><strong>et</strong></span> <span class='ocrx_word' id='word_1_117' title='bbox 1331 2149 1407 2218; x_wconf 91' lang='lat' dir='ltr'><strong>pro-</strong></span> 
     </span>
     <span class='ocr_line' id='line_1_17' title="bbox 283 2231 1407 2338; baseline 0.003 -37"><span class='ocrx_word' id='word_1_118' title='bbox 283 2241 434 2302; x_wconf 74' lang='lat' dir='ltr'><strong>testantes</strong></span> <span class='ocrx_word' id='word_1_119' title='bbox 447 2233 516 2320; x_wconf 85' lang='lat' dir='ltr'><strong>alii,</strong></span> <span class='ocrx_word' id='word_1_120' title='bbox 532 2255 570 2302; x_wconf 88' lang='lat' dir='ltr'><strong>eo</strong></span> <span class='ocrx_word' id='word_1_121' title='bbox 586 2233 674 2324; x_wconf 91' lang='lat' dir='ltr'><strong>quod</strong></span> <span class='ocrx_word' id='word_1_122' title='bbox 696 2231 904 2338; x_wconf 82' lang='lat' dir='ltr'><strong>Sardicenses</strong></span> <span class='ocrx_word' id='word_1_123' title='bbox 925 2255 1064 2302; x_wconf 81' lang='lat' dir='ltr'><strong>canones</strong></span> <span class='ocrx_word' id='word_1_124' title='bbox 1086 2255 1146 2325; x_wconf 86' lang='lat' dir='ltr'><strong>pro</strong></span> <span class='ocrx_word' id='word_1_125' title='bbox 1168 2233 1314 2302; x_wconf 82' lang='lat' dir='ltr'><strong>Nicaenis</strong></span> <span class='ocrx_word' id='word_1_126' title='bbox 1328 2235 1407 2304; x_wconf 87' lang='lat' dir='ltr'><strong>alte·</strong></span> 
     </span>
    </p>
   </div>
   <div class='ocr_carea' id='block_1_3' title="bbox 284 2339 1513 2430">
    <p class='ocr_par' dir='ltr' id='par_1_5' title="bbox 284 2339 1513 2430">
     <span class='ocr_line' id='line_1_18' title="bbox 284 2339 1513 2430; baseline -0.001 -20"><span class='ocrx_word' id='word_1_127' title='bbox 284 2343 444 2430; x_wconf 80' lang='lat' dir='ltr'><strong>gaverint.</strong></span> <span class='ocrx_word' id='word_1_128' title='bbox 465 2341 547 2423; x_wconf 77' lang='lat' dir='ltr'><strong>Qum</strong></span> <span class='ocrx_word' id='word_1_129' title='bbox 571 2340 733 2410; x_wconf 84' lang='lat' dir='ltr'><strong>accusatio</strong></span> <span class='ocrx_word' id='word_1_130' title='bbox 752 2363 818 2408; x_wconf 92' lang='lat' dir='ltr'><strong>nou</strong></span> <span class='ocrx_word' id='word_1_131' title='bbox 843 2339 994 2409; x_wconf 86' lang='lat' dir='ltr'><strong>fraudem</strong></span> <span class='ocrx_word' id='word_1_132' title='bbox 1022 2340 1058 2408; x_wconf 93' lang='lat' dir='ltr'><strong>in</strong></span> <span class='ocrx_word' id='word_1_133' title='bbox 1084 2340 1243 2410; x_wconf 79' lang='lat' dir='ltr'><strong>Romanis</strong></span> <span class='ocrx_word' id='word_1_134' title='bbox 1267 2341 1407 2412; x_wconf 89' lang='lat' dir='ltr'><strong>Pontifi-</strong></span> <span class='ocrx_word' id='word_1_135' title='bbox 1512 2347 1513 2396; x_wconf 53' lang='lat' dir='ltr'><strong>t</strong></span> 
     </span>
    </p>
   </div>
   <div class='ocr_carea' id='block_1_4' title="bbox 284 2447 1409 2757">
    <p class='ocr_par' dir='ltr' id='par_1_6' title="bbox 284 2447 1409 2757">
     <span class='ocr_line' id='line_1_19' title="bbox 284 2447 1408 2540; baseline 0.004 -24"><span class='ocrx_word' id='word_1_136' title='bbox 284 2449 388 2536; x_wconf 84' lang='lat' dir='ltr'><strong>cibus,</strong></span> <span class='ocrx_word' id='word_1_137' title='bbox 405 2449 462 2517; x_wconf 87' lang='lat' dir='ltr'><strong>sed</strong></span> <span class='ocrx_word' id='word_1_138' title='bbox 478 2448 572 2540; x_wconf 89' lang='lat' dir='ltr'><strong>plane</strong></span> <span class='ocrx_word' id='word_1_139' title='bbox 587 2447 808 2537; x_wconf 83' lang='lat' dir='ltr'><strong>ignorantiam</strong></span> <span class='ocrx_word' id='word_1_140' title='bbox 824 2455 881 2518; x_wconf 88' lang='lat' dir='ltr'><strong>aut</strong></span> <span class='ocrx_word' id='word_1_141' title='bbox 900 2447 1024 2516; x_wconf 91' lang='lat' dir='ltr'><strong>malam</strong></span> <span class='ocrx_word' id='word_1_142' title='bbox 1044 2448 1144 2518; x_wconf 87' lang='lat' dir='ltr'><strong>fidem</strong></span> <span class='ocrx_word' id='word_1_143' title='bbox 1162 2450 1198 2517; x_wconf 91' lang='lat' dir='ltr'><strong>in</strong></span> <span class='ocrx_word' id='word_1_144' title='bbox 1217 2449 1284 2518; x_wconf 86' lang='lat' dir='ltr'><strong>illis</strong></span> <span class='ocrx_word' id='word_1_145' title='bbox 1297 2451 1408 2520; x_wconf 72' lang='lat' dir='ltr'><strong>here-</strong></span> 
     </span>
     <span class='ocr_line' id='line_1_20' title="bbox 284 2556 493 2648; baseline 0.01 -26"><span class='ocrx_word' id='word_1_146' title='bbox 284 2556 358 2626; x_wconf 84' lang='lat' dir='ltr'><strong>ticis</strong></span> <span class='ocrx_word' id='word_1_147' title='bbox 374 2557 493 2648; x_wconf 86' lang='lat' dir='ltr'><strong>prodit.</strong></span> 
     </span>
     <span class='ocr_line' id='line_1_21' title="bbox 327 2663 1409 2757; baseline 0.003 -25"><span class='ocrx_word' id='word_1_148' title='bbox 327 2664 520 2734; x_wconf 82' lang='lat' dir='ltr'><strong>Canentem</strong></span> <span class='ocrx_word' id='word_1_149' title='bbox 535 2664 580 2732; x_wconf 84' lang='lat' dir='ltr'><strong>ita</strong></span> <span class='ocrx_word' id='word_1_150' title='bbox 596 2663 774 2732; x_wconf 83' lang='lat' dir='ltr'><strong>invaluerit</strong></span> <span class='ocrx_word' id='word_1_151' title='bbox 796 2663 868 2732; x_wconf 84' lang='lat' dir='ltr'><strong>haec</strong></span> <span class='ocrx_word' id='word_1_152' title='bbox 882 2663 1026 2735; x_wconf 83' lang='lat' dir='ltr'><strong>duarum</strong></span> <span class='ocrx_word' id='word_1_153' title='bbox 1042 2663 1247 2757; x_wconf 86' lang='lat' dir='ltr'><strong>synodorum</strong></span> <span class='ocrx_word' id='word_1_154' title='bbox 1264 2668 1357 2755; x_wconf 89' lang='lat' dir='ltr'><strong>unio,</strong></span> <span class='ocrx_word' id='word_1_155' title='bbox 1377 2675 1409 2737; x_wconf 85' lang='lat' dir='ltr'><strong>et</strong></span> 
     </span>
    </p>
   </div>
   <div class='ocr_carea' id='block_1_5' title="bbox 284 2769 1512 2866">
    <p class='ocr_par' dir='ltr' id='par_1_7' title="bbox 284 2769 1512 2866">
     <span class='ocr_line' id='line_1_22' title="bbox 284 2769 1512 2866; baseline 0.001 -26"><span class='ocrx_word' id='word_1_156' title='bbox 284 2772 344 2842; x_wconf 88' lang='lat' dir='ltr'><strong>sub</strong></span> <span class='ocrx_word' id='word_1_157' title='bbox 361 2773 459 2840; x_wconf 89' lang='lat' dir='ltr'><strong>unica</strong></span> <span class='ocrx_word' id='word_1_158' title='bbox 474 2769 594 2862; x_wconf 88' lang='lat' dir='ltr'><strong>prioris</strong></span> <span class='ocrx_word' id='word_1_159' title='bbox 609 2770 874 2841; x_wconf 79' lang='lat' dir='ltr'><strong>denominatione</strong></span> <span class='ocrx_word' id='word_1_160' title='bbox 890 2771 1053 2862; x_wconf 82' lang='lat' dir='ltr'><strong>allegatio,</strong></span> <span class='ocrx_word' id='word_1_161' title='bbox 1070 2772 1132 2841; x_wconf 83' lang='lat' dir='ltr'><strong>hec</strong></span> <span class='ocrx_word' id='word_1_162' title='bbox 1147 2773 1224 2840; x_wconf 84' lang='lat' dir='ltr'><strong>satis</strong></span> <span class='ocrx_word' id='word_1_163' title='bbox 1241 2774 1408 2866; x_wconf 87' lang='lat' dir='ltr'><strong>probabili</strong></span> <span class='ocrx_word' id='word_1_164' title='bbox 1511 2801 1512 2857; x_wconf 51' lang='lat' dir='ltr'><strong>p</strong></span> 
     </span>
    </p>
   </div>
   <div class='ocr_carea' id='block_1_6' title="bbox 283 2879 1409 2974">
    <p class='ocr_par' dir='ltr' id='par_1_8' title="bbox 283 2879 1409 2974">
     <span class='ocr_line' id='line_1_23' title="bbox 283 2879 1409 2974; baseline 0.002 -24"><span class='ocrx_word' id='word_1_165' title='bbox 283 2880 467 2972; x_wconf 86' lang='lat' dir='ltr'><strong>conjectum</strong></span> <span class='ocrx_word' id='word_1_166' title='bbox 487 2880 652 2974; x_wconf 85' lang='lat' dir='ltr'><strong>explicant</strong></span> <span class='ocrx_word' id='word_1_167' title='bbox 672 2879 803 2968; x_wconf 88' lang='lat' dir='ltr'><strong>eruditi,</strong></span> <span class='ocrx_word' id='word_1_168' title='bbox 819 2881 907 2973; x_wconf 86' lang='lat' dir='ltr'><strong>quod</strong></span> <span class='ocrx_word' id='word_1_169' title='bbox 929 2882 1012 2950; x_wconf 89' lang='lat' dir='ltr'><strong>forte</strong></span> <span class='ocrx_word' id='word_1_170' title='bbox 1033 2881 1244 2952; x_wconf 83' lang='lat' dir='ltr'><strong>Surdicenscs</strong></span> <span class='ocrx_word' id='word_1_171' title='bbox 1266 2906 1409 2954; x_wconf 83' lang='lat' dir='ltr'><strong>canones</strong></span> 
     </span>
    </p>
   </div>
   <div class='ocr_carea' id='block_1_7' title="bbox 284 2987 1511 3083">
    <p class='ocr_par' dir='ltr' id='par_1_9' title="bbox 284 2987 1511 3083">
     <span class='ocr_line' id='line_1_24' title="bbox 284 2987 1511 3083; baseline 0.002 -25"><span class='ocrx_word' id='word_1_172' title='bbox 284 2989 325 3058; x_wconf 87' lang='lat' dir='ltr'><strong>ab</strong></span> <span class='ocrx_word' id='word_1_173' title='bbox 338 2988 456 3058; x_wconf 83' lang='lat' dir='ltr'><strong>iisdem</strong></span> <span class='ocrx_word' id='word_1_174' title='bbox 471 2987 539 3058; x_wconf 85' lang='lat' dir='ltr'><strong>iere</strong></span> <span class='ocrx_word' id='word_1_175' title='bbox 552 2988 705 3058; x_wconf 81' lang='lat' dir='ltr'><strong>Patribus</strong></span> <span class='ocrx_word' id='word_1_176' title='bbox 719 2988 842 3058; x_wconf 85' lang='lat' dir='ltr'><strong>fuerint</strong></span> <span class='ocrx_word' id='word_1_177' title='bbox 857 2988 992 3071; x_wconf 91' lang='lat' dir='ltr'><strong>conditi,</strong></span> <span class='ocrx_word' id='word_1_178' title='bbox 1012 2989 1093 3058; x_wconf 88' lang='lat' dir='ltr'><strong>duce</strong></span> <span class='ocrx_word' id='word_1_179' title='bbox 1112 2989 1201 3077; x_wconf 87' lang='lat' dir='ltr'><strong>0sio,</strong></span> <span class='ocrx_word' id='word_1_180' title='bbox 1219 2992 1278 3083; x_wconf 88' lang='lat' dir='ltr'><strong>qui</strong></span> <span class='ocrx_word' id='word_1_181' title='bbox 1295 2992 1409 3061; x_wconf 82' lang='lat' dir='ltr'><strong>Nieae-</strong></span> <span class='ocrx_word' id='word_1_182' title='bbox 1510 3063 1511 3082; x_wconf 22' lang='lat' dir='ltr'><strong>p</strong></span> 
     </span>
    </p>
   </div>
   <div class='ocr_carea' id='block_1_8' title="bbox 283 3085 1511 3628">
    <p class='ocr_par' dir='ltr' id='par_1_10' title="bbox 283 3085 1511 3628">
     <span class='ocr_line' id='line_1_25' title="bbox 283 3085 1511 3191; baseline 0.003 -23"><span class='ocrx_word' id='word_1_183' title='bbox 283 3121 344 3168; x_wconf 81' lang='lat' dir='ltr'><strong>nos</strong></span> <span class='ocrx_word' id='word_1_184' title='bbox 358 3097 609 3184; x_wconf 87' lang='lat' dir='ltr'><strong>constituerant;</strong></span> <span class='ocrx_word' id='word_1_185' title='bbox 627 3097 714 3168; x_wconf 87' lang='lat' dir='ltr'><strong>unde</strong></span> <span class='ocrx_word' id='word_1_186' title='bbox 728 3107 886 3190; x_wconf 74' lang='lat' dir='ltr'><strong>tanquam</strong></span> <span class='ocrx_word' id='word_1_187' title='bbox 908 3099 1075 3190; x_wconf 80' lang='lat' dir='ltr'><strong>appendix</strong></span> <span class='ocrx_word' id='word_1_188' title='bbox 1089 3099 1240 3191; x_wconf 70' lang='lat' dir='ltr'><strong>qttaedam</strong></span> <span class='ocrx_word' id='word_1_189' title='bbox 1262 3100 1409 3171; x_wconf 83' lang='lat' dir='ltr'><strong>Nicaenis</strong></span> <span class='ocrx_word' id='word_1_190' title='bbox 1510 3085 1511 3134; x_wconf 27' lang='grc' dir='ltr'>ᾗ</span> 
     </span>
     <span class='ocr_line' id='line_1_26' title="bbox 283 3205 1410 3300; baseline 0.003 -25"><span class='ocrx_word' id='word_1_191' title='bbox 283 3206 415 3299; x_wconf 81' lang='lat' dir='ltr'><strong>adjecti,</strong></span> <span class='ocrx_word' id='word_1_192' title='bbox 433 3205 527 3300; x_wconf 88' lang='lat' dir='ltr'><strong>quasi</strong></span> <span class='ocrx_word' id='word_1_193' title='bbox 553 3227 659 3275; x_wconf 90' lang='lat' dir='ltr'><strong>unum</strong></span> <span class='ocrx_word' id='word_1_194' title='bbox 688 3207 768 3298; x_wconf 89' lang='lat' dir='ltr'><strong>quid</strong></span> <span class='ocrx_word' id='word_1_195' title='bbox 796 3229 871 3275; x_wconf 89' lang='lat' dir='ltr'><strong>cum</strong></span> <span class='ocrx_word' id='word_1_196' title='bbox 904 3207 1022 3277; x_wconf 88' lang='lat' dir='ltr'><strong>iisdem</strong></span> <span class='ocrx_word' id='word_1_197' title='bbox 1054 3207 1195 3277; x_wconf 79' lang='lat' dir='ltr'><strong>conflare</strong></span> <span class='ocrx_word' id='word_1_198' title='bbox 1226 3209 1410 3278; x_wconf 82' lang='lat' dir='ltr'><strong>existimati</strong></span> 
     </span>
     <span class='ocr_line' id='line_1_27' title="bbox 283 3313 1410 3408; baseline 0.004 -26"><span class='ocrx_word' id='word_1_199' title='bbox 283 3316 360 3385; x_wconf 85' lang='lat' dir='ltr'><strong>sint.</strong></span> <span class='ocrx_word' id='word_1_200' title='bbox 379 3317 427 3384; x_wconf 85' lang='lat' dir='ltr'><strong>lta</strong></span> <span class='ocrx_word' id='word_1_201' title='bbox 449 3313 670 3384; x_wconf 85' lang='lat' dir='ltr'><strong>Bellarminus</strong></span> <span class='ocrx_word' id='word_1_202' title='bbox 689 3314 739 3408; x_wconf 86' lang='lat' dir='ltr'><strong>(dc</strong></span> <span class='ocrx_word' id='word_1_203' title='bbox 756 3318 851 3384; x_wconf 83' lang='lat' dir='ltr'><strong>Rom.</strong></span> <span class='ocrx_word' id='word_1_204' title='bbox 864 3318 987 3404; x_wconf 54' lang='lat' dir='ltr'><strong>dont„</strong></span> <span class='ocrx_word' id='word_1_205' title='bbox 1005 3316 1028 3384; x_wconf 91' lang='lat' dir='ltr'><strong>l.</strong></span> <span class='ocrx_word' id='word_1_206' title='bbox 1053 3320 1087 3405; x_wconf 83' lang='lat'><strong>2,</strong></span> <span class='ocrx_word' id='word_1_207' title='bbox 1103 3340 1132 3385; x_wconf 89' lang='lat' dir='ltr'><strong>e.</strong></span> <span class='ocrx_word' id='word_1_208' title='bbox 1149 3319 1226 3408; x_wconf 84' lang='lat'>25);</span> <span class='ocrx_word' id='word_1_209' title='bbox 1242 3318 1410 3388; x_wconf 76' lang='lat' dir='ltr'><strong>Batonius</strong></span> 
     </span>
     <span class='ocr_line' id='line_1_28' title="bbox 287 3427 1408 3519; baseline 0 -23"><span class='ocrx_word' id='word_1_210' title='bbox 287 3427 339 3516; x_wconf 85' lang='lat' dir='ltr'><strong>(cd</strong></span> <span class='ocrx_word' id='word_1_211' title='bbox 363 3449 488 3498; x_wconf 86' lang='lat' dir='ltr'><strong>eanum</strong></span> <span class='ocrx_word' id='word_1_212' title='bbox 515 3429 608 3517; x_wconf 78' lang='lat'><strong>347);</strong></span> <span class='ocrx_word' id='word_1_213' title='bbox 637 3429 753 3496; x_wconf 86' lang='lat' dir='ltr'><strong>Petrus</strong></span> <span class='ocrx_word' id='word_1_214' title='bbox 776 3427 817 3495; x_wconf 91' lang='lat' dir='ltr'><strong>de</strong></span> <span class='ocrx_word' id='word_1_215' title='bbox 844 3427 952 3498; x_wconf 80' lang='lat' dir='ltr'><strong>Manca</strong></span> <span class='ocrx_word' id='word_1_216' title='bbox 972 3427 1164 3519; x_wconf 77' lang='lat' dir='ltr'><strong>(Concord,</strong></span> <span class='ocrx_word' id='word_1_217' title='bbox 1186 3429 1209 3498; x_wconf 91' lang='lat' dir='ltr'><strong>l.</strong></span> <span class='ocrx_word' id='word_1_218' title='bbox 1236 3433 1269 3516; x_wconf 81' lang='lat'><strong>7,</strong></span> <span class='ocrx_word' id='word_1_219' title='bbox 1292 3451 1321 3496; x_wconf 91' lang='lat' dir='ltr'><strong>c.</strong></span> <span class='ocrx_word' id='word_1_220' title='bbox 1348 3432 1408 3516; x_wconf 83' lang='grc'><strong>16,</strong></span> 
     </span>
     <span class='ocr_line' id='line_1_29' title="bbox 285 3536 911 3628; baseline 0 -23"><span class='ocrx_word' id='word_1_221' title='bbox 285 3559 320 3606; x_wconf 84' lang='grc' dir='ltr'><strong>ιι.</strong></span> <span class='ocrx_word' id='word_1_222' title='bbox 339 3536 384 3627; x_wconf 84' lang='grc'><strong>1),</strong></span> <span class='ocrx_word' id='word_1_223' title='bbox 396 3544 428 3605; x_wconf 87' lang='lat' dir='ltr'><strong>et</strong></span> <span class='ocrx_word' id='word_1_224' title='bbox 441 3537 503 3628; x_wconf 84' lang='lat' dir='ltr'><strong>ipsi</strong></span> <span class='ocrx_word' id='word_1_225' title='bbox 516 3537 674 3608; x_wconf 85' lang='lat' dir='ltr'><strong>Ballerini</strong></span> <span class='ocrx_word' id='word_1_226' title='bbox 692 3537 774 3628; x_wconf 81' lang='lat' dir='ltr'><strong>(loco</strong></span> <span class='ocrx_word' id='word_1_227' title='bbox 790 3537 911 3627; x_wconf 83' lang='lat' dir='ltr'><strong>citato).</strong></span> 
     </span>
    </p>
   </div>
   <div class='ocr_carea' id='block_1_9' title="bbox 0 0 1530 4946">
    <p class='ocr_par' dir='ltr' id='par_1_11' title="bbox 0 0 1530 4946">
     <span class='ocr_line' id='line_1_30' title="bbox 0 0 1530 4946; baseline 0 0"><span class='ocrx_word' id='word_1_228' title='bbox 0 0 1530 4946; x_wconf 95' lang='lat' dir='ltr'><strong> </strong></span> 
     </span>
    </p>
   </div>
  </div>
 </body>
</html>
