3068 4948
314 505 374 570 322
664 522 837 572 rrrrcrsrns
861 525 898 570 nn
921 521 1074 571 rrrscrrns

311 664 386 734 terit
414 664 551 756 quisque
576 659 687 732 eadam
717 663 868 734 methodo
901 664 973 733 aliis
1009 664 1105 732 edam
1149 659 1339 752 regionibus
1370 683 1428 752 ap-

313 772 443 865 plicare.

835 959 904 1051 ar.

312 1151 350 1200 An
367 1154 393 1200 ct
408 1149 539 1213 quomodo
556 1155 614 1201 anto
628 1147 815 1200 concordatum
827 1151 888 1200 anni
900 1151 959 1199 taor
974 1147 1104 1213 viguerint
1117 1148 1144 1198 in
1168 1147 1250 1200 Gallis
1264 1147 1431 1200 Gmcellnrim

829 1233 933 1298 regula.

354 1431 514 1522 Regiones
538 1433 571 1500 in
598 1431 717 1524 quibus
743 1431 895 1522 vigebant
923 1431 1122 1500 cancellariae
1146 1429 1285 1521 regula,
1309 1429 1356 1498 sic
1374 1452 1431 1498 re-

225 1586 226 1589 =
309 1540 458 1610 censebat
486 1563 546 1608 suo
577 1549 722 1632 tempore
750 1538 949 1608 clarissimus
979 1539 1125 1629 Riganti,
1154 1561 1171 1605 e
1202 1537 1287 1606 vivis
1314 1537 1430 1606 subla-

309 1657 360 1716 tus
389 1669 475 1715 anno
509 1649 592 1713 1718
624 1674 630 1714 :
664 1675 681 1714 a
712 1646 750 1714 ln
778 1655 845 1715 tota
870 1646 962 1715 italis
995 1645 1176 1737 insulisque
1208 1643 1431 1737 adjacentibus

312 1781 328 1818 a
351 1752 553 1822 cancellatim
580 1753 763 1844 apostolicas
801 1753 924 1843 regulae
958 1762 1150 1839 servantur3
1188 1750 1432 1842 servandosque

312 1862 447 1930 aetiam
471 1861 506 1928 in
528 1860 689 1930 Dalmatia
713 1861 892 1930 resolutum
926 1859 989 1928 fuit
1014 1884 1033 1929 a
1059 1882 1149 1929 sacra
1179 1849 1457 1949 congregatione

311 1997 327 2034 a
350 1970 612 2062 Episcopomm3
643 1976 817 2038 servantur
840 1969 952 2037 itidem
983 1969 1017 2036 in
1046 1967 1157 2058 regnis
1182 1966 1430 2057 Hispaniarum,

310 2079 385 2146 ain
413 2079 569 2147 Lusitana
597 2084 629 2146 et
660 2079 694 2144 in
726 2077 898 2147 Polonia...
933 2075 1072 2146 Galliam
1108 2075 1194 2168 quod
1232 2075 1375 2166 respicit,
1405 2075 1433 2142 si

310 2213 326 2250 a
349 2185 515 2278 loquimur
543 2185 583 2253 de
612 2207 650 2255 ea
678 2195 770 2276 parte
805 2209 879 2277 quae
915 2185 1034 2254 Patrio
1065 2182 1200 2253 reducta
1233 2182 1431 2274 appellatur,

310 2293 427 2385 aquia
454 2314 570 2384 nempe
598 2291 643 2360 ibi
674 2306 756 2361 tosa
784 2293 825 2361 ad
856 2294 1061 2362 medietatem
1093 2291 1226 2360 reducta
1252 2300 1314 2379 ast,
1339 2300 1373 2360 et
1396 2291 1433 2359 iu

310 2430 327 2466 a
350 2424 415 2494 qna
442 2400 518 2470 olim
547 2400 654 2490 viguit
684 2400 890 2490 pragmatica
919 2401 1053 2487 sanctio,
1089 2401 1183 2491 cujus
1210 2399 1281 2468 loco
1311 2399 1434 2468 subro-

310 2538 326 2575 a
351 2517 425 2600 gata
456 2508 589 2577 luerunt
619 2509 810 2577 concordata
833 2508 913 2576 inita
936 2509 1022 2577 inter
1045 2509 1187 2576 Leonem
1213 2505 1245 2574 X
1267 2515 1298 2574 et
1321 2505 1434 2575 Fran-

310 2644 326 2680 «
350 2617 470 2685 ciscum
496 2617 511 2682 1
532 2614 713 2684 Galliarum
735 2638 858 2705 regem,
883 2615 1007 2706 regulae
1022 2613 1223 2684 cancellaria
1237 2614 1346 2682 locum
1365 2639 1436 2684 non

309 2753 326 2790 a
351 2723 482 2810 habent,
501 2731 620 2814 prmter
639 2721 889 2814 infrascriptos,
907 2745 1023 2814 nempe
1035 2751 1042 2790 :
1055 2722 1094 2790 de
1110 2721 1225 2790 annali
1235 2743 1433 2812 possessore,

303 2860 325 2909 ,a
350 2831 388 2898 de
411 2830 580 2911 triennali,
602 2829 641 2899 de
664 2830 844 2898 vmadmili
861 2831 993 2914 notitia,
1012 2829 1052 2899 de
1072 2829 1242 2912 idiomate,
1266 2841 1297 2896 et
1312 2828 1353 2897 de
1364 2853 1437 2921 pu-

310 2972 327 3009 «
351 2944 507 3013 dlicoodis
535 2944 816 3034 respirationibus.
847 2947 884 3012 ln
914 2946 953 3013 iis
981 2968 1059 3016 vero
1089 2944 1278 3034 regionibus
1311 2946 1438 3012 Patria

311 3080 327 3120 a
351 3051 539 3121 obedient-iae
558 3052 765 3144 nuncupatis,
791 3076 867 3144 qum
889 3052 1127 3142 pragmaticam
1149 3074 1320 3143 nunquam
1338 3073 1439 3121 reco-

311 3187 327 3226 a
351 3181 506 3250 gnavare,
530 3182 670 3251 quasque
686 3168 757 3251 post
781 3159 973 3228 concordata
987 3159 1124 3228 Coronae
1139 3169 1357 3246 accesserunt,
1378 3161 1439 3228 vi-

311 3298 328 3335 «
351 3277 429 3360 gent
447 3268 570 3356 regulae
594 3268 806 3337 cancellariae.
833 3269 872 3336 Et
896 3291 956 3361 pro
981 3267 1152 3360 provincia
1175 3266 1360 3337 Provinciae
1393 3269 1440 3360 (la

312 3403 329 3443 a
353 3375 527 3466 Provencc)
545 3385 575 3444 et
589 3377 778 3457 Britannia,
796 3375 916 3444 adsunt
930 3376 1071 3444 celebres
1086 3374 1320 3444 declarationes
1335 3377 1440 3446 Hen-

314 3511 330 3550 ι(
354 3484 413 3552 rici
427 3485 470 3571 ll,
483 3483 646 3552 Fraocisci
658 3484 700 3570 ll,
715 3493 748 3552 et
760 3485 867 3554 Caroli
879 3483 927 3552 IX
941 3479 1120 3553 Galliarum
1134 3505 1295 3573 regum...
1310 3483 1441 3577 Suhja-

271 3651 273 3656 ,
314 3600 428 3660 acent
450 3590 649 3660 cancellariae
680 3592 804 3682 regulis
836 3592 1019 3662 Comitatus
1047 3590 1235 3670 ,Rossiliom's
1256 3599 1289 3660 et
1315 3591 1441 3662 vicinae

315 3727 332 3764 a
355 3697 505 3786 ditiones,
520 3721 596 3790 quae
608 3722 628 3766 a
641 3699 758 3768 Garolo
771 3699 802 3768 ll
815 3699 1046 3792 Hispaniarum
1064 3721 1141 3788 rege
1153 3697 1439 3770 LndovicusXIV

315 3835 331 3872 a
354 3807 536 3900 acquisivit.
566 3809 603 3875 ln
624 3808 751 3876 indulto
771 3810 858 3876 enim
874 3809 1064 3877 nominandi
1082 3808 1123 3877 ad
1138 3807 1293 3877 beneficia
1309 3809 1440 3901 majora

316 3943 333 3982 a
355 3918 389 3983 in
404 3915 497 3983 dictis
512 3914 702 4003 regionibus
721 3915 906 4000 existentia,
927 3914 1014 4006 quod
1030 3915 1137 3984 eidem
1153 3915 1440 3985 Christianissimo

317 4051 333 4090 a
356 4024 427 4114 regi
450 4023 600 4093 Clemens
625 4021 672 4090 IX
698 4023 882 4114 impertitus
906 4023 981 4110 init,
1009 4045 1162 4114 expresse
1189 4033 1439 4114 praeemantur

318 4131 432 4223 «jura
455 4129 533 4198 Sedi
558 4129 754 4219 Apostolicae
773 4130 808 4197 in
832 4130 1020 4220 regionibns
1045 4129 1124 4220 ipsis
1150 4131 1381 4220 competentia,
1404 4139 1438 4199 et

318 4236 546 4331 «singillatim
577 4235 663 4304 circa
695 4237 931 4306 reservationcs
963 4238 1124 4304 mensium
1154 4237 1436 4330 Apostolicorum,
