3022 4950
286 439 323 503 10
636 463 811 510 rnnc'rurus
835 465 872 508 on
896 463 1047 510 raracrrns

281 597 430 666 homiues
456 599 619 690 obligante
637 600 679 668 ad
700 600 852 670 standum
876 601 1067 693 hujusmodi
1091 603 1204 692 pactis.
1232 602 1268 671 Si
1288 612 1396 694 poste-

282 705 364 792 rius,
389 705 422 774 id
444 715 506 794 est,
521 708 550 775 si
564 708 655 776 uulla
678 707 773 800 culpa
789 731 864 778 reus
879 709 920 778 sit
934 709 992 800 qui
1007 708 1078 778 haec
1089 717 1182 800 pacta
1197 711 1396 799 transgredi-

178 881 182 889 ,
283 819 349 897 tur,
371 835 450 902 ergo
472 837 530 882 nee
554 825 626 908 post
641 817 757 885 initum
781 824 910 908 paetum
925 817 1042 885 sociale
1056 816 1124 886 ulla
1138 817 1396 909 existetproprie

282 918 366 988 dicta
388 921 556 1011 obligatio.
579 924 667 1014 Ergo
688 936 817 1018 pactum
845 925 960 994 sociale
984 923 1117 992 minime
1139 933 1243 1016 potest
1263 924 1397 1016 allegari

284 1037 439 1118 tauquam
455 1031 611 1121 primaria
623 1033 857 1122 obligationum
873 1033 967 1102 ratio.

326 1135 573 1207 Paorosrr102·.
593 1179 638 1192 -
656 1144 768 1233 Neque
786 1141 942 1234 oblipatio
968 1140 1155 1210 consulendi
1175 1141 1317 1210 utilitati
1328 1165 1398 1234 pu·
1459 1197 1461 1204 Α

283 1242 373 1312 dlicta
387 1257 419 1312 et
433 1269 505 1336 quae
520 1247 596 1316 huic
614 1249 756 1318 utilitati
773 1262 888 1318 noceat
913 1248 1053 1332 uitandi,
1082 1249 1248 1318 constituit
1269 1249 1398 1340 oblipa-

284 1350 412 1420 tionum
423 1355 638 1448 principium.
663 1358 810 1426 -Nam
832 1355 919 1449 quod
941 1357 1038 1426 bomo
1062 1364 1210 1424 teneatur
1236 1358 1396 1448 privatam

282 1482 375 1530 suam
402 1464 573 1534 utilitatem
605 1467 736 1535 utilitati
760 1467 898 1558 publioae
924 1475 1129 1559 postponere,
1159 1466 1212 1535 vel
1240 1466 1398 1557 probatur

281 1566 424 1657 aliunde,
442 1573 494 1642 vel
511 1596 577 1642 nou
587 1599 596 1662 ;
621 1575 649 1642 si
668 1576 823 1666 probetur
842 1573 986 1661 aliunde,
1012 1595 1090 1662 ergo
1103 1571 1260 1665 praeliata
1275 1555 1396 1663 obliga·

283 1676 327 1742 tio
341 1699 407 1745 non
423 1687 471 1746 ast
490 1681 687 1770 primarium
710 1681 948 1771 obligationum
970 1679 1181 1771 principium,
1198 1679 1254 1748 sed
1269 1679 1341 1771 ipsa
1355 1703 1396 1748 ex

282 1783 346 1852 elio
359 1787 514 1856 anteriori
527 1789 687 1881 principio
699 1789 782 1858 fluit.
797 1790 832 1857 Si
848 1789 918 1857 baec
933 1788 1089 1877 obligatio
1104 1787 1233 1878 probari
1245 1797 1394 1879 nequeat,

281 1914 359 1982 ergo
375 1897 475 1985 gratis
487 1900 656 1984 asseritur,
674 1909 705 1968 et
719 1899 839 1968 nedum
855 1899 927 1988 ipsa
942 1898 983 1966 sit
998 1896 1145 1966 omnium
1160 1895 1396 1985 obligationum

281 2003 493 2096 principium,
521 2009 660 2077 dubium
686 2008 783 2076 etiam
806 2016 953 2075 remanet
972 2027 1013 2072 au
1030 2005 1092 2074 dici
1109 2005 1210 2097 possit
1225 2004 1393 2094 obligatio.

282 2109 388 2197 Adde,
405 2115 506 2182 multa
522 2138 589 2185 nou
611 2139 726 2185 nocere
747 2116 876 2184 utilitati
895 2113 1045 2206 publium,
1063 2137 1136 2204 quau
1153 2120 1261 2181 tamen
1277 2113 1397 2184 scelera

282 2228 370 2291 suot.

325 2329 511 2403 Prorosrrro
532 2338 575 2402 3¹.
601 2374 645 2386 -
664 2337 775 2426 Neque
795 2335 907 2404 lumen
930 2332 1085 2402 naturale
1107 2332 1245 2401 rationis
1270 2330 1397 2401 dictans
1500 2419 1501 2430 ἵ

282 2437 381 2505 tatem
398 2453 509 2509 actum
531 2465 594 2511 esse
617 2443 737 2512 bonum
760 2455 791 2510 et
812 2439 1025 2522 laudabilem,
1043 2453 1073 2508 ct
1087 2441 1189 2508 talem
1202 2440 1308 2509 olium
1324 2463 1398 2508 mo·
1500 2440 1501 2457 ¹

280 2544 352 2612 lum
370 2559 401 2615 et
426 2548 609 2632 vitandum,
637 2563 682 2618 est
694 2549 902 2642 primatium
920 2548 1159 2638 oblipationum
1179 2548 1394 2640 principium.

280 2688 324 2701 —
338 2653 466 2722 Lumen
480 2657 601 2749 quippe
619 2655 702 2724 illud
727 2656 810 2724 nibil
833 2654 923 2724 aliud
950 2666 998 2723 est
1020 2677 1118 2746 quam
1134 2654 1314 2724 intellectus
1329 2656 1397 2748 ipse
1499 2699 1500 2704 κ

280 2761 460 2852 percipiens
476 2765 540 2832 alia
554 2787 623 2834 esse
637 2766 735 2853 bona,
751 2765 815 2834 alia
836 2787 914 2834 vero
936 2763 1021 2831 mala
1045 2771 1077 2831 et
1095 2763 1328 2854 peccaminosa.
1353 2763 1398 2831 At

279 2890 358 2936 vero
384 2871 562 2942 intellectus
587 2872 769 2965 percipiens
798 2895 865 2942 non
887 2873 1055 2942 constituit
1075 2894 1134 2941 uec
1158 2872 1296 2940 existere
1322 2871 1397 2940 facit
1498 2887 1499 2963 ζ

278 2977 440 3067 objectum
466 2990 673 3072 perceptum,
704 2981 760 3049 sed
786 2980 870 3050 illud
897 2981 1147 3073 praesupponit:
1169 2980 1396 3072 objectumque

279 3082 359 3151 illud
375 3106 441 3153 non
452 3085 525 3156 ideo
540 3095 587 3156 est
601 3089 679 3180 quia
693 3088 884 3181 percipitur,
900 3087 956 3156 sed
971 3089 1080 3178 potius
1103 3087 1175 3156 ideo
1194 3088 1320 3178 percipi
1337 3111 1396 3178 po·
1497 3153 1498 3158 ,

279 3200 353 3279 test,
369 3195 446 3283 quia
459 3203 507 3263 est
520 3196 555 3263 in
574 3221 607 3265 se
626 3198 711 3266 reale
734 3219 791 3266 seu
804 3219 933 3267 verum.
957 3195 1095 3278 Quando
1110 3195 1289 3264 intellectus
1304 3218 1397 3263 meus

278 3302 415 3392 percipit
442 3304 656 3394 parricidium
677 3329 745 3375 esse
763 3304 966 3375 horrendum
983 3305 1107 3392 scelus,
1135 3326 1207 3372 mea
1233 3305 1396 3395 perceptio

278 3432 345 3478 non
356 3409 521 3480 constituit
534 3413 691 3483 malitiam
704 3413 883 3505 parricidii,
900 3411 957 3482 aad
971 3413 1033 3482 ista
1048 3411 1169 3481 malitia
1183 3411 1292 3479 existit
1305 3411 1397 3480 iude-

277 3515 486 3605 peudeutera
504 3542 575 3587 mea
587 3521 811 3613 perceptione,
832 3542 893 3590 uec
915 3520 1024 3589 minua
1047 3517 1206 3609 culpabile
1222 3526 1305 3586 esset
1320 3542 1395 3610 par-
1495 3571 1496 3608 ,

276 3624 442 3711 ricidium,
470 3626 596 3695 etiamsi
621 3650 791 3720 nunquam
815 3628 1023 3697 exstitissem.
1054 3625 1193 3708 Quando
1221 3627 1397 3719 aperiendo

278 3734 388 3802 oculos
409 3734 506 3804 video
525 3734 702 3805 edificium
725 3735 871 3828 aliquod,
889 3743 979 3804 actus
993 3735 1048 3802 ille
1065 3733 1198 3803 videndi
1218 3757 1284 3802 uon
1299 3757 1396 3804 cons-

277 3839 364 3908 tituit
389 3841 576 3931 aedificium,
600 3843 656 3911 sed
679 3843 760 3933 quia
786 3827 962 3912 edificium
989 3851 1037 3910 est
1055 3843 1124 3933 jam
1138 3841 1350 3910 constitutum
1365 3854 1396 3911 et

278 3949 431 4036 existens,
457 3949 530 4020 ideo
548 3950 723 4042 aperiendo
744 3950 855 4019 oculos
876 3949 958 4018 illud
985 3949 1083 4020 video
1090 3977 1100 4037 ;
1113 3949 1210 4017 idem
1233 3970 1331 4039 porro
1355 3949 1395 4016 de
1493 4009 1494 4034 ἶ

276 4056 455 4142 intellectu}
476 4059 672 4150 percipiente
700 4057 838 4147 aboujm
866 4066 956 4127 actus
987 4058 1193 4148 pravitatem.
1227 4055 1394 4126 Moralitas

275 4188 353 4256 ergo
367 4177 499 4237 actuum
514 4167 735 4236 bumanorum
751 4166 845 4236 debet
863 4166 932 4256 jam
946 4167 1085 4236 existere
1098 4173 1130 4234 et
1145 4163 1179 4234 iu
1192 4187 1226 4234 se
1242 4166 1393 4235 constitui
