3068 4948
330 445 391 510 ata
682 469 855 515 rnncnrrus
878 469 915 514 nn
939 467 1092 516 errrncrrns

328 609 385 677 sia
406 608 525 702 absque
548 611 679 678 licentia
702 623 734 678 et
755 610 914 680 mandato
932 608 1030 702 (apud
1046 609 1205 700 Antifebr.
1219 607 1325 690 vind,
1342 616 1366 675 t.
1384 609 1438 694 ΠΙ,

327 741 360 808 p.
393 722 470 804 257,
496 718 573 789 edit.
598 719 744 804 Cesenae,
769 723 877 810 1771).
898 720 1033 802 Quarto,
1058 727 1267 809 usurpatores
1286 718 1441 807 cogebant

325 825 366 893 ad
377 828 624 913 restitutionem,
639 837 670 897 et
680 829 777 898 initos
788 837 972 897 contractus
984 825 1315 917 rescindebant(Vide
1325 849 1441 894 monu-

326 944 434 1004 menta
457 936 490 1004 in
510 937 732 1027 probationem
753 937 841 1028 apud
860 935 1123 1026 dntifebronium
1140 933 1358 1016 vindicatum,
1375 935 1442 1004 loen

324 1042 394 1126 cit,
411 1065 443 1133 p.
467 1047 555 1134 258).
573 1044 708 1129 Quinto,
730 1041 947 1112 concedebant
969 1043 1021 1112 vel
1044 1041 1244 1132 abnegabant
1270 1065 1373 1112 onera
1392 1043 1442 1109 in-

322 1151 451 1221 terdum
474 1161 665 1245 apotastate
687 1152 774 1221 civili
790 1152 884 1222 bonis
904 1153 1126 1221 ecclesiasticis
1140 1152 1303 1243 impositu.
1323 1152 1442 1221 Conci-

320 1261 404 1332 lium
422 1261 637 1331 Laterenense
660 1261 704 1330 111
719 1262 780 1331 snb
807 1260 1031 1329 anathematis
1053 1258 1253 1328 districtione
1276 1265 1365 1328 vetut
1381 1261 1442 1328 irn-

322 1371 400 1462 poni
428 1393 447 1438 a
473 1377 628 1462 potestate
653 1369 741 1438 civili
765 1367 953 1460 hujusmodi
975 1389 1086 1453 onera,
1115 1367 1181 1435 nisi
1205 1367 1391 1458 Episcopus
1414 1381 1442 1435 et

322 1479 425 1546 clerus
439 1491 570 1548 tantam
583 1477 804 1546 necessitatem
818 1477 870 1544 vel
881 1475 1059 1545 utilitatem
1075 1473 1296 1567 adspexerint,
1314 1488 1354 1542 ut
1370 1475 1443 1542 ais-

322 1609 384 1678 que
409 1585 479 1654 ulla
505 1588 673 1656 eaaotiane
695 1587 741 1656 ad
757 1569 947 1658 relevandas
968 1607 1154 1654 communes
1176 1581 1382 1652 necessitates
1396 1583 1444 1650 cel

322 1696 492 1777 utilitates,
510 1697 568 1764 udi
582 1697 743 1765 laicorum
751 1720 819 1765 uon
829 1708 1006 1789 suppetunt
1018 1695 1204 1789 facultates,
1224 1691 1373 1760 subsidia
1381 1716 1443 1783 per

322 1803 466 1872 eeclesias
480 1803 666 1873 existiment
679 1804 881 1896 conferenda.
899 1803 1081 1874 Concilium
1102 1811 1210 1870 autern
1225 1801 1442 1870 Laterauense

322 1909 367 1980 IV
381 1911 465 2000 (can.
484 1911 536 2000 46)
556 1912 659 1980 voluit
672 1921 776 1980 totum
793 1912 852 1980 bac
868 1909 908 1979 de
923 1934 958 1980 re
976 1910 1139 2002 judicium
1154 1932 1174 1977 a
1190 1908 1340 1978 Romano
1355 1907 1441 1976 Pon-

322 2017 407 2086 tifice
425 2017 564 2108 pendere
583 2047 589 2086 :
608 2023 747 2112 Propter
777 2018 1037 2111 imprudentiam
1069 2031 1179 2085 tamen
1203 2016 1438 2108 quorumdam,

322 2131 489 2194 Romanus
519 2128 671 2219 Pontifex
699 2127 900 2208 consulatur,
928 2128 1023 2218 cujus
1052 2127 1184 2194 interest
1213 2125 1441 2192 communibus

321 2232 518 2302 utilitatibus
528 2233 709 2324 prouidere.
732 2234 816 2302 Hinc
831 2257 906 2303 cum
922 2233 1096 2302 Eduardus
1111 2233 1242 2322 Anglim
1261 2254 1333 2319 rex,
1353 2255 1440 2300 anno

324 2345 420 2428 1297,
446 2351 557 2410 taxant
581 2343 676 2411 bonis
693 2343 914 2411 ecclesiasticis
936 2343 978 2411 ob
994 2343 1071 2412 belli
1087 2343 1250 2433 impensas
1266 2341 1438 2432 imposuit,
1525 2407 1526 2442 r

321 2451 423 2520 clerus
452 2451 509 2538 (ait
531 2450 673 2520 Thomas
695 2449 1009 2540 Valsingbnmensis)
1028 2449 1067 2517 ab
1094 2448 1360 2518 constitutionem
1377 2454 1441 2519 Pa-

317 2579 382 2648 pa,
400 2559 459 2625 boc
474 2581 560 2626 arura
576 2557 710 2640 editam,
727 2581 800 2650 pua
812 2559 962 2650 probibet
976 2558 1035 2626 sub
1046 2581 1148 2649 poena
1172 2559 1440 2626 excommunica-

322 2666 420 2734 tionis
438 2689 477 2734 ne
497 2666 599 2734 tallia
615 2667 666 2735 uel
686 2667 866 2735 exactiones
881 2690 902 2733 a
916 2667 999 2734 clero
1012 2689 1073 2756 per
1087 2666 1256 2734 seculares
1274 2667 1442 2758 principes
1515 2733 1523 2761 ι

321 2773 547 2864 quoquomodo
575 2774 761 2863 eaipantur,
781 2774 833 2842 vel
856 2773 900 2841 eis
924 2775 1096 2842 solvantur
1108 2772 1148 2842 de
1163 2773 1256 2841 rebus
1272 2775 1439 2856 Ecclesia,
1522 2857 1523 2872 χ

321 2882 401 2971 Repr'
419 2905 481 2972 pro
501 2904 691 2972 puerrasua
709 2882 836 2973 petenti
849 2881 1029 2951 subsidium
1047 2881 1229 2972 denepavit.
1248 2881 1342 2965 Quod
1361 2907 1441 2975 pro-

320 2989 402 3058 fecto
424 2987 563 3058 ostendit
587 3011 685 3080 qnam
700 3011 759 3080 pro
776 2997 863 3058 certa
875 2989 1006 3078 Anglioe
1022 2989 1127 3057 clerus
1142 2989 1275 3058 haberet
1297 2989 1441 3059 Romani

319 3096 484 3165 Pontificis
502 3103 691 3188 potestatem
709 3096 785 3165 talia
801 3095 1024 3164 interdicendi.
1044 3101 1076 3164 3⁰
1099 3096 1147 3164 De
1163 3096 1324 3166 reditibus
1337 3098 1441 3166 bene-

320 3205 468 3273 ficiorum
496 3205 591 3297 plena
620 3204 809 3272 auctoritate
833 3203 1063 3294 disposuerunt
1083 3203 1224 3272 Romani
1251 3205 1439 3276 Pontifices.

319 3315 446 3383 Horum
471 3313 637 3381 redituum
657 3311 815 3380 celebrem
835 3312 1076 3381 distinctionem
1099 3313 1134 3380 in
1156 3321 1297 3406 quatuor
1318 3325 1440 3406 partes,

319 3445 459 3514 quarum
485 3421 590 3514 prima
611 3421 781 3512 Episcopo,
808 3420 951 3490 secunda
973 3422 1072 3508 clero,
1103 3421 1197 3490 tertia
1224 3425 1439 3514 pauperibus,

319 3539 435 3624 quarta
449 3530 580 3598 fabrica
595 3529 844 3615 concedebatur,
859 3530 938 3600 solet
949 3530 990 3598 ab
1003 3530 1140 3598 eruditis
1152 3531 1255 3600 tribui
1267 3532 1440 3625 Simplicio

318 3641 416 3730 Popae
446 3638 543 3730 (Vide
571 3637 641 3728 ejus
668 3637 763 3728 epist.
795 3639 838 3727 3).
870 3637 1028 3708 Eamdem
1056 3638 1261 3728 partitionem
1289 3639 1441 3710 Gelasins
1522 3681 1523 3716 2

319 3747 435 3816 deinde
462 3745 667 3816 confirmavit
693 3745 805 3836 (Epist.
830 3751 897 3813 iet
920 3745 985 3835 10).
1012 3744 1150 3814 Sanctus
1164 3769 1242 3816 vero
1256 3749 1439 3838 Gregorius

318 3857 458 3946 Magnus
484 3854 626 3923 decrevit
642 3853 822 3922 visitatores
845 3875 917 3922 eam
932 3854 1115 3945 portionem
1136 3865 1437 3949 percepturusque

318 3963 470 4033 defuncto
485 3961 643 4052 Episcopo
657 3961 685 4028 si
701 3961 826 4030 viveret
837 3961 1006 4032 obveniret
1018 3962 1067 4051 (L.
1087 3966 1120 4049 a,
1137 3963 1230 4053 epist.
1247 3963 1288 4030 ad
1300 3964 1436 4034 Petrum

317 4071 484 4156 Tricalit.;
512 4069 580 4138 etl.
599 4072 632 4154 7,
656 4067 748 4158 epist.
773 4072 813 4135 75
828 4067 870 4140 ad
884 4068 1063 4158 Constant).
1079 4069 1268 4139 Alexander
1282 4071 1327 4140 lu
1342 4095 1436 4163 prae-

318 4180 400 4271 cepit
417 4187 452 4246 nt
465 4176 587 4246 reditus
603 4187 633 4243 et
642 4187 818 4264 proventus
827 4175 1011 4268 prebenda
1024 4200 1123 4269 quam
1139 4177 1361 4250 Cluniaccneis
1374 4181 1435 4252 ab·
