<?xml version="1.0" encoding="UTF-8"?>
<!DOCTYPE html PUBLIC "-//W3C//DTD XHTML 1.0 Transitional//EN"
    "http://www.w3.org/TR/xhtml1/DTD/xhtml1-transitional.dtd">
<html xmlns="http://www.w3.org/1999/xhtml" xml:lang="en" lang="en">
 <head>
  <title>
</title>
<meta http-equiv="Content-Type" content="text/html;charset=utf-8" />
  <meta name='ocr-system' content='tesseract 3.04.00' />
  <meta name='ocr-capabilities' content='ocr_page ocr_carea ocr_par ocr_line ocrx_word'/>
</head>
<body>
  <div class='ocr_page' id='page_1' title='image "./tractatusdeprin00bouigoog_0585.png"; bbox 0 0 3042 4946; ppageno 0'>
   <div class='ocr_carea' id='block_1_1' title="bbox 662 500 1073 550">
    <p class='ocr_par' dir='ltr' id='par_1_1' title="bbox 662 500 1073 550">
     <span class='ocr_line' id='line_1_1' title="bbox 662 500 1073 550; baseline -0.005 0"><span class='ocrx_word' id='word_1_1' title='bbox 662 500 836 550; x_wconf 63' lang='lat' dir='ltr'><strong>&#39;l&#39;lthTthfs&#39;</strong></span> <span class='ocrx_word' id='word_1_2' title='bbox 859 501 897 550; x_wconf 78' lang='lat' dir='ltr'><strong>lli!</strong></span> <span class='ocrx_word' id='word_1_3' title='bbox 919 500 1073 550; x_wconf 73' lang='lat' dir='ltr'><strong>eumeleus</strong></span> 
     </span>
    </p>
   </div>
   <div class='ocr_carea' id='block_1_2' title="bbox 750 819 988 889">
    <p class='ocr_par' dir='ltr' id='par_1_2' title="bbox 750 819 988 889">
     <span class='ocr_line' id='line_1_2' title="bbox 750 819 988 889; baseline -0.008 -1"><span class='ocrx_word' id='word_1_4' title='bbox 750 819 892 888; x_wconf 84' lang='lat' dir='ltr'>CAPUT</span> <span class='ocrx_word' id='word_1_5' title='bbox 914 819 988 889; x_wconf 83' lang='lat' dir='ltr'><strong>vlt.</strong></span> 
     </span>
    </p>
   </div>
   <div class='ocr_carea' id='block_1_3' title="bbox 424 1001 1305 1095">
    <p class='ocr_par' dir='ltr' id='par_1_3' title="bbox 424 1001 1305 1095">
     <span class='ocr_line' id='line_1_3' title="bbox 424 1001 1305 1095; baseline -0.011 -17"><span class='ocrx_word' id='word_1_6' title='bbox 424 1033 461 1078; x_wconf 84' lang='lat' dir='ltr'><strong>na</strong></span> <span class='ocrx_word' id='word_1_7' title='bbox 484 1032 668 1078; x_wconf 79' lang='lat' dir='ltr'><strong>sreaauorro</strong></span> <span class='ocrx_word' id='word_1_8' title='bbox 692 1031 746 1077; x_wconf 82' lang='lat' dir='ltr'><strong>ssu</strong></span> <span class='ocrx_word' id='word_1_9' title='bbox 771 1031 942 1076; x_wconf 77' lang='lat' dir='ltr'><strong>rorasrnra</strong></span> <span class='ocrx_word' id='word_1_10' title='bbox 964 1028 1084 1076; x_wconf 84' lang='lat' dir='ltr'><strong>aamms</strong></span> <span class='ocrx_word' id='word_1_11' title='bbox 1108 1001 1305 1095; x_wconf 75' lang='lat' dir='ltr'><strong>(anurssrvsl.</strong></span> 
     </span>
    </p>
   </div>
   <div class='ocr_carea' id='block_1_4' title="bbox 306 1219 1449 1612">
    <p class='ocr_par' dir='ltr' id='par_1_4' title="bbox 306 1219 1449 1612">
     <span class='ocr_line' id='line_1_4' title="bbox 306 1219 1449 1288; baseline -0.009 -12"><span class='ocrx_word' id='word_1_12' title='bbox 306 1227 403 1276; x_wconf 78' lang='lat' dir='ltr'><strong>l’roeter</strong></span> <span class='ocrx_word' id='word_1_13' title='bbox 419 1225 598 1288; x_wconf 76' lang='lat' dir='ltr'><strong>mnqirterinm</strong></span> <span class='ocrx_word' id='word_1_14' title='bbox 614 1237 659 1273; x_wconf 83' lang='lat' dir='ltr'><strong>seu</strong></span> <span class='ocrx_word' id='word_1_15' title='bbox 677 1225 830 1286; x_wconf 85' lang='lat' dir='ltr'><strong>potestatem</strong></span> <span class='ocrx_word' id='word_1_16' title='bbox 847 1220 970 1283; x_wconf 87' lang='lat' dir='ltr'><strong>docendi,</strong></span> <span class='ocrx_word' id='word_1_17' title='bbox 988 1225 1014 1271; x_wconf 89' lang='lat' dir='ltr'><strong>et</strong></span> <span class='ocrx_word' id='word_1_18' title='bbox 1022 1219 1231 1285; x_wconf 77' lang='lat' dir='ltr'><strong>surirdieh&#39;onem</strong></span> <span class='ocrx_word' id='word_1_19' title='bbox 1251 1233 1301 1268; x_wconf 82' lang='lat' dir='ltr'><strong>eeu</strong></span> <span class='ocrx_word' id='word_1_20' title='bbox 1319 1219 1449 1283; x_wconf 81' lang='lat' dir='ltr'><strong>potesta·</strong></span> 
     </span>
     <span class='ocr_line' id='line_1_5' title="bbox 334 1297 1448 1372; baseline -0.009 -14"><span class='ocrx_word' id='word_1_21' title='bbox 334 1313 388 1358; x_wconf 88' lang='lat' dir='ltr'><strong>tem</strong></span> <span class='ocrx_word' id='word_1_22' title='bbox 404 1306 577 1372; x_wconf 75' lang='lat' dir='ltr'><strong>gubernandi,</strong></span> <span class='ocrx_word' id='word_1_23' title='bbox 595 1305 704 1356; x_wconf 78' lang='lat' dir='ltr'><strong>instituit</strong></span> <span class='ocrx_word' id='word_1_24' title='bbox 719 1297 877 1356; x_wconf 69' lang='lat' dir='ltr'><strong>induciaria</strong></span> <span class='ocrx_word' id='word_1_25' title='bbox 893 1319 940 1356; x_wconf 90' lang='lat' dir='ltr'><strong>sua</strong></span> <span class='ocrx_word' id='word_1_26' title='bbox 955 1303 1073 1354; x_wconf 76' lang='lat' dir='ltr'><strong>Christus</strong></span> <span class='ocrx_word' id='word_1_27' title='bbox 1088 1301 1261 1352; x_wconf 76' lang='lat' dir='ltr'><strong>sacerdotium</strong></span> <span class='ocrx_word' id='word_1_28' title='bbox 1278 1313 1328 1350; x_wconf 83' lang='lat' dir='ltr'><strong>sen</strong></span> <span class='ocrx_word' id='word_1_29' title='bbox 1349 1303 1448 1365; x_wconf 85' lang='lat' dir='ltr'><strong>potes-</strong></span> 
     </span>
     <span class='ocr_line' id='line_1_6' title="bbox 336 1379 1448 1449; baseline -0.008 -11"><span class='ocrx_word' id='word_1_30' title='bbox 336 1391 415 1438; x_wconf 86' lang='lat' dir='ltr'><strong>tatem</strong></span> <span class='ocrx_word' id='word_1_31' title='bbox 441 1385 550 1436; x_wconf 91' lang='lat' dir='ltr'><strong>ordinis.</strong></span> <span class='ocrx_word' id='word_1_32' title='bbox 575 1388 607 1436; x_wconf 77' lang='lat' dir='ltr'><strong>at</strong></span> <span class='ocrx_word' id='word_1_33' title='bbox 630 1385 662 1436; x_wconf 90' lang='lat' dir='ltr'><strong>de</strong></span> <span class='ocrx_word' id='word_1_34' title='bbox 688 1386 736 1436; x_wconf 84' lang='lat' dir='ltr'><strong>hac</strong></span> <span class='ocrx_word' id='word_1_35' title='bbox 764 1385 842 1436; x_wconf 86' lang='lat' dir='ltr'><strong>tertia</strong></span> <span class='ocrx_word' id='word_1_36' title='bbox 859 1388 988 1449; x_wconf 71' lang='lat' dir='ltr'><strong>potestate</strong></span> <span class='ocrx_word' id='word_1_37' title='bbox 1008 1383 1162 1448; x_wconf 69' lang='lat' dir='ltr'><strong>disceptatio</strong></span> <span class='ocrx_word' id='word_1_38' title='bbox 1185 1381 1324 1448; x_wconf 73' lang='lat' dir='ltr'><strong>presentis</strong></span> <span class='ocrx_word' id='word_1_39' title='bbox 1354 1379 1448 1430; x_wconf 79' lang='lat' dir='ltr'><strong>nostri</strong></span> 
     </span>
     <span class='ocr_line' id='line_1_7' title="bbox 337 1461 1448 1530; baseline -0.009 -12"><span class='ocrx_word' id='word_1_40' title='bbox 337 1469 458 1518; x_wconf 87' lang='lat' dir='ltr'><strong>tractatus</strong></span> <span class='ocrx_word' id='word_1_41' title='bbox 479 1479 587 1530; x_wconf 86' lang='lat' dir='ltr'><strong>scopum</strong></span> <span class='ocrx_word' id='word_1_42' title='bbox 602 1465 678 1516; x_wconf 85' lang='lat' dir='ltr'><strong>simul</strong></span> <span class='ocrx_word' id='word_1_43' title='bbox 696 1471 722 1516; x_wconf 91' lang='lat' dir='ltr'><strong>et</strong></span> <span class='ocrx_word' id='word_1_44' title='bbox 737 1465 831 1516; x_wconf 86' lang='lat' dir='ltr'><strong>limites</strong></span> <span class='ocrx_word' id='word_1_45' title='bbox 847 1465 997 1516; x_wconf 80' lang='lat' dir='ltr'><strong>excederet.</strong></span> <span class='ocrx_word' id='word_1_46' title='bbox 1019 1465 1191 1530; x_wconf 76' lang='lat' dir='ltr'><strong>Quapropter,</strong></span> <span class='ocrx_word' id='word_1_47' title='bbox 1208 1476 1239 1512; x_wconf 89' lang='lat' dir='ltr'><strong>ea</strong></span> <span class='ocrx_word' id='word_1_48' title='bbox 1255 1462 1371 1522; x_wconf 79' lang='lat' dir='ltr'><strong>omissa,</strong></span> <span class='ocrx_word' id='word_1_49' title='bbox 1391 1461 1448 1510; x_wconf 87' lang='lat' dir='ltr'><strong>lec-</strong></span> 
     </span>
     <span class='ocr_line' id='line_1_8' title="bbox 336 1545 1165 1612; baseline -0.004 -13"><span class='ocrx_word' id='word_1_50' title='bbox 336 1552 420 1599; x_wconf 88' lang='lat' dir='ltr'><strong>torem</strong></span> <span class='ocrx_word' id='word_1_51' title='bbox 436 1547 589 1598; x_wconf 79' lang='lat' dir='ltr'><strong>remittimus</strong></span> <span class='ocrx_word' id='word_1_52' title='bbox 605 1545 637 1597; x_wconf 85' lang='lat' dir='ltr'><strong>ad</strong></span> <span class='ocrx_word' id='word_1_53' title='bbox 652 1546 798 1612; x_wconf 78' lang='lat' dir='ltr'><strong>theologos,</strong></span> <span class='ocrx_word' id='word_1_54' title='bbox 815 1547 860 1600; x_wconf 90' lang='lat' dir='ltr'><strong>nbi</strong></span> <span class='ocrx_word' id='word_1_55' title='bbox 875 1547 908 1598; x_wconf 86' lang='lat' dir='ltr'><strong>de</strong></span> <span class='ocrx_word' id='word_1_56' title='bbox 918 1547 1010 1597; x_wconf 78' lang='lat' dir='ltr'><strong>ordine</strong></span> <span class='ocrx_word' id='word_1_57' title='bbox 1026 1546 1165 1596; x_wconf 78' lang='lat' dir='ltr'><strong>disserunt.</strong></span> 
     </span>
    </p>
   </div>
   <div class='ocr_carea' id='block_1_5' title="bbox 780 1735 955 1792">
    <p class='ocr_par' dir='ltr' id='par_1_5' title="bbox 780 1735 955 1792">
     <span class='ocr_line' id='line_1_9' title="bbox 780 1735 955 1792; baseline 0 -2"><span class='ocrx_word' id='word_1_58' title='bbox 780 1735 955 1792; x_wconf 84' lang='lat' dir='ltr'><strong>EPlLOGUS.</strong></span> 
     </span>
    </p>
   </div>
   <div class='ocr_carea' id='block_1_6' title="bbox 456 1883 1277 1952">
    <p class='ocr_par' dir='ltr' id='par_1_6' title="bbox 456 1883 1277 1952">
     <span class='ocr_line' id='line_1_10' title="bbox 456 1883 1277 1952; baseline -0.005 -15"><span class='ocrx_word' id='word_1_59' title='bbox 456 1887 490 1937; x_wconf 74' lang='lat' dir='ltr'><strong>lle</strong></span> <span class='ocrx_word' id='word_1_60' title='bbox 506 1887 585 1937; x_wconf 83' lang='lat' dir='ltr'><strong>variis</strong></span> <span class='ocrx_word' id='word_1_61' title='bbox 601 1887 626 1938; x_wconf 94' lang='lat' dir='ltr'><strong>in</strong></span> <span class='ocrx_word' id='word_1_62' title='bbox 643 1887 769 1938; x_wconf 88' lang='lat' dir='ltr'><strong>tradenda</strong></span> <span class='ocrx_word' id='word_1_63' title='bbox 782 1887 849 1952; x_wconf 88' lang='lat' dir='ltr'><strong>juris</strong></span> <span class='ocrx_word' id='word_1_64' title='bbox 863 1887 983 1938; x_wconf 89' lang='lat' dir='ltr'><strong>canonici</strong></span> <span class='ocrx_word' id='word_1_65' title='bbox 1000 1885 1124 1950; x_wconf 76' lang='lat' dir='ltr'><strong>diciplina</strong></span> <span class='ocrx_word' id='word_1_66' title='bbox 1140 1883 1277 1935; x_wconf 89' lang='lat' dir='ltr'><strong>methodis.</strong></span> 
     </span>
    </p>
   </div>
   <div class='ocr_carea' id='block_1_7' title="bbox 307 2053 1439 2473">
    <p class='ocr_par' dir='ltr' id='par_1_7' title="bbox 307 2053 1439 2362">
     <span class='ocr_line' id='line_1_11' title="bbox 352 2053 1433 2150; baseline -0.006 -27"><span class='ocrx_word' id='word_1_67' title='bbox 352 2053 466 2124; x_wconf 82' lang='lat' dir='ltr'><strong>Manca</strong></span> <span class='ocrx_word' id='word_1_68' title='bbox 489 2067 670 2126; x_wconf 85' lang='lat' dir='ltr'><strong>remaneret</strong></span> <span class='ocrx_word' id='word_1_69' title='bbox 684 2057 723 2125; x_wconf 84' lang='lat' dir='ltr'><strong>de</strong></span> <span class='ocrx_word' id='word_1_70' title='bbox 732 2058 822 2148; x_wconf 81' lang='lat' dir='ltr'><strong>juris</strong></span> <span class='ocrx_word' id='word_1_71' title='bbox 837 2059 987 2126; x_wconf 84' lang='lat' dir='ltr'><strong>cononici</strong></span> <span class='ocrx_word' id='word_1_72' title='bbox 1004 2058 1175 2150; x_wconf 68' lang='lat' dir='ltr'><strong>principiis</strong></span> <span class='ocrx_word' id='word_1_73' title='bbox 1190 2055 1355 2140; x_wconf 87' lang='lat' dir='ltr'><strong>tractatio,</strong></span> <span class='ocrx_word' id='word_1_74' title='bbox 1373 2055 1433 2122; x_wconf 86' lang='lat' dir='ltr'><strong>nisi</strong></span> 
     </span>
     <span class='ocr_line' id='line_1_12' title="bbox 307 2161 1439 2258; baseline -0.004 -25"><span class='ocrx_word' id='word_1_75' title='bbox 307 2172 338 2233; x_wconf 91' lang='lat' dir='ltr'><strong>et</strong></span> <span class='ocrx_word' id='word_1_76' title='bbox 355 2163 395 2231; x_wconf 89' lang='lat' dir='ltr'><strong>de</strong></span> <span class='ocrx_word' id='word_1_77' title='bbox 412 2163 511 2233; x_wconf 88' lang='lat' dir='ltr'><strong>variis</strong></span> <span class='ocrx_word' id='word_1_78' title='bbox 526 2165 560 2232; x_wconf 90' lang='lat' dir='ltr'><strong>iu</strong></span> <span class='ocrx_word' id='word_1_79' title='bbox 575 2187 613 2232; x_wconf 88' lang='lat' dir='ltr'><strong>ee</strong></span> <span class='ocrx_word' id='word_1_80' title='bbox 632 2165 826 2256; x_wconf 83' lang='lat' dir='ltr'><strong>exponenda</strong></span> <span class='ocrx_word' id='word_1_81' title='bbox 841 2165 1011 2258; x_wconf 90' lang='lat' dir='ltr'><strong>disciplina</strong></span> <span class='ocrx_word' id='word_1_82' title='bbox 1026 2165 1186 2235; x_wconf 86' lang='lat' dir='ltr'><strong>methodis</strong></span> <span class='ocrx_word' id='word_1_83' title='bbox 1201 2164 1351 2232; x_wconf 86' lang='lat' dir='ltr'><strong>breviter</strong></span> <span class='ocrx_word' id='word_1_84' title='bbox 1365 2161 1439 2229; x_wconf 82' lang='lat' dir='ltr'><strong>sal-</strong></span> 
     </span>
     <span class='ocr_line' id='line_1_13' title="bbox 307 2271 777 2362; baseline 0.006 -24"><span class='ocrx_word' id='word_1_85' title='bbox 307 2281 372 2340; x_wconf 88' lang='lat' dir='ltr'><strong>tem</strong></span> <span class='ocrx_word' id='word_1_86' title='bbox 388 2271 513 2362; x_wconf 90' lang='lat' dir='ltr'><strong>aliquid</strong></span> <span class='ocrx_word' id='word_1_87' title='bbox 527 2271 777 2362; x_wconf 81' lang='lat' dir='ltr'><strong>attingeremus.</strong></span> 
     </span>
    </p>

    <p class='ocr_par' dir='ltr' id='par_1_8' title="bbox 351 2379 1437 2473">
     <span class='ocr_line' id='line_1_14' title="bbox 351 2379 1437 2473; baseline -0.003 -27"><span class='ocrx_word' id='word_1_88' title='bbox 351 2381 387 2446; x_wconf 91' lang='lat' dir='ltr'><strong>in</strong></span> <span class='ocrx_word' id='word_1_89' title='bbox 417 2379 579 2470; x_wconf 89' lang='lat' dir='ltr'><strong>duplicem</strong></span> <span class='ocrx_word' id='word_1_90' title='bbox 609 2379 745 2448; x_wconf 82' lang='lat' dir='ltr'><strong>classem</strong></span> <span class='ocrx_word' id='word_1_91' title='bbox 774 2381 960 2450; x_wconf 86' lang='lat' dir='ltr'><strong>immediate</strong></span> <span class='ocrx_word' id='word_1_92' title='bbox 990 2381 1142 2451; x_wconf 89' lang='lat' dir='ltr'><strong>distribui</strong></span> <span class='ocrx_word' id='word_1_93' title='bbox 1170 2387 1307 2473; x_wconf 85' lang='lat' dir='ltr'><strong>possunt</strong></span> <span class='ocrx_word' id='word_1_94' title='bbox 1341 2380 1437 2446; x_wconf 82' lang='lat' dir='ltr'><strong>varia</strong></span> 
     </span>
    </p>
   </div>
   <div class='ocr_carea' id='block_1_8' title="bbox 300 2486 1502 4305">
    <p class='ocr_par' dir='ltr' id='par_1_9' title="bbox 300 2486 1439 2684">
     <span class='ocr_line' id='line_1_15' title="bbox 303 2486 1439 2580; baseline -0.004 -26"><span class='ocrx_word' id='word_1_95' title='bbox 303 2487 388 2577; x_wconf 85' lang='lat' dir='ltr'><strong>juris</strong></span> <span class='ocrx_word' id='word_1_96' title='bbox 416 2487 563 2555; x_wconf 89' lang='lat' dir='ltr'><strong>canonici</strong></span> <span class='ocrx_word' id='word_1_97' title='bbox 592 2488 777 2579; x_wconf 84' lang='lat' dir='ltr'><strong>exponendi</strong></span> <span class='ocrx_word' id='word_1_98' title='bbox 808 2499 984 2580; x_wconf 86' lang='lat' dir='ltr'><strong>systemata</strong></span> <span class='ocrx_word' id='word_1_99' title='bbox 1002 2517 1009 2556; x_wconf 90' lang='lat'>:</span> <span class='ocrx_word' id='word_1_100' title='bbox 1028 2492 1063 2556; x_wconf 90' lang='lat' dir='ltr'><strong>iu</strong></span> <span class='ocrx_word' id='word_1_101' title='bbox 1093 2487 1283 2556; x_wconf 85' lang='lat' dir='ltr'><strong>methodum</strong></span> <span class='ocrx_word' id='word_1_102' title='bbox 1310 2486 1439 2553; x_wconf 84' lang='lat' dir='ltr'><strong>scilieet</strong></span> 
     </span>
     <span class='ocr_line' id='line_1_16' title="bbox 300 2591 1064 2684; baseline 0.007 -25"><span class='ocrx_word' id='word_1_103' title='bbox 300 2591 643 2684; x_wconf 71' lang='lat' dir='ltr'><strong>praedeterminatum,</strong></span> <span class='ocrx_word' id='word_1_104' title='bbox 661 2605 693 2662; x_wconf 93' lang='lat' dir='ltr'><strong>et</strong></span> <span class='ocrx_word' id='word_1_105' title='bbox 707 2596 896 2664; x_wconf 88' lang='lat' dir='ltr'><strong>methodum</strong></span> <span class='ocrx_word' id='word_1_106' title='bbox 913 2597 1064 2666; x_wconf 83' lang='lat' dir='ltr'><strong>liberum.</strong></span> 
     </span>
    </p>

    <p class='ocr_par' dir='ltr' id='par_1_10' title="bbox 307 2701 1441 3198">
     <span class='ocr_line' id='line_1_17' title="bbox 351 2701 1438 2798; baseline 0 -29"><span class='ocrx_word' id='word_1_107' title='bbox 351 2701 472 2772; x_wconf 86' lang='lat' dir='ltr'><strong>Omnes</strong></span> <span class='ocrx_word' id='word_1_108' title='bbox 501 2707 587 2772; x_wconf 87' lang='lat' dir='ltr'><strong>enim</strong></span> <span class='ocrx_word' id='word_1_109' title='bbox 615 2713 763 2774; x_wconf 88' lang='lat' dir='ltr'><strong>auctores</strong></span> <span class='ocrx_word' id='word_1_110' title='bbox 788 2706 845 2796; x_wconf 88' lang='lat' dir='ltr'><strong>qui</strong></span> <span class='ocrx_word' id='word_1_111' title='bbox 870 2707 911 2775; x_wconf 91' lang='lat' dir='ltr'><strong>de</strong></span> <span class='ocrx_word' id='word_1_112' title='bbox 934 2707 1009 2798; x_wconf 88' lang='lat' dir='ltr'><strong>jure</strong></span> <span class='ocrx_word' id='word_1_113' title='bbox 1035 2707 1191 2776; x_wconf 89' lang='lat' dir='ltr'><strong>canonico</strong></span> <span class='ocrx_word' id='word_1_114' title='bbox 1214 2705 1438 2795; x_wconf 87' lang='lat' dir='ltr'><strong>scripserunt,</strong></span> 
     </span>
     <span class='ocr_line' id='line_1_18' title="bbox 308 2810 1438 2905; baseline -0.001 -27"><span class='ocrx_word' id='word_1_115' title='bbox 308 2810 360 2878; x_wconf 88' lang='lat' dir='ltr'><strong>vel</strong></span> <span class='ocrx_word' id='word_1_116' title='bbox 378 2810 527 2878; x_wconf 87' lang='lat' dir='ltr'><strong>ordinem</strong></span> <span class='ocrx_word' id='word_1_117' title='bbox 549 2812 657 2902; x_wconf 89' lang='lat' dir='ltr'><strong>ipsum</strong></span> <span class='ocrx_word' id='word_1_118' title='bbox 682 2813 895 2881; x_wconf 89' lang='lat' dir='ltr'><strong>materiarum</strong></span> <span class='ocrx_word' id='word_1_119' title='bbox 919 2815 953 2881; x_wconf 92' lang='lat' dir='ltr'><strong>iu</strong></span> <span class='ocrx_word' id='word_1_120' title='bbox 972 2815 1116 2905; x_wconf 88' lang='lat' dir='ltr'><strong>Corpore</strong></span> <span class='ocrx_word' id='word_1_121' title='bbox 1129 2812 1215 2904; x_wconf 71' lang='lat' dir='ltr'><strong>Juris</strong></span> <span class='ocrx_word' id='word_1_122' title='bbox 1228 2811 1438 2880; x_wconf 86' lang='lat' dir='ltr'><strong>determina-</strong></span> 
     </span>
     <span class='ocr_line' id='line_1_19' title="bbox 307 2915 1440 3013; baseline -0.002 -28"><span class='ocrx_word' id='word_1_123' title='bbox 307 2924 378 2985; x_wconf 86' lang='lat' dir='ltr'><strong>tum</strong></span> <span class='ocrx_word' id='word_1_124' title='bbox 407 2918 507 2985; x_wconf 88' lang='lat' dir='ltr'><strong>secuti</strong></span> <span class='ocrx_word' id='word_1_125' title='bbox 536 2927 624 3003; x_wconf 91' lang='lat' dir='ltr'><strong>snut,</strong></span> <span class='ocrx_word' id='word_1_126' title='bbox 657 2919 708 2987; x_wconf 90' lang='lat' dir='ltr'><strong>vel</strong></span> <span class='ocrx_word' id='word_1_127' title='bbox 739 2942 799 3011; x_wconf 92' lang='lat' dir='ltr'><strong>pro</strong></span> <span class='ocrx_word' id='word_1_128' title='bbox 826 2943 885 2989; x_wconf 92' lang='lat' dir='ltr'><strong>suo</strong></span> <span class='ocrx_word' id='word_1_129' title='bbox 910 2922 1050 3013; x_wconf 86' lang='lat' dir='ltr'><strong>quisque</strong></span> <span class='ocrx_word' id='word_1_130' title='bbox 1078 2920 1211 3010; x_wconf 84' lang='lat' dir='ltr'><strong>ingenio</strong></span> <span class='ocrx_word' id='word_1_131' title='bbox 1239 2915 1440 2985; x_wconf 82' lang='lat' dir='ltr'><strong>indiversn·</strong></span> 
     </span>
     <span class='ocr_line' id='line_1_20' title="bbox 308 3022 1441 3096; baseline 0.001 -5"><span class='ocrx_word' id='word_1_132' title='bbox 308 3022 522 3091; x_wconf 88' lang='lat' dir='ltr'><strong>ordinntionis</strong></span> <span class='ocrx_word' id='word_1_133' title='bbox 547 3035 577 3092; x_wconf 87' lang='lat' dir='ltr'><strong>et</strong></span> <span class='ocrx_word' id='word_1_134' title='bbox 598 3025 712 3093; x_wconf 83' lang='lat' dir='ltr'><strong>iormae</strong></span> <span class='ocrx_word' id='word_1_135' title='bbox 730 3025 906 3095; x_wconf 69' lang='lat' dir='ltr'><strong>aedificium</strong></span> <span class='ocrx_word' id='word_1_136' title='bbox 931 3029 1135 3096; x_wconf 87' lang='lat' dir='ltr'><strong>tractationes</strong></span> <span class='ocrx_word' id='word_1_137' title='bbox 1157 3048 1233 3094; x_wconf 89' lang='lat' dir='ltr'><strong>suas</strong></span> <span class='ocrx_word' id='word_1_138' title='bbox 1257 3032 1441 3092; x_wconf 84' lang='lat' dir='ltr'><strong>exstruxe-</strong></span> 
     </span>
     <span class='ocr_line' id='line_1_21' title="bbox 309 3137 400 3198; baseline -0.022 0"><span class='ocrx_word' id='word_1_139' title='bbox 309 3137 400 3198; x_wconf 89' lang='lat' dir='ltr'><strong>runt.</strong></span> 
     </span>
    </p>

    <p class='ocr_par' dir='ltr' id='par_1_11' title="bbox 310 3238 1502 3548">
     <span class='ocr_line' id='line_1_22' title="bbox 353 3238 1441 3336; baseline -0.001 -29"><span class='ocrx_word' id='word_1_140' title='bbox 353 3238 417 3320; x_wconf 85' lang='lat' dir='ltr'><strong>Qui</strong></span> <span class='ocrx_word' id='word_1_141' title='bbox 444 3239 583 3309; x_wconf 84' lang='lat' dir='ltr'><strong>formam</strong></span> <span class='ocrx_word' id='word_1_142' title='bbox 609 3265 667 3310; x_wconf 88' lang='lat' dir='ltr'><strong>seu</strong></span> <span class='ocrx_word' id='word_1_143' title='bbox 692 3243 882 3312; x_wconf 88' lang='lat' dir='ltr'><strong>methodum</strong></span> <span class='ocrx_word' id='word_1_144' title='bbox 905 3244 940 3312; x_wconf 90' lang='lat' dir='ltr'><strong>iu</strong></span> <span class='ocrx_word' id='word_1_145' title='bbox 954 3245 1194 3336; x_wconf 86' lang='lat' dir='ltr'><strong>Corporejuris</strong></span> <span class='ocrx_word' id='word_1_146' title='bbox 1208 3239 1441 3335; x_wconf 84' lang='lat' dir='ltr'><strong>praedctermi-</strong></span> 
     </span>
     <span class='ocr_line' id='line_1_23' title="bbox 310 3349 1502 3437; baseline -0.003 -20"><span class='ocrx_word' id='word_1_147' title='bbox 310 3357 420 3417; x_wconf 85' lang='lat' dir='ltr'><strong>natam</strong></span> <span class='ocrx_word' id='word_1_148' title='bbox 453 3350 553 3417; x_wconf 88' lang='lat' dir='ltr'><strong>secuti</strong></span> <span class='ocrx_word' id='word_1_149' title='bbox 580 3356 668 3436; x_wconf 89' lang='lat' dir='ltr'><strong>sunt,</strong></span> <span class='ocrx_word' id='word_1_150' title='bbox 694 3349 727 3416; x_wconf 94' lang='lat' dir='ltr'><strong>in</strong></span> <span class='ocrx_word' id='word_1_151' title='bbox 759 3349 840 3418; x_wconf 87' lang='lat' dir='ltr'><strong>duas</strong></span> <span class='ocrx_word' id='word_1_152' title='bbox 868 3351 988 3418; x_wconf 90' lang='lat' dir='ltr'><strong>iterum</strong></span> <span class='ocrx_word' id='word_1_153' title='bbox 1012 3351 1130 3418; x_wconf 85' lang='lat' dir='ltr'><strong>classes</strong></span> <span class='ocrx_word' id='word_1_154' title='bbox 1157 3349 1439 3437; x_wconf 81' lang='lat' dir='ltr'><strong>distinguuntur:</strong></span> <span class='ocrx_word' id='word_1_155' title='bbox 1501 3381 1502 3388; x_wconf 17' lang='grc' dir='ltr'><strong>κ</strong></span> 
     </span>
     <span class='ocr_line' id='line_1_24' title="bbox 313 3457 883 3548; baseline 0.002 -22"><span class='ocrx_word' id='word_1_156' title='bbox 313 3457 478 3526; x_wconf 70' lang='lat' dir='ltr'><strong>Glossistre</strong></span> <span class='ocrx_word' id='word_1_157' title='bbox 490 3477 616 3548; x_wconf 83' lang='lat' dir='ltr'><strong>nempe,</strong></span> <span class='ocrx_word' id='word_1_158' title='bbox 634 3469 664 3524; x_wconf 87' lang='lat' dir='ltr'><strong>et</strong></span> <span class='ocrx_word' id='word_1_159' title='bbox 677 3458 883 3526; x_wconf 78' lang='lat' dir='ltr'><strong>tractatistae.</strong></span> 
     </span>
    </p>

    <p class='ocr_par' dir='ltr' id='par_1_12' title="bbox 311 3564 1501 3958">
     <span class='ocr_line' id='line_1_25' title="bbox 353 3564 1441 3659; baseline -0.001 -26"><span class='ocrx_word' id='word_1_160' title='bbox 353 3565 519 3634; x_wconf 79' lang='lat' dir='ltr'><strong>Glossistae</strong></span> <span class='ocrx_word' id='word_1_161' title='bbox 547 3564 684 3656; x_wconf 87' lang='lat' dir='ltr'><strong>dejure</strong></span> <span class='ocrx_word' id='word_1_162' title='bbox 714 3567 870 3634; x_wconf 85' lang='lat' dir='ltr'><strong>canonico</strong></span> <span class='ocrx_word' id='word_1_163' title='bbox 899 3589 957 3659; x_wconf 90' lang='lat' dir='ltr'><strong>per</strong></span> <span class='ocrx_word' id='word_1_164' title='bbox 986 3574 1142 3635; x_wconf 88' lang='lat' dir='ltr'><strong>tractatus</strong></span> <span class='ocrx_word' id='word_1_165' title='bbox 1173 3565 1307 3656; x_wconf 87' lang='lat' dir='ltr'><strong>proprie</strong></span> <span class='ocrx_word' id='word_1_166' title='bbox 1333 3565 1441 3632; x_wconf 80' lang='lat' dir='ltr'><strong>dietus</strong></span> 
     </span>
     <span class='ocr_line' id='line_1_26' title="bbox 311 3671 1440 3764; baseline -0.002 -24"><span class='ocrx_word' id='word_1_167' title='bbox 311 3695 377 3741; x_wconf 88' lang='lat' dir='ltr'><strong>uon</strong></span> <span class='ocrx_word' id='word_1_168' title='bbox 412 3673 659 3758; x_wconf 89' lang='lat' dir='ltr'><strong>disseruerunt;</strong></span> <span class='ocrx_word' id='word_1_169' title='bbox 696 3676 753 3740; x_wconf 88' lang='lat' dir='ltr'><strong>sed</strong></span> <span class='ocrx_word' id='word_1_170' title='bbox 790 3681 915 3742; x_wconf 90' lang='lat' dir='ltr'><strong>tantum</strong></span> <span class='ocrx_word' id='word_1_171' title='bbox 949 3683 1040 3742; x_wconf 86' lang='lat' dir='ltr'><strong>notes</strong></span> <span class='ocrx_word' id='word_1_172' title='bbox 1069 3673 1196 3764; x_wconf 86' lang='lat' dir='ltr'><strong>aliquas</strong></span> <span class='ocrx_word' id='word_1_173' title='bbox 1232 3693 1290 3738; x_wconf 84' lang='lat' dir='ltr'><strong>scu</strong></span> <span class='ocrx_word' id='word_1_174' title='bbox 1320 3671 1440 3740; x_wconf 82' lang='lat' dir='ltr'><strong>breves</strong></span> 
     </span>
     <span class='ocr_line' id='line_1_27' title="bbox 312 3779 1501 3870; baseline 0.003 -21"><span class='ocrx_word' id='word_1_175' title='bbox 312 3779 575 3865; x_wconf 88' lang='lat' dir='ltr'><strong>commentarios,</strong></span> <span class='ocrx_word' id='word_1_176' title='bbox 592 3779 649 3869; x_wconf 89' lang='lat' dir='ltr'><strong>qui</strong></span> <span class='ocrx_word' id='word_1_177' title='bbox 664 3779 777 3869; x_wconf 72' lang='lat' dir='ltr'><strong>pinsere</strong></span> <span class='ocrx_word' id='word_1_178' title='bbox 793 3783 902 3849; x_wconf 88' lang='lat' dir='ltr'><strong>vocari</strong></span> <span class='ocrx_word' id='word_1_179' title='bbox 917 3783 1032 3870; x_wconf 84' lang='lat' dir='ltr'><strong>solent,</strong></span> <span class='ocrx_word' id='word_1_180' title='bbox 1052 3781 1158 3850; x_wconf 86' lang='lat' dir='ltr'><strong>textui</strong></span> <span class='ocrx_word' id='word_1_181' title='bbox 1167 3780 1253 3870; x_wconf 85' lang='lat' dir='ltr'><strong>juris</strong></span> <span class='ocrx_word' id='word_1_182' title='bbox 1267 3779 1439 3848; x_wconf 84' lang='lat' dir='ltr'><strong>adnexus·</strong></span> <span class='ocrx_word' id='word_1_183' title='bbox 1500 3839 1501 3852; x_wconf 67' lang='grc'>,</span> 
     </span>
     <span class='ocr_line' id='line_1_28' title="bbox 314 3897 404 3958; baseline -0.056 0"><span class='ocrx_word' id='word_1_184' title='bbox 314 3897 404 3958; x_wconf 91' lang='lat' dir='ltr'><strong>runt.</strong></span> 
     </span>
    </p>

    <p class='ocr_par' dir='ltr' id='par_1_13' title="bbox 311 3994 1437 4305">
     <span class='ocr_line' id='line_1_29' title="bbox 361 3994 1437 4082; baseline -0.003 -18"><span class='ocrx_word' id='word_1_185' title='bbox 361 3995 481 4064; x_wconf 85' lang='lat' dir='ltr'><strong>Glossis</strong></span> <span class='ocrx_word' id='word_1_186' title='bbox 506 4016 687 4063; x_wconf 86' lang='lat' dir='ltr'><strong>successere</strong></span> <span class='ocrx_word' id='word_1_187' title='bbox 710 4003 865 4065; x_wconf 87' lang='lat' dir='ltr'><strong>tractatus</strong></span> <span class='ocrx_word' id='word_1_188' title='bbox 892 4021 950 4065; x_wconf 87' lang='lat' dir='ltr'><strong>seu</strong></span> <span class='ocrx_word' id='word_1_189' title='bbox 973 3999 1047 4066; x_wconf 88' lang='lat' dir='ltr'><strong>lusa</strong></span> <span class='ocrx_word' id='word_1_190' title='bbox 1069 3996 1314 4082; x_wconf 87' lang='lat' dir='ltr'><strong>commentaria,</strong></span> <span class='ocrx_word' id='word_1_191' title='bbox 1343 3994 1437 4062; x_wconf 84' lang='lat' dir='ltr'><strong>texti-</strong></span> 
     </span>
     <span class='ocr_line' id='line_1_30' title="bbox 311 4101 1437 4196; baseline -0.003 -25"><span class='ocrx_word' id='word_1_192' title='bbox 311 4104 374 4172; x_wconf 92' lang='lat' dir='ltr'><strong>bus</strong></span> <span class='ocrx_word' id='word_1_193' title='bbox 400 4104 497 4195; x_wconf 86' lang='lat' dir='ltr'><strong>juris,</strong></span> <span class='ocrx_word' id='word_1_194' title='bbox 527 4125 565 4171; x_wconf 90' lang='lat' dir='ltr'><strong>eo</strong></span> <span class='ocrx_word' id='word_1_195' title='bbox 595 4104 799 4196; x_wconf 86' lang='lat' dir='ltr'><strong>ordineque</strong></span> <span class='ocrx_word' id='word_1_196' title='bbox 829 4106 863 4172; x_wconf 89' lang='lat' dir='ltr'><strong>in</strong></span> <span class='ocrx_word' id='word_1_197' title='bbox 893 4104 1079 4174; x_wconf 86' lang='lat' dir='ltr'><strong>collectione</strong></span> <span class='ocrx_word' id='word_1_198' title='bbox 1106 4103 1256 4172; x_wconf 88' lang='lat' dir='ltr'><strong>Gratiani</strong></span> <span class='ocrx_word' id='word_1_199' title='bbox 1284 4113 1316 4170; x_wconf 88' lang='lat' dir='ltr'><strong>et</strong></span> <span class='ocrx_word' id='word_1_200' title='bbox 1343 4101 1437 4169; x_wconf 80' lang='lat' dir='ltr'><strong>libris</strong></span> 
     </span>
     <span class='ocr_line' id='line_1_31' title="bbox 312 4207 1437 4305; baseline -0.001 -23"><span class='ocrx_word' id='word_1_201' title='bbox 312 4211 528 4282; x_wconf 85' lang='lat' dir='ltr'><strong>Decretalium</strong></span> <span class='ocrx_word' id='word_1_202' title='bbox 551 4212 669 4303; x_wconf 86' lang='lat' dir='ltr'><strong>jacent,</strong></span> <span class='ocrx_word' id='word_1_203' title='bbox 696 4223 813 4305; x_wconf 86' lang='lat' dir='ltr'><strong>aptata.</strong></span> <span class='ocrx_word' id='word_1_204' title='bbox 838 4215 877 4283; x_wconf 87' lang='lat' dir='ltr'><strong>Et</strong></span> <span class='ocrx_word' id='word_1_205' title='bbox 903 4217 962 4283; x_wconf 89' lang='lat' dir='ltr'><strong>hnc</strong></span> <span class='ocrx_word' id='word_1_206' title='bbox 987 4215 1139 4284; x_wconf 89' lang='lat' dir='ltr'><strong>methodo</strong></span> <span class='ocrx_word' id='word_1_207' title='bbox 1167 4207 1325 4304; x_wconf 82' lang='lat' dir='ltr'><strong>scripsere</strong></span> <span class='ocrx_word' id='word_1_208' title='bbox 1355 4213 1437 4281; x_wconf 86' lang='lat' dir='ltr'><strong>eele-</strong></span> 
     </span>
    </p>
   </div>
   <div class='ocr_carea' id='block_1_9' title="bbox 0 0 1530 4946">
    <p class='ocr_par' dir='ltr' id='par_1_14' title="bbox 0 0 1530 4946">
     <span class='ocr_line' id='line_1_32' title="bbox 0 0 1530 4946; baseline 0 0"><span class='ocrx_word' id='word_1_209' title='bbox 0 0 1530 4946; x_wconf 95' lang='lat' dir='ltr'><strong> </strong></span> 
     </span>
    </p>
   </div>
  </div>
 </body>
</html>
