3072 4948
318 469 380 535 36⁰
670 491 844 536 rnacruras
866 491 903 534 os
926 491 1080 537 cursurus

314 629 385 699 veri
411 632 452 698 ab
478 631 648 722 Episcopo,
666 639 702 698 ut
728 631 762 698 in
786 630 877 700 nullo
891 653 968 700 casu
987 633 1035 700 eis
1050 632 1211 724 patented
1230 631 1428 724 superiorem

314 761 478 808 recunus.
500 739 602 808 Porro
616 763 658 808 ex
670 741 745 832 jure
765 741 932 809 communi
956 751 1065 833 patere
1078 743 1156 834 ipsis
1171 743 1207 811 iu
1223 743 1334 811 multis
1349 744 1429 810 casi-

317 847 379 915 bus
405 868 587 933 recursum,
614 847 688 916 licet
713 871 827 917 revera
852 848 893 917 ad
917 857 1033 918 nutum
1059 850 1256 920 revocabiles
1281 851 1361 935 siut,
1385 859 1431 944 est

316 953 464 1022 doctriua
489 955 577 1046 apud
599 952 745 1024 doctores
771 956 1008 1047 receptissima3
1034 963 1066 1024 et
1085 979 1124 1026 oo
1145 957 1218 1049 ipso
1230 980 1297 1050 quo
1311 959 1432 1027 scribi-

317 1083 391 1128 mus
422 1070 567 1153 ternporc
594 1063 711 1154 pendet
738 1063 927 1156 hujusmodi
960 1085 1110 1134 secunus
1136 1065 1275 1157 alicujus
1300 1069 1432 1136 rcctcns

315 1170 499 1240 amoribilis
527 1171 641 1240 Gallia
671 1177 758 1265 apud
788 1173 1008 1265 Aposrotiam
1038 1173 1167 1256 Sederu
1195 1197 1270 1267 qum
1300 1175 1432 1244 minuc

316 1278 410 1346 illum
441 1278 653 1371 rejiciendum
682 1281 891 1349 existimarit.
931 1281 1054 1350 Tamen
1083 1305 1104 1352 a
1132 1281 1329 1350 concordata
1357 1283 1435 1350 anui

320 1391 399 1454 1801
429 1387 469 1455 ad
492 1387 564 1456 haec
587 1410 690 1480 usque
705 1397 851 1480 tempora
864 1389 971 1458 clerus
985 1389 1100 1459 Gallica
1114 1389 1306 1482 hujusmodi
1324 1411 1433 1459 recm-

316 1519 372 1564 sus
395 1495 428 1563 iu
454 1495 611 1587 praedicto
637 1519 714 1566 casu
741 1519 806 1564 nou
832 1497 1066 1589 frequentavit;
1093 1497 1150 1566 sed
1179 1496 1364 1568 videndum
1390 1505 1434 1565 est

319 1625 399 1671 num
417 1605 462 1671 ita
483 1603 585 1692 egerit
601 1627 641 1672 ex
658 1626 794 1675 erronea
808 1606 1031 1696 persuasione,
1047 1615 1167 1697 putans
1180 1626 1298 1697 nempe
1309 1605 1432 1674 nullam

317 1711 378 1778 sibi
401 1732 552 1780 recursus
571 1710 658 1782 viam
672 1712 776 1803 ajnre
795 1713 925 1804 aperiri.
951 1713 1057 1795 Quam
1072 1713 1320 1805 persuasionem
1334 1713 1434 1782 multa

317 1818 401 1888 facta
416 1828 448 1888 et
463 1819 560 1888 etiarn
576 1820 697 1913 scripta
711 1841 894 1914 supponere
912 1820 1076 1891 videntur.

361 1927 420 1996 IV.
438 1925 540 1994 Debet
559 1927 772 2014 cousuetudo,
794 1936 830 1995 ut
845 1929 914 1998 vim
933 1929 1060 2015 babeat,
1085 1929 1196 1998 induci
1211 1930 1342 2000 mtibua
1355 1931 1436 1999 libe·

319 2035 376 2122 ris,
393 2044 425 2104 et
451 2058 518 2105 uon
541 2059 584 2105 ex
606 2037 639 2104 vi
664 2045 721 2105 aut
748 2037 864 2107 timore
882 2038 1008 2106 elicitis.
1027 2065 1107 2104 -c
1130 2037 1273 2108 infertur
1298 2039 1436 2108 rrlterim

323 2145 449 2237 «quod
475 2145 503 2212 si
528 2146 560 2213 vi
586 2155 643 2214 aut
658 2169 716 2238 per
737 2155 857 2215 metum
883 2169 1018 2237 gravem
1044 2147 1206 2238 obligetur
1228 2147 1374 2239 populus
1397 2147 1435 2216 ad

323 2281 339 2319 c
363 2254 580 2324 exercendum
603 2264 711 2324 actum
734 2256 920 2346 quempiam
947 2256 1045 2346 longo
1059 2263 1217 2347 tempore,
1234 2278 1301 2324 non
1318 2255 1436 2326 idcirco

323 2391 338 2427 a
362 2371 530 2432 censeatur
550 2372 704 2454 praestarc
728 2385 921 2433 consensum
946 2365 1138 2454 requisitum
1161 2363 1202 2432 ad
1226 2363 1436 2433 introducen-

323 2499 340 2537 α
363 2474 439 2541 dam
462 2471 730 2541 cousuetudinem
741 2499 750 2559 3
782 2463 875 2563 quin¹
889 2473 996 2563 potius
1023 2495 1081 2563 per
1094 2472 1155 2542 hoc
1174 2473 1316 2542 ostendit
1329 2483 1437 2542 actum

323 2581 426 2650 «sibi
452 2603 520 2650 esse
550 2603 750 2650 onerosum:
775 2605 814 2650 ac
835 2582 972 2673 proinde
1002 2583 1201 2652 cousuetudo
1229 2592 1351 2674 praeter
1371 2585 1436 2675 jus,

324 2717 340 2754 c
364 2689 433 2758 aive
454 2689 532 2758 novi
548 2690 633 2780 juris
655 2689 825 2760 inductiva
843 2713 909 2759 uon
928 2692 1043 2759 oritur.
1070 2718 1087 2756 >›
1111 2689 1348 2783 (Reiffcnstuel,
1372 2693 1438 2760 loco

321 2801 430 2887 citato,
460 2823 492 2868 u.
524 2802 612 2890 127.)
643 2801 789 2869 Elidem
813 2799 986 2870 dicendum
1010 2803 1038 2868 si
1057 2801 1197 2893 populus
1217 2823 1274 2893 per
1296 2802 1439 2872 vimaut

321 2917 444 2976 metum
468 2907 667 2978 deterreatur
688 2909 729 2976 ab
752 2909 956 2978 observanda
982 2909 1091 3000 aliqua
1117 2911 1199 3000 lege.
1230 2910 1324 2978 Tunc
1354 2911 1439 2978 enim

320 3017 395 3086 licet
414 3018 454 3086 de
474 3017 559 3086 lactu
580 3017 685 3107 legem
704 3040 769 3086 nou
794 3018 956 3104 observet,
977 3027 1085 3087 amca
1107 3040 1173 3086 non
1192 3019 1353 3086 consentit
1372 3019 1440 3110 ejus

322 3125 525 3216 abrogationi
563 3147 621 3217 per
657 3125 925 3195 cousuetudinem
963 3127 1171 3195 contrariam.
1205 3125 1246 3193 Et
1282 3133 1441 3217 praterea

320 3232 479 3324 Principis
503 3254 678 3301 cousensus
704 3233 838 3301 minime
864 3233 1045 3303 censendus
1068 3243 1117 3301 eat
1146 3231 1297 3301 accedere
1321 3233 1440 3324 bajus-

322 3339 410 3408 modi
444 3339 671 3409 consuetudiui
708 3351 821 3410 contra
850 3343 918 3434 jus,
955 3365 1030 3434 quse
1066 3341 1191 3410 actibus
1221 3363 1279 3433 per
1318 3351 1439 3410 metum

321 3449 461 3518 extortis
473 3447 651 3518 inducitur.
667 3450 762 3532 Quod
776 3450 822 3518 sic
840 3450 975 3542 exponit
991 3449 1111 3518 Suarez
1127 3476 1135 3516 ι
1158 3477 1175 3514 c
1198 3448 1251 3518 Ad
1265 3459 1440 3520 cousuetu-

327 3583 344 3621 «
367 3556 477 3624 dinem
500 3578 566 3627 non
588 3555 754 3626 sufficiunt
778 3569 881 3645 actus,
904 3559 960 3627 sed
981 3580 1108 3626 necesse
1123 3566 1172 3626 est
1188 3558 1318 3626 utfiaut
1332 3559 1440 3627 auimo

327 3697 344 3734 «
369 3665 544 3740 inducendi
569 3665 851 3751 cousuetudinem,
869 3667 927 3758 qui
942 3666 1071 3734 animus
1092 3666 1257 3735 ordinarie
1270 3675 1320 3734 est
1336 3668 1441 3759 potius

329 3805 345 3841 a
370 3777 483 3844 tacitus
497 3797 594 3867 quam
609 3796 794 3865 expressus.
813 3775 857 3842 llt
873 3796 952 3842 vero
966 3773 1097 3864 quando
1111 3779 1202 3842 actus
1217 3773 1304 3843 fiunt
1316 3797 1360 3844 cx
1376 3775 1441 3843 solo

329 3915 345 3952 a
369 3887 496 3972 timore,
512 3883 557 3952 ita
581 3891 618 3951 ut
633 3882 703 3951 siue
725 3882 782 3951 illo
805 3905 870 3951 nou
900 3881 1027 3970 fierent,
1047 3905 1114 3951 non
1134 3891 1183 3950 est
1204 3882 1277 3950 talis
1298 3887 1439 3967 animus,

329 4019 345 4059 «
368 4016 427 4062 nec
455 3991 620 4061 moraliter
642 3989 799 4081 praesumi
820 3998 946 4082 potest;
966 3989 1044 4082 qnia
1059 3997 1164 4058 metus
1176 3989 1217 4058 de
1230 4013 1265 4058 se
1277 3990 1441 4082 quodam-

329 4131 345 4168 «
370 4102 467 4172 modo
491 4101 585 4169 illum
611 4098 776 4168 excludit:
800 4110 832 4168 et
857 4099 931 4169 idco
952 4100 1134 4191 frequentia
1159 4107 1293 4169 actuum
1313 4123 1353 4168 ex
1375 4100 1439 4170 solo

329 4239 344 4277 r<
370 4219 457 4278 ructu
492 4207 651 4276 factorum
685 4229 854 4302 uunquam
888 4215 935 4276 est
965 4206 1126 4278 sufficiens
1155 4206 1290 4298 siguum
1321 4207 1440 4300 publici
