<?xml version="1.0" encoding="UTF-8"?>
<!DOCTYPE html PUBLIC "-//W3C//DTD XHTML 1.0 Transitional//EN"
    "http://www.w3.org/TR/xhtml1/DTD/xhtml1-transitional.dtd">
<html xmlns="http://www.w3.org/1999/xhtml" xml:lang="en" lang="en">
 <head>
  <title>
</title>
<meta http-equiv="Content-Type" content="text/html;charset=utf-8" />
  <meta name='ocr-system' content='tesseract 3.04.00' />
  <meta name='ocr-capabilities' content='ocr_page ocr_carea ocr_par ocr_line ocrx_word'/>
</head>
<body>
  <div class='ocr_page' id='page_1' title='image "./tractatusdeprin00bouigoog_0418.png"; bbox 0 0 3072 4948; ppageno 0'>
   <div class='ocr_carea' id='block_1_1' title="bbox 512 475 1197 538">
    <p class='ocr_par' dir='ltr' id='par_1_1' title="bbox 512 475 1197 538">
     <span class='ocr_line' id='line_1_1' title="bbox 512 475 1197 538; baseline 0.009 -6"><span class='ocrx_word' id='word_1_1' title='bbox 512 489 596 535; x_wconf 79' lang='lat' dir='ltr'><strong><em>runis</em></strong></span> <span class='ocrx_word' id='word_1_2' title='bbox 617 489 769 536; x_wconf 79' lang='lat' dir='ltr'><strong><em>manaim.</em></strong></span> <span class='ocrx_word' id='word_1_3' title='bbox 1135 475 1197 538; x_wconf 77' lang='lat' dir='ltr'><strong><em>tab</em></strong></span> 
     </span>
    </p>
   </div>
   <div class='ocr_carea' id='block_1_2' title="bbox 74 627 1258 3860">
    <p class='ocr_par' dir='ltr' id='par_1_2' title="bbox 77 627 1203 1892">
     <span class='ocr_line' id='line_1_2' title="bbox 79 627 1198 722; baseline 0.005 -25"><span class='ocrx_word' id='word_1_4' title='bbox 79 627 266 698; x_wconf 85' lang='lat' dir='ltr'><strong><em>moderatis.</em></strong></span> <span class='ocrx_word' id='word_1_5' title='bbox 292 630 375 698; x_wconf 89' lang='lat' dir='ltr'><strong><em>Hinc</em></strong></span> <span class='ocrx_word' id='word_1_6' title='bbox 398 631 565 722; x_wconf 88' lang='lat' dir='ltr'><strong><em>proposita</em></strong></span> <span class='ocrx_word' id='word_1_7' title='bbox 585 631 670 700; x_wconf 89' lang='lat' dir='ltr'><strong><em>inter</em></strong></span> <span class='ocrx_word' id='word_1_8' title='bbox 693 631 757 700; x_wconf 90' lang='lat' dir='ltr'><strong><em>alia</em></strong></span> <span class='ocrx_word' id='word_1_9' title='bbox 776 634 943 722; x_wconf 88' lang='lat' dir='ltr'><strong><em>sequentia</em></strong></span> <span class='ocrx_word' id='word_1_10' title='bbox 961 634 1084 702; x_wconf 89' lang='lat' dir='ltr'><strong><em>dubia:</em></strong></span> <span class='ocrx_word' id='word_1_11' title='bbox 1105 639 1136 702; x_wconf 75' lang='lat'><strong><em>¹⁰</em></strong></span> <span class='ocrx_word' id='word_1_12' title='bbox 1151 639 1198 704; x_wconf 81' lang='lat' dir='ltr'><strong><em>An</em></strong></span> 
     </span>
     <span class='ocr_line' id='line_1_3' title="bbox 78 736 1199 835; baseline 0.008 -31"><span class='ocrx_word' id='word_1_13' title='bbox 78 736 287 828; x_wconf 76' lang='lat' dir='ltr'><strong><em>ecquomodo</em></strong></span> <span class='ocrx_word' id='word_1_14' title='bbox 302 737 549 828; x_wconf 72' lang='lat' dir='ltr'><strong><em>archiepiscopo</em></strong></span> <span class='ocrx_word' id='word_1_15' title='bbox 566 736 714 806; x_wconf 83' lang='lat' dir='ltr'><strong><em>visitanti</em></strong></span> <span class='ocrx_word' id='word_1_16' title='bbox 727 736 885 806; x_wconf 85' lang='lat' dir='ltr'><strong><em>debeatur</em></strong></span> <span class='ocrx_word' id='word_1_17' title='bbox 894 743 1085 832; x_wconf 76' lang='lat' dir='ltr'><strong><em>procuratio</em></strong></span> <span class='ocrx_word' id='word_1_18' title='bbox 1104 745 1149 835; x_wconf 88' lang='grc'><strong><em>(1)</em></strong></span> <span class='ocrx_word' id='word_1_19' title='bbox 1165 745 1199 814; x_wconf 87' lang='lat' dir='ltr'><strong><em>in</em></strong></span> 
     </span>
     <span class='ocr_line' id='line_1_4' title="bbox 78 844 1199 938; baseline 0.008 -25"><span class='ocrx_word' id='word_1_20' title='bbox 78 869 177 928; x_wconf 66' lang='lat' dir='ltr'><strong><em>casm·</em></strong></span> <span class='ocrx_word' id='word_1_21' title='bbox 194 850 227 913; x_wconf 77' lang='lat'><strong><em>4·</em></strong></span> <span class='ocrx_word' id='word_1_22' title='bbox 240 868 286 914; x_wconf 94' lang='lat' dir='ltr'><strong><em>an</em></strong></span> <span class='ocrx_word' id='word_1_23' title='bbox 301 845 547 937; x_wconf 76' lang='lat' dir='ltr'><strong><em>Arcbicptscopo</em></strong></span> <span class='ocrx_word' id='word_1_24' title='bbox 561 845 708 914; x_wconf 74' lang='lat' dir='ltr'><em>visitanti</em></span> <span class='ocrx_word' id='word_1_25' title='bbox 720 844 899 916; x_wconf 71' lang='lat' dir='ltr'><em>debeantur</em></span> <span class='ocrx_word' id='word_1_26' title='bbox 911 870 1059 938; x_wconf 71' lang='lat' dir='ltr'><strong><em>expuam</em></strong></span> <span class='ocrx_word' id='word_1_27' title='bbox 1073 851 1199 922; x_wconf 84' lang='lat' dir='ltr'><strong><em>itinen&#39;s</em></strong></span> 
     </span>
     <span class='ocr_line' id='line_1_5' title="bbox 79 955 1200 1052; baseline 0.007 -30"><span class='ocrx_word' id='word_1_28' title='bbox 79 979 241 1046; x_wconf 81' lang='lat' dir='ltr'><strong><em>equorum</em></strong></span> <span class='ocrx_word' id='word_1_29' title='bbox 265 977 320 1024; x_wconf 87' lang='lat' dir='ltr'><strong><em>seu</em></strong></span> <span class='ocrx_word' id='word_1_30' title='bbox 342 967 552 1024; x_wconf 78' lang='lat' dir='ltr'><strong><em>vecturarum</em></strong></span> <span class='ocrx_word' id='word_1_31' title='bbox 571 955 607 1020; x_wconf 91' lang='lat' dir='ltr'><strong><em>in</em></strong></span> <span class='ocrx_word' id='word_1_32' title='bbox 629 975 718 1022; x_wconf 88' lang='lat' dir='ltr'><strong><em>casu.</em></strong></span> <span class='ocrx_word' id='word_1_33' title='bbox 743 955 785 1022; x_wconf 88' lang='lat' dir='ltr'><strong><em>Et</em></strong></span> <span class='ocrx_word' id='word_1_34' title='bbox 803 977 996 1046; x_wconf 86' lang='lat' dir='ltr'><strong><em>responsum</em></strong></span> <span class='ocrx_word' id='word_1_35' title='bbox 1010 961 1114 1028; x_wconf 89' lang='lat' dir='ltr'><strong><em>estad</em></strong></span> <span class='ocrx_word' id='word_1_36' title='bbox 1130 962 1200 1052; x_wconf 89' lang='lat' dir='ltr'><strong><em>pri-</em></strong></span> 
     </span>
     <span class='ocr_line' id='line_1_6' title="bbox 78 1060 1200 1154; baseline 0.005 -24"><span class='ocrx_word' id='word_1_37' title='bbox 78 1085 173 1131; x_wconf 91' lang='lat' dir='ltr'><strong><em>mum</em></strong></span> <span class='ocrx_word' id='word_1_38' title='bbox 201 1063 400 1154; x_wconf 86' lang='lat' dir='ltr'><strong><em>affirmative</em></strong></span> <span class='ocrx_word' id='word_1_39' title='bbox 431 1061 478 1129; x_wconf 88' lang='lat' dir='ltr'><strong><em>ad</em></strong></span> <span class='ocrx_word' id='word_1_40' title='bbox 504 1063 653 1151; x_wconf 81' lang='lat' dir='ltr'><strong><em>sormam</em></strong></span> <span class='ocrx_word' id='word_1_41' title='bbox 679 1061 808 1130; x_wconf 85' lang='lat' dir='ltr'><strong><em>concilii</em></strong></span> <span class='ocrx_word' id='word_1_42' title='bbox 848 1060 1038 1144; x_wconf 76' lang='lat' dir='ltr'><strong><em>Tridentini,</em></strong></span> <span class='ocrx_word' id='word_1_43' title='bbox 1070 1066 1137 1134; x_wconf 72' lang='lat' dir='ltr'><strong><em>aaa</em></strong></span> <span class='ocrx_word' id='word_1_44' title='bbox 1163 1069 1200 1136; x_wconf 87' lang='lat' dir='ltr'><strong><em>in</em></strong></span> 
     </span>
     <span class='ocr_line' id='line_1_7' title="bbox 78 1169 1201 1264; baseline 0.005 -26"><span class='ocrx_word' id='word_1_45' title='bbox 78 1169 275 1240; x_wconf 86' lang='lat' dir='ltr'><strong><em>victualibus</em></strong></span> <span class='ocrx_word' id='word_1_46' title='bbox 298 1172 364 1240; x_wconf 86' lang='lat' dir='ltr'><strong><em>sice</em></strong></span> <span class='ocrx_word' id='word_1_47' title='bbox 392 1173 427 1240; x_wconf 87' lang='lat' dir='ltr'><strong><em>in</em></strong></span> <span class='ocrx_word' id='word_1_48' title='bbox 452 1171 593 1263; x_wconf 88' lang='lat' dir='ltr'><strong><em>pecunia</em></strong></span> <span class='ocrx_word' id='word_1_49' title='bbox 625 1169 764 1238; x_wconf 86' lang='lat' dir='ltr'><strong><em>arbitrio</em></strong></span> <span class='ocrx_word' id='word_1_50' title='bbox 793 1171 1033 1240; x_wconf 83' lang='lat' dir='ltr'><strong><em>visitandorum</em></strong></span> <span class='ocrx_word' id='word_1_51' title='bbox 1061 1173 1128 1264; x_wconf 82' lang='lat'>(2);</span> <span class='ocrx_word' id='word_1_52' title='bbox 1155 1177 1201 1246; x_wconf 81' lang='lat' dir='ltr'><strong><em>art</em></strong></span> 
     </span>
     <span class='ocr_line' id='line_1_8' title="bbox 77 1277 1200 1370; baseline 0.005 -24"><span class='ocrx_word' id='word_1_53' title='bbox 77 1292 239 1369; x_wconf 81' lang='lat' dir='ltr'><strong><em>quartum</em></strong></span> <span class='ocrx_word' id='word_1_54' title='bbox 261 1280 423 1370; x_wconf 77' lang='lat' dir='ltr'><strong><em>neqatiuc.</em></strong></span> <span class='ocrx_word' id='word_1_55' title='bbox 439 1278 520 1361; x_wconf 82' lang='lat' dir='ltr'><strong><em>Quae</em></strong></span> <span class='ocrx_word' id='word_1_56' title='bbox 540 1277 660 1346; x_wconf 90' lang='lat' dir='ltr'><strong><em>decisio</em></strong></span> <span class='ocrx_word' id='word_1_57' title='bbox 677 1277 854 1348; x_wconf 84' lang='lat' dir='ltr'><strong><em>conformis</em></strong></span> <span class='ocrx_word' id='word_1_58' title='bbox 869 1278 932 1348; x_wconf 87' lang='lat' dir='ltr'><strong><em>init</em></strong></span> <span class='ocrx_word' id='word_1_59' title='bbox 947 1289 1022 1348; x_wconf 87' lang='lat' dir='ltr'><strong><em>voto</em></strong></span> <span class='ocrx_word' id='word_1_60' title='bbox 1037 1285 1200 1352; x_wconf 69' lang='lat' dir='ltr'><strong><em>secretarii</em></strong></span> 
     </span>
     <span class='ocr_line' id='line_1_9' title="bbox 77 1385 1200 1481; baseline 0.005 -27"><span class='ocrx_word' id='word_1_61' title='bbox 77 1409 182 1477; x_wconf 88' lang='lat' dir='ltr'><strong><em>supra</em></strong></span> <span class='ocrx_word' id='word_1_62' title='bbox 205 1387 318 1456; x_wconf 87' lang='lat' dir='ltr'><strong><em>relato.</em></strong></span> <span class='ocrx_word' id='word_1_63' title='bbox 343 1388 385 1455; x_wconf 86' lang='lat' dir='ltr'><strong><em>Et</em></strong></span> <span class='ocrx_word' id='word_1_64' title='bbox 406 1385 588 1456; x_wconf 89' lang='lat' dir='ltr'><strong><em>notandum</em></strong></span> <span class='ocrx_word' id='word_1_65' title='bbox 602 1407 772 1456; x_wconf 80' lang='lat' dir='ltr'><strong><em>recursum</em></strong></span> <span class='ocrx_word' id='word_1_66' title='bbox 784 1385 905 1456; x_wconf 87' lang='lat' dir='ltr'><strong><em>iactum</em></strong></span> <span class='ocrx_word' id='word_1_67' title='bbox 922 1385 1021 1456; x_wconf 86' lang='lat' dir='ltr'><strong><em>inisse</em></strong></span> <span class='ocrx_word' id='word_1_68' title='bbox 1036 1410 1102 1457; x_wconf 90' lang='lat' dir='ltr'><strong><em>non</em></strong></span> <span class='ocrx_word' id='word_1_69' title='bbox 1120 1391 1200 1481; x_wconf 89' lang='lat' dir='ltr'><strong><em>qnia</em></strong></span> 
     </span>
     <span class='ocr_line' id='line_1_10' title="bbox 77 1493 1200 1586; baseline 0.004 -23"><span class='ocrx_word' id='word_1_70' title='bbox 77 1503 257 1586; x_wconf 78' lang='lat' dir='ltr'><strong><em>negaretur</em></strong></span> <span class='ocrx_word' id='word_1_71' title='bbox 271 1495 525 1586; x_wconf 83' lang='lat' dir='ltr'><strong><em>Archiepiscopn</em></strong></span> <span class='ocrx_word' id='word_1_72' title='bbox 541 1493 724 1564; x_wconf 83' lang='lat' dir='ltr'><strong><em>subsidium</em></strong></span> <span class='ocrx_word' id='word_1_73' title='bbox 737 1495 834 1586; x_wconf 86' lang='lat' dir='ltr'><strong><em>juxta</em></strong></span> <span class='ocrx_word' id='word_1_74' title='bbox 854 1503 978 1564; x_wconf 88' lang='lat' dir='ltr'><strong><em>veteres</em></strong></span> <span class='ocrx_word' id='word_1_75' title='bbox 991 1498 1200 1568; x_wconf 88' lang='lat' dir='ltr'><strong><em>consuetudi-</em></strong></span> 
     </span>
     <span class='ocr_line' id='line_1_11' title="bbox 78 1601 1201 1697; baseline 0.004 -25"><span class='ocrx_word' id='word_1_76' title='bbox 78 1627 151 1692; x_wconf 89' lang='lat' dir='ltr'><strong><em>nes,</em></strong></span> <span class='ocrx_word' id='word_1_77' title='bbox 177 1604 232 1674; x_wconf 90' lang='lat' dir='ltr'><strong><em>sed</em></strong></span> <span class='ocrx_word' id='word_1_78' title='bbox 257 1605 335 1697; x_wconf 89' lang='lat' dir='ltr'><strong><em>quia</em></strong></span> <span class='ocrx_word' id='word_1_79' title='bbox 357 1605 426 1696; x_wconf 90' lang='lat' dir='ltr'><strong><em>ipse</em></strong></span> <span class='ocrx_word' id='word_1_80' title='bbox 448 1602 720 1694; x_wconf 76' lang='lat' dir='ltr'><strong><em>Archicpiscopus</em></strong></span> <span class='ocrx_word' id='word_1_81' title='bbox 734 1602 843 1672; x_wconf 80' lang='lat' dir='ltr'><strong><em>timuit</em></strong></span> <span class='ocrx_word' id='word_1_82' title='bbox 858 1601 974 1672; x_wconf 83' lang='lat' dir='ltr'><strong><em>nasibi</em></strong></span> <span class='ocrx_word' id='word_1_83' title='bbox 989 1605 1103 1676; x_wconf 87' lang='lat' dir='ltr'><strong><em>illicita</em></strong></span> <span class='ocrx_word' id='word_1_84' title='bbox 1118 1617 1201 1676; x_wconf 90' lang='lat' dir='ltr'><strong><em>esset</em></strong></span> 
     </span>
     <span class='ocr_line' id='line_1_12' title="bbox 77 1711 1203 1805; baseline 0.004 -23"><span class='ocrx_word' id='word_1_85' title='bbox 77 1714 243 1805; x_wconf 88' lang='lat' dir='ltr'><strong><em>perceptio</em></strong></span> <span class='ocrx_word' id='word_1_86' title='bbox 256 1712 395 1782; x_wconf 85' lang='lat' dir='ltr'><strong><em>subsidii</em></strong></span> <span class='ocrx_word' id='word_1_87' title='bbox 410 1712 519 1804; x_wconf 88' lang='lat' dir='ltr'><strong><em>hujus,</em></strong></span> <span class='ocrx_word' id='word_1_88' title='bbox 538 1711 613 1780; x_wconf 87' lang='lat' dir='ltr'><strong><em>licet</em></strong></span> <span class='ocrx_word' id='word_1_89' title='bbox 625 1718 800 1803; x_wconf 86' lang='lat' dir='ltr'><strong><em>spontanee</em></strong></span> <span class='ocrx_word' id='word_1_90' title='bbox 809 1711 921 1799; x_wconf 88' lang='lat' dir='ltr'><strong><em>oblati,</em></strong></span> <span class='ocrx_word' id='word_1_91' title='bbox 935 1720 1045 1804; x_wconf 87' lang='lat' dir='ltr'><strong><em>utpote</em></strong></span> <span class='ocrx_word' id='word_1_92' title='bbox 1059 1716 1203 1786; x_wconf 87' lang='lat' dir='ltr'><strong><em>Triden-</em></strong></span> 
     </span>
     <span class='ocr_line' id='line_1_13' title="bbox 79 1822 486 1892; baseline -0.002 -2"><span class='ocrx_word' id='word_1_93' title='bbox 79 1824 158 1892; x_wconf 89' lang='lat' dir='ltr'><strong><em>tinis</em></strong></span> <span class='ocrx_word' id='word_1_94' title='bbox 172 1823 307 1892; x_wconf 73' lang='lat' dir='ltr'><strong><em>decretis</em></strong></span> <span class='ocrx_word' id='word_1_95' title='bbox 321 1822 486 1892; x_wconf 85' lang='lat' dir='ltr'><strong><em>contrarii.</em></strong></span> 
     </span>
    </p>

    <p class='ocr_par' dir='ltr' id='par_1_3' title="bbox 74 1930 1258 3860">
     <span class='ocr_line' id='line_1_14' title="bbox 125 1930 1200 2018; baseline 0.006 -20"><span class='ocrx_word' id='word_1_96' title='bbox 125 1933 164 1998; x_wconf 93' lang='lat' dir='ltr'><strong><em>ln</em></strong></span> <span class='ocrx_word' id='word_1_97' title='bbox 186 1953 284 2000; x_wconf 90' lang='lat' dir='ltr'><strong><em>causa</em></strong></span> <span class='ocrx_word' id='word_1_98' title='bbox 304 1931 460 1999; x_wconf 82' lang='lat' dir='ltr'><strong><em>ilerdensi</em></strong></span> <span class='ocrx_word' id='word_1_99' title='bbox 477 1935 494 1998; x_wconf 87' lang='grc'>7</span> <span class='ocrx_word' id='word_1_100' title='bbox 511 1932 591 2000; x_wconf 91' lang='lat' dir='ltr'><strong><em>maii</em></strong></span> <span class='ocrx_word' id='word_1_101' title='bbox 613 1935 711 2018; x_wconf 81' lang='lat'><strong>1785,</strong></span> <span class='ocrx_word' id='word_1_102' title='bbox 736 1939 844 2000; x_wconf 87' lang='lat' dir='ltr'><strong><em>actum</em></strong></span> <span class='ocrx_word' id='word_1_103' title='bbox 860 1940 908 2001; x_wconf 87' lang='lat' dir='ltr'><strong><em>cst</em></strong></span> <span class='ocrx_word' id='word_1_104' title='bbox 921 1930 960 2000; x_wconf 87' lang='lat' dir='ltr'><strong><em>de</em></strong></span> <span class='ocrx_word' id='word_1_105' title='bbox 975 1930 1104 2002; x_wconf 88' lang='lat' dir='ltr'><strong><em>duabus</em></strong></span> <span class='ocrx_word' id='word_1_106' title='bbox 1116 1936 1200 2004; x_wconf 87' lang='lat' dir='ltr'><strong><em>anti-</em></strong></span> 
     </span>
     <span class='ocr_line' id='line_1_15' title="bbox 78 2037 1197 2132; baseline 0.004 -24"><span class='ocrx_word' id='word_1_107' title='bbox 78 2038 247 2132; x_wconf 89' lang='lat' dir='ltr'><strong><em>quissimis</em></strong></span> <span class='ocrx_word' id='word_1_108' title='bbox 267 2037 557 2108; x_wconf 89' lang='lat' dir='ltr'><strong><em>consuctudinibus</em></strong></span> <span class='ocrx_word' id='word_1_109' title='bbox 572 2041 607 2106; x_wconf 92' lang='lat' dir='ltr'><strong><em>in</em></strong></span> <span class='ocrx_word' id='word_1_110' title='bbox 621 2037 798 2108; x_wconf 71' lang='lat' dir='ltr'><strong><em>cathedrali</em></strong></span> <span class='ocrx_word' id='word_1_111' title='bbox 813 2037 969 2108; x_wconf 82' lang='lat' dir='ltr'><strong><em>ilerdensi</em></strong></span> <span class='ocrx_word' id='word_1_112' title='bbox 985 2042 1173 2130; x_wconf 79' lang='lat' dir='ltr'><strong><em>vigentibus</em></strong></span> <span class='ocrx_word' id='word_1_113' title='bbox 1189 2072 1197 2111; x_wconf 76' lang='grc' dir='ltr'><strong><em>ε</em></strong></span> 
     </span>
     <span class='ocr_line' id='line_1_16' title="bbox 78 2145 1201 2241; baseline 0.004 -25"><span class='ocrx_word' id='word_1_114' title='bbox 78 2146 268 2240; x_wconf 90' lang='lat' dir='ltr'><strong><em>parochiani</em></strong></span> <span class='ocrx_word' id='word_1_115' title='bbox 293 2147 431 2217; x_wconf 88' lang='lat' dir='ltr'><strong><em>aliarum</em></strong></span> <span class='ocrx_word' id='word_1_116' title='bbox 453 2145 682 2238; x_wconf 80' lang='lat' dir='ltr'><strong><em>parochiarum</em></strong></span> <span class='ocrx_word' id='word_1_117' title='bbox 698 2145 838 2214; x_wconf 88' lang='lat' dir='ltr'><strong><em>civitatis</em></strong></span> <span class='ocrx_word' id='word_1_118' title='bbox 859 2145 1099 2218; x_wconf 76' lang='lat' dir='ltr'><strong><em>satisfaciebant</em></strong></span> <span class='ocrx_word' id='word_1_119' title='bbox 1113 2173 1201 2241; x_wconf 83' lang='lat' dir='ltr'><strong><em>prae-</em></strong></span> 
     </span>
     <span class='ocr_line' id='line_1_17' title="bbox 77 2252 1258 2347; baseline 0.002 -23"><span class='ocrx_word' id='word_1_120' title='bbox 77 2263 172 2347; x_wconf 89' lang='lat' dir='ltr'><strong><em>cepto</em></strong></span> <span class='ocrx_word' id='word_1_121' title='bbox 188 2254 431 2324; x_wconf 86' lang='lat' dir='ltr'><strong><em>communionis</em></strong></span> <span class='ocrx_word' id='word_1_122' title='bbox 447 2254 608 2345; x_wconf 87' lang='lat' dir='ltr'><strong><em>paschalis</em></strong></span> <span class='ocrx_word' id='word_1_123' title='bbox 622 2255 657 2324; x_wconf 92' lang='lat' dir='ltr'><strong><em>in</em></strong></span> <span class='ocrx_word' id='word_1_124' title='bbox 671 2252 867 2339; x_wconf 87' lang='lat' dir='ltr'><strong><em>cathedrali;</em></strong></span> <span class='ocrx_word' id='word_1_125' title='bbox 881 2263 912 2324; x_wconf 89' lang='lat' dir='ltr'><strong><em>et</em></strong></span> <span class='ocrx_word' id='word_1_126' title='bbox 927 2254 1073 2346; x_wconf 84' lang='lat' dir='ltr'><strong><em>insuper,</em></strong></span> <span class='ocrx_word' id='word_1_127' title='bbox 1090 2257 1200 2326; x_wconf 86' lang='lat' dir='ltr'><strong><em>catha·</em></strong></span> <span class='ocrx_word' id='word_1_128' title='bbox 1254 2318 1258 2325; x_wconf 93' lang='lat'>.</span> 
     </span>
     <span class='ocr_line' id='line_1_18' title="bbox 79 2360 1199 2456; baseline 0.003 -24"><span class='ocrx_word' id='word_1_129' title='bbox 79 2364 182 2432; x_wconf 87' lang='lat' dir='ltr'><strong><em>dralis</em></strong></span> <span class='ocrx_word' id='word_1_130' title='bbox 203 2363 364 2456; x_wconf 85' lang='lat' dir='ltr'><strong><em>parochus</em></strong></span> <span class='ocrx_word' id='word_1_131' title='bbox 386 2360 594 2432; x_wconf 79' lang='lat' dir='ltr'><strong><em>benedicebat</em></strong></span> <span class='ocrx_word' id='word_1_132' title='bbox 614 2361 768 2430; x_wconf 88' lang='lat' dir='ltr'><strong><em>omnibus</em></strong></span> <span class='ocrx_word' id='word_1_133' title='bbox 791 2361 1005 2430; x_wconf 86' lang='lat' dir='ltr'><strong><em>matrimoniis</em></strong></span> <span class='ocrx_word' id='word_1_134' title='bbox 1018 2364 1199 2434; x_wconf 89' lang='lat' dir='ltr'><strong><em>incolarum</em></strong></span> 
     </span>
     <span class='ocr_line' id='line_1_19' title="bbox 77 2463 1198 2563; baseline 0.004 -22"><span class='ocrx_word' id='word_1_135' title='bbox 77 2471 254 2563; x_wconf 85' lang='lat' dir='ltr'><strong><em>cujuslibet</em></strong></span> <span class='ocrx_word' id='word_1_136' title='bbox 275 2471 450 2562; x_wconf 76' lang='lat' dir='ltr'><strong><em>parochis.</em></strong></span> <span class='ocrx_word' id='word_1_137' title='bbox 473 2463 647 2538; x_wconf 80' lang='lat' dir='ltr'><strong><em>ilerdensis</em></strong></span> <span class='ocrx_word' id='word_1_138' title='bbox 669 2469 849 2561; x_wconf 86' lang='lat' dir='ltr'><strong><em>Episcopus</em></strong></span> <span class='ocrx_word' id='word_1_139' title='bbox 862 2477 974 2539; x_wconf 88' lang='lat' dir='ltr'><strong><em>cantra</em></strong></span> <span class='ocrx_word' id='word_1_140' title='bbox 987 2475 1198 2563; x_wconf 87' lang='lat' dir='ltr'><strong><em>posteriorem</em></strong></span> 
     </span>
     <span class='ocr_line' id='line_1_20' title="bbox 77 2578 1200 2670; baseline 0 -18"><span class='ocrx_word' id='word_1_141' title='bbox 77 2579 348 2652; x_wconf 87' lang='lat' dir='ltr'><strong><em>consuetudinem</em></strong></span> <span class='ocrx_word' id='word_1_142' title='bbox 374 2578 539 2648; x_wconf 89' lang='lat' dir='ltr'><strong><em>decretum</em></strong></span> <span class='ocrx_word' id='word_1_143' title='bbox 569 2579 643 2647; x_wconf 84' lang='lat' dir='ltr'><strong><em>tulit</em></strong></span> <span class='ocrx_word' id='word_1_144' title='bbox 670 2601 736 2670; x_wconf 89' lang='lat' dir='ltr'><strong><em>quo</em></strong></span> <span class='ocrx_word' id='word_1_145' title='bbox 763 2579 923 2648; x_wconf 87' lang='lat' dir='ltr'><strong><em>statuebat</em></strong></span> <span class='ocrx_word' id='word_1_146' title='bbox 951 2581 1158 2652; x_wconf 89' lang='lat' dir='ltr'><strong><em>matrimonia</em></strong></span> <span class='ocrx_word' id='word_1_147' title='bbox 1181 2607 1200 2652; x_wconf 90' lang='lat' dir='ltr'><strong><em>a</em></strong></span> 
     </span>
     <span class='ocr_line' id='line_1_21' title="bbox 77 2686 1198 2784; baseline 0.003 -25"><span class='ocrx_word' id='word_1_148' title='bbox 77 2689 222 2784; x_wconf 87' lang='lat' dir='ltr'><strong><em>propriis</em></strong></span> <span class='ocrx_word' id='word_1_149' title='bbox 245 2686 394 2779; x_wconf 87' lang='lat' dir='ltr'><strong><em>parochis</em></strong></span> <span class='ocrx_word' id='word_1_150' title='bbox 415 2689 512 2777; x_wconf 84' lang='lat' dir='ltr'><strong><em>juxta</em></strong></span> <span class='ocrx_word' id='word_1_151' title='bbox 534 2686 759 2756; x_wconf 88' lang='lat' dir='ltr'><strong><em>Tridentinam</em></strong></span> <span class='ocrx_word' id='word_1_152' title='bbox 775 2687 880 2778; x_wconf 78' lang='lat' dir='ltr'><strong><em>legem</em></strong></span> <span class='ocrx_word' id='word_1_153' title='bbox 900 2689 1047 2758; x_wconf 88' lang='lat' dir='ltr'><strong><em>benedici</em></strong></span> <span class='ocrx_word' id='word_1_154' title='bbox 1068 2691 1198 2764; x_wconf 87' lang='lat' dir='ltr'><strong><em>debere.</em></strong></span> 
     </span>
     <span class='ocr_line' id='line_1_22' title="bbox 77 2793 1199 2889; baseline 0.005 -25"><span class='ocrx_word' id='word_1_155' title='bbox 77 2797 195 2880; x_wconf 86' lang='lat' dir='ltr'><strong><em>Quoad</em></strong></span> <span class='ocrx_word' id='word_1_156' title='bbox 219 2797 362 2889; x_wconf 86' lang='lat' dir='ltr'><strong><em>priorem</em></strong></span> <span class='ocrx_word' id='word_1_157' title='bbox 387 2793 653 2864; x_wconf 89' lang='lat' dir='ltr'><strong><em>consuetudinem</em></strong></span> <span class='ocrx_word' id='word_1_158' title='bbox 678 2817 809 2864; x_wconf 87' lang='lat' dir='ltr'><strong><em>cansam</em></strong></span> <span class='ocrx_word' id='word_1_159' title='bbox 836 2795 876 2862; x_wconf 89' lang='lat' dir='ltr'><strong><em>ad</em></strong></span> <span class='ocrx_word' id='word_1_160' title='bbox 906 2796 1199 2888; x_wconf 82' lang='lat' dir='ltr'><strong><em>Congregationem</em></strong></span> 
     </span>
     <span class='ocr_line' id='line_1_23' title="bbox 77 2902 1200 2994; baseline 0.002 -18"><span class='ocrx_word' id='word_1_161' title='bbox 77 2905 218 2976; x_wconf 84' lang='lat' dir='ltr'><strong><em>Consilii</em></strong></span> <span class='ocrx_word' id='word_1_162' title='bbox 237 2905 365 2974; x_wconf 89' lang='lat' dir='ltr'><strong><em>detulit.</em></strong></span> <span class='ocrx_word' id='word_1_163' title='bbox 388 2903 474 2972; x_wconf 93' lang='lat' dir='ltr'><strong><em>llinc</em></strong></span> <span class='ocrx_word' id='word_1_164' title='bbox 488 2903 588 2972; x_wconf 92' lang='lat' dir='ltr'><strong><em>dubia</em></strong></span> <span class='ocrx_word' id='word_1_165' title='bbox 606 2902 677 2970; x_wconf 70' lang='lat' dir='ltr'><strong><em>haec</em></strong></span> <span class='ocrx_word' id='word_1_166' title='bbox 691 2903 782 2972; x_wconf 90' lang='lat' dir='ltr'><strong><em>iuere</em></strong></span> <span class='ocrx_word' id='word_1_167' title='bbox 796 2905 960 2994; x_wconf 89' lang='lat' dir='ltr'><strong><em>proposita</em></strong></span> <span class='ocrx_word' id='word_1_168' title='bbox 977 2932 983 2972; x_wconf 95' lang='lat'><strong>:</strong></span> <span class='ocrx_word' id='word_1_169' title='bbox 1003 2908 1034 2971; x_wconf 81' lang='lat'><strong><em>1⁰</em></strong></span> <span class='ocrx_word' id='word_1_170' title='bbox 1048 2908 1098 2976; x_wconf 84' lang='lat' dir='ltr'><strong><em>An</em></strong></span> <span class='ocrx_word' id='word_1_171' title='bbox 1109 2921 1200 2978; x_wconf 87' lang='lat' dir='ltr'><strong><em>stan·</em></strong></span> 
     </span>
     <span class='ocr_line' id='line_1_24' title="bbox 78 3009 1199 3103; baseline 0.004 -22"><span class='ocrx_word' id='word_1_172' title='bbox 78 3015 161 3082; x_wconf 83' lang='lat' dir='ltr'><strong><em>dum</em></strong></span> <span class='ocrx_word' id='word_1_173' title='bbox 195 3012 236 3080; x_wconf 84' lang='lat' dir='ltr'><strong><em>sit</em></strong></span> <span class='ocrx_word' id='word_1_174' title='bbox 272 3009 397 3080; x_wconf 87' lang='lat' dir='ltr'><strong><em>decreto</em></strong></span> <span class='ocrx_word' id='word_1_175' title='bbox 435 3012 640 3103; x_wconf 83' lang='lat' dir='ltr'><strong><em>Episcopi</em></strong></span> <span class='ocrx_word' id='word_1_176' title='bbox 672 3021 833 3078; x_wconf 86' lang='lat' dir='ltr'><strong><em>statuente</em></strong></span> <span class='ocrx_word' id='word_1_177' title='bbox 868 3011 958 3102; x_wconf 83' lang='lat' dir='ltr'><strong><em>quod</em></strong></span> <span class='ocrx_word' id='word_1_178' title='bbox 983 3015 1199 3086; x_wconf 80' lang='lat' dir='ltr'><strong><em>matrimonia</em></strong></span> 
     </span>
     <span class='ocr_line' id='line_1_25' title="bbox 81 3117 1201 3213; baseline 0.004 -22"><span class='ocrx_word' id='word_1_179' title='bbox 81 3122 314 3192; x_wconf 80' lang='lat' dir='ltr'><strong><em>bercedicantur</em></strong></span> <span class='ocrx_word' id='word_1_180' title='bbox 345 3145 366 3188; x_wconf 89' lang='lat' dir='ltr'><strong><em>a</em></strong></span> <span class='ocrx_word' id='word_1_181' title='bbox 394 3121 543 3213; x_wconf 80' lang='lat' dir='ltr'><strong><em>propriis</em></strong></span> <span class='ocrx_word' id='word_1_182' title='bbox 576 3121 754 3211; x_wconf 62' lang='lat' dir='ltr'><strong><em>parocbia·</em></strong></span> <span class='ocrx_word' id='word_1_183' title='bbox 787 3142 831 3186; x_wconf 90' lang='lat' dir='ltr'><strong><em>an</em></strong></span> <span class='ocrx_word' id='word_1_184' title='bbox 863 3143 937 3189; x_wconf 88' lang='lat' dir='ltr'><strong><em>uero</em></strong></span> <span class='ocrx_word' id='word_1_185' title='bbox 973 3117 1201 3195; x_wconf 72' lang='lat' dir='ltr'><strong><em>consuetudini</em></strong></span> 
     </span>
     <span class='ocr_line' id='line_1_26' title="bbox 80 3229 1199 3324; baseline 0.004 -25"><span class='ocrx_word' id='word_1_186' title='bbox 80 3231 337 3300; x_wconf 86' lang='lat' dir='ltr'><strong><em>immemorabili</em></strong></span> <span class='ocrx_word' id='word_1_187' title='bbox 362 3229 402 3298; x_wconf 85' lang='lat' dir='ltr'><strong><em>de</em></strong></span> <span class='ocrx_word' id='word_1_188' title='bbox 425 3229 645 3298; x_wconf 77' lang='lat' dir='ltr'><strong><em>benedicendis</em></strong></span> <span class='ocrx_word' id='word_1_189' title='bbox 672 3229 894 3298; x_wconf 85' lang='lat' dir='ltr'><strong><em>matrimoniis</em></strong></span> <span class='ocrx_word' id='word_1_190' title='bbox 919 3254 940 3298; x_wconf 89' lang='lat' dir='ltr'><strong><em>a</em></strong></span> <span class='ocrx_word' id='word_1_191' title='bbox 965 3232 1032 3299; x_wconf 89' lang='lat' dir='ltr'><strong><em>solo</em></strong></span> <span class='ocrx_word' id='word_1_192' title='bbox 1049 3236 1199 3324; x_wconf 80' lang='lat' dir='ltr'><strong><em>paracio</em></strong></span> 
     </span>
     <span class='ocr_line' id='line_1_27' title="bbox 79 3336 1199 3428; baseline 0.002 -20"><span class='ocrx_word' id='word_1_193' title='bbox 79 3339 279 3408; x_wconf 82' lang='lat' dir='ltr'><strong><em>cathedralis</em></strong></span> <span class='ocrx_word' id='word_1_194' title='bbox 287 3364 300 3420; x_wconf 89' lang='lat'><strong><em>,·</em></strong></span> <span class='ocrx_word' id='word_1_195' title='bbox 315 3343 348 3404; x_wconf 84' lang='lat'><strong><em>2⁰</em></strong></span> <span class='ocrx_word' id='word_1_196' title='bbox 362 3361 407 3406; x_wconf 92' lang='lat' dir='ltr'><strong><em>an</em></strong></span> <span class='ocrx_word' id='word_1_197' title='bbox 419 3351 456 3406; x_wconf 88' lang='lat' dir='ltr'><strong><em>ut</em></strong></span> <span class='ocrx_word' id='word_1_198' title='bbox 467 3337 608 3427; x_wconf 78' lang='lat' dir='ltr'><strong><em>satisfiat</em></strong></span> <span class='ocrx_word' id='word_1_199' title='bbox 619 3350 782 3428; x_wconf 73' lang='lat' dir='ltr'><strong><em>praecepto</em></strong></span> <span class='ocrx_word' id='word_1_200' title='bbox 794 3336 944 3406; x_wconf 82' lang='lat' dir='ltr'><strong><em>sumetede&#39;</em></strong></span> <span class='ocrx_word' id='word_1_201' title='bbox 951 3339 1199 3410; x_wconf 75' lang='lat' dir='ltr'><strong><em>Eucharistiam</em></strong></span> 
     </span>
     <span class='ocr_line' id='line_1_28' title="bbox 80 3444 1199 3538; baseline 0.002 -22"><span class='ocrx_word' id='word_1_202' title='bbox 80 3463 227 3538; x_wconf 87' lang='lat' dir='ltr'><strong><em>tempore</em></strong></span> <span class='ocrx_word' id='word_1_203' title='bbox 243 3445 414 3538; x_wconf 78' lang='lat' dir='ltr'><strong><em>paschali,</em></strong></span> <span class='ocrx_word' id='word_1_204' title='bbox 438 3445 519 3512; x_wconf 89' lang='lat' dir='ltr'><strong><em>satis</em></strong></span> <span class='ocrx_word' id='word_1_205' title='bbox 540 3444 581 3511; x_wconf 88' lang='lat' dir='ltr'><strong><em>sit</em></strong></span> <span class='ocrx_word' id='word_1_206' title='bbox 606 3445 701 3512; x_wconf 87' lang='lat' dir='ltr'><strong><em>illam</em></strong></span> <span class='ocrx_word' id='word_1_207' title='bbox 725 3467 851 3512; x_wconf 85' lang='lat' dir='ltr'><strong><em>sumere</em></strong></span> <span class='ocrx_word' id='word_1_208' title='bbox 877 3446 911 3512; x_wconf 88' lang='lat' dir='ltr'><strong><em>in</em></strong></span> <span class='ocrx_word' id='word_1_209' title='bbox 933 3447 1133 3531; x_wconf 59' lang='lat' dir='ltr'><strong><em>cathedrali·</em></strong></span> <span class='ocrx_word' id='word_1_210' title='bbox 1156 3474 1199 3518; x_wconf 92' lang='lat' dir='ltr'><strong><em>an</em></strong></span> 
     </span>
     <span class='ocr_line' id='line_1_29' title="bbox 81 3552 1200 3648; baseline 0 -24"><span class='ocrx_word' id='word_1_211' title='bbox 81 3579 158 3624; x_wconf 87' lang='lat' dir='ltr'><strong><em>vcro</em></strong></span> <span class='ocrx_word' id='word_1_212' title='bbox 170 3555 387 3624; x_wconf 85' lang='lat' dir='ltr'><strong><em>necessarium</em></strong></span> <span class='ocrx_word' id='word_1_213' title='bbox 410 3553 451 3620; x_wconf 90' lang='lat' dir='ltr'><strong><em>sit</em></strong></span> <span class='ocrx_word' id='word_1_214' title='bbox 471 3553 566 3621; x_wconf 87' lang='lat' dir='ltr'><strong><em>iilam</em></strong></span> <span class='ocrx_word' id='word_1_215' title='bbox 591 3573 717 3620; x_wconf 81' lang='lat' dir='ltr'><strong><em>samem</em></strong></span> <span class='ocrx_word' id='word_1_216' title='bbox 736 3552 773 3620; x_wconf 86' lang='lat' dir='ltr'><strong><em>in</em></strong></span> <span class='ocrx_word' id='word_1_217' title='bbox 790 3554 931 3644; x_wconf 86' lang='lat' dir='ltr'><strong><em>propria</em></strong></span> <span class='ocrx_word' id='word_1_218' title='bbox 946 3555 1200 3648; x_wconf 85' lang='lat' dir='ltr'><strong><em>uniuscujusque</em></strong></span> 
     </span>
     <span class='ocr_line' id='line_1_30' title="bbox 74 3660 1198 3757; baseline 0.003 -25"><span class='ocrx_word' id='word_1_219' title='bbox 74 3664 252 3757; x_wconf 85' lang='lat' dir='ltr'><strong><em>parocbia,</em></strong></span> <span class='ocrx_word' id='word_1_220' title='bbox 266 3685 469 3754; x_wconf 85' lang='lat' dir='ltr'><strong><em>quocumque</em></strong></span> <span class='ocrx_word' id='word_1_221' title='bbox 483 3660 711 3732; x_wconf 85' lang='lat' dir='ltr'><strong><em>consuetudine</em></strong></span> <span class='ocrx_word' id='word_1_222' title='bbox 727 3684 793 3729; x_wconf 91' lang='lat' dir='ltr'><strong><em>non</em></strong></span> <span class='ocrx_word' id='word_1_223' title='bbox 809 3660 968 3730; x_wconf 87' lang='lat' dir='ltr'><strong><em>obstante.</em></strong></span> <span class='ocrx_word' id='word_1_224' title='bbox 986 3665 1198 3735; x_wconf 82' lang='lat' dir='ltr'><strong><em>Immemore-</em></strong></span> 
     </span>
     <span class='ocr_line' id='line_1_31' title="bbox 78 3769 1198 3860; baseline 0.004 -20"><span class='ocrx_word' id='word_1_225' title='bbox 78 3773 181 3842; x_wconf 91' lang='lat' dir='ltr'><strong><em>bilem</em></strong></span> <span class='ocrx_word' id='word_1_226' title='bbox 205 3771 475 3840; x_wconf 87' lang='lat' dir='ltr'><strong><em>consuetudinem</em></strong></span> <span class='ocrx_word' id='word_1_227' title='bbox 497 3770 681 3860; x_wconf 77' lang='lat' dir='ltr'><strong><em>allegabant</em></strong></span> <span class='ocrx_word' id='word_1_228' title='bbox 700 3769 847 3838; x_wconf 90' lang='lat' dir='ltr'><strong><em>canonici</em></strong></span> <span class='ocrx_word' id='word_1_229' title='bbox 868 3771 1068 3842; x_wconf 87' lang='lat' dir='ltr'><strong><em>cathedrales</em></strong></span> <span class='ocrx_word' id='word_1_230' title='bbox 1094 3777 1198 3845; x_wconf 90' lang='lat' dir='ltr'><strong><em>:sub-</em></strong></span> 
     </span>
    </p>
   </div>
   <div class='ocr_carea' id='block_1_3' title="bbox 82 4071 1200 4301">
    <p class='ocr_par' dir='ltr' id='par_1_4' title="bbox 82 4071 1200 4301">
     <span class='ocr_line' id='line_1_32' title="bbox 113 4071 526 4135; baseline 0 -13"><span class='ocrx_word' id='word_1_231' title='bbox 113 4072 148 4135; x_wconf 74' lang='grc'><strong><em>(1)</em></strong></span> <span class='ocrx_word' id='word_1_232' title='bbox 165 4071 194 4120; x_wconf 92' lang='lat' dir='ltr'><strong><em>ld</em></strong></span> <span class='ocrx_word' id='word_1_233' title='bbox 209 4072 248 4121; x_wconf 87' lang='lat' dir='ltr'><strong><em>ast</em></strong></span> <span class='ocrx_word' id='word_1_234' title='bbox 259 4071 403 4124; x_wconf 89' lang='lat' dir='ltr'><strong><em>subsidium</em></strong></span> <span class='ocrx_word' id='word_1_235' title='bbox 416 4073 526 4124; x_wconf 88' lang='lat' dir='ltr'><strong><em>dictum.</em></strong></span> 
     </span>
     <span class='ocr_line' id='line_1_33' title="bbox 113 4151 1200 4220; baseline 0.008 -16"><span class='ocrx_word' id='word_1_236' title='bbox 113 4157 145 4217; x_wconf 76' lang='lat' dir='ltr'><strong><em>(a)</em></strong></span> <span class='ocrx_word' id='word_1_237' title='bbox 161 4155 201 4205; x_wconf 84' lang='lat' dir='ltr'><strong><em>Ex</em></strong></span> <span class='ocrx_word' id='word_1_238' title='bbox 212 4153 361 4205; x_wconf 79' lang='lat' dir='ltr'><strong><em>&#39;tridentino</em></strong></span> <span class='ocrx_word' id='word_1_239' title='bbox 375 4153 475 4205; x_wconf 85' lang='lat' dir='ltr'><strong><em>scillcet</em></strong></span> <span class='ocrx_word' id='word_1_240' title='bbox 488 4154 601 4204; x_wconf 86' lang='lat' dir='ltr'><strong><em>liberum</em></strong></span> <span class='ocrx_word' id='word_1_241' title='bbox 615 4157 654 4204; x_wconf 89' lang='lat' dir='ltr'><strong><em>est</em></strong></span> <span class='ocrx_word' id='word_1_242' title='bbox 665 4151 774 4206; x_wconf 74' lang='lat' dir='ltr'><strong><em>imitatis</em></strong></span> <span class='ocrx_word' id='word_1_243' title='bbox 786 4153 901 4206; x_wconf 86' lang='lat' dir='ltr'><strong><em>tribuere</em></strong></span> <span class='ocrx_word' id='word_1_244' title='bbox 912 4155 1041 4220; x_wconf 83' lang='lat' dir='ltr'><strong><em>Episcopo</em></strong></span> <span class='ocrx_word' id='word_1_245' title='bbox 1051 4157 1093 4208; x_wconf 82' lang='lat' dir='ltr'><strong><em>rel</em></strong></span> <span class='ocrx_word' id='word_1_246' title='bbox 1103 4159 1200 4212; x_wconf 84' lang='lat' dir='ltr'><strong><em>victua-</em></strong></span> 
     </span>
     <span class='ocr_line' id='line_1_34' title="bbox 82 4235 673 4301; baseline 0 -15"><span class='ocrx_word' id='word_1_247' title='bbox 82 4236 127 4301; x_wconf 85' lang='lat' dir='ltr'><strong><em>lis,</em></strong></span> <span class='ocrx_word' id='word_1_248' title='bbox 139 4237 181 4288; x_wconf 81' lang='lat' dir='ltr'><strong><em>vel</em></strong></span> <span class='ocrx_word' id='word_1_249' title='bbox 194 4235 392 4301; x_wconf 81' lang='lat' dir='ltr'><strong><em>mquivslentam</em></strong></span> <span class='ocrx_word' id='word_1_250' title='bbox 404 4235 521 4300; x_wconf 81' lang='lat' dir='ltr'><strong><em>pecunia</em></strong></span> <span class='ocrx_word' id='word_1_251' title='bbox 534 4247 673 4287; x_wconf 88' lang='lat' dir='ltr'><strong><em>summam.</em></strong></span> 
     </span>
    </p>
   </div>
   <div class='ocr_carea' id='block_1_4' title="bbox 0 0 1543 4948">
    <p class='ocr_par' dir='ltr' id='par_1_5' title="bbox 0 0 1543 4948">
     <span class='ocr_line' id='line_1_35' title="bbox 0 0 1543 4948; baseline 0 0"><span class='ocrx_word' id='word_1_252' title='bbox 0 0 1543 4948; x_wconf 95' lang='lat' dir='ltr'><strong><em> </em></strong></span> 
     </span>
    </p>
   </div>
  </div>
 </body>
</html>
