3072 4948
525 473 608 522 runis
630 467 786 524 sanemur:
1151 460 1211 524 tot

100 617 308 682 «seretur...
338 611 515 704 Nunquam
540 613 630 682 enim
659 613 927 684 immemorabilis
952 615 1086 706 allegari
1113 625 1216 708 potest

99 749 117 786 n
141 722 249 814 quoad
264 745 303 790 ea
317 743 391 813 quse
406 721 642 813 superveniunt
657 720 698 790 de
713 743 840 792 novo...
859 748 876 788 a

145 833 252 900 «Aut
277 853 355 900 vero
384 829 553 899 desumere
581 830 734 898 volumus
758 830 1050 900 immemorabilem
1076 857 1097 900 α
1119 847 1217 925 porte
1300 835 1306 852 '

99 966 117 1004 a
133 951 265 1030 posteo,
284 939 403 1007 scilicet
418 945 491 1029 post
505 935 610 1029 ipsius
622 937 760 1006 Consilii
776 938 942 1008 decretum
951 966 960 1027 ς
983 949 1015 1007 et
1033 941 1154 1032 pariter
1170 952 1218 1010 est

98 1071 117 1109 n
140 1045 361 1136 impossibiler
385 1046 463 1137 quia
479 1044 554 1114 dato
571 1045 678 1130 initio,
697 1067 764 1113 non
777 1046 919 1136 amplius
934 1046 1031 1115 datur
1044 1048 1218 1118 immemo-

100 1179 118 1216 ι(
141 1153 265 1238 rabilis,
291 1153 346 1220 sed
372 1152 478 1221 solum
503 1152 698 1220 centenaria.
724 1152 789 1220 [sta
809 1161 917 1222 autem
939 1176 998 1222 neo
1019 1156 1122 1244 magis
1136 1157 1218 1225 alle-

99 1288 118 1326 «
140 1263 215 1351 gari
234 1262 340 1341 ralet3
367 1263 445 1352 quia
461 1261 627 1330 decretum
643 1261 778 1329 irritans
797 1284 863 1353 quo
881 1264 1030 1333 munitur
1044 1264 1217 1334 concilium

97 1397 116 1434 a
140 1370 382 1456 Tridentinunr,
406 1379 438 1438 et
461 1371 659 1440 Constitutio
680 1371 716 1438 S.
734 1371 780 1437 M.
796 1370 847 1440 Pii
871 1373 991 1463 quarti,
1013 1373 1094 1442 adeo
1111 1373 1218 1442 irritat

99 1504 117 1540 a
140 1499 271 1546 omnem
297 1479 497 1546 contrarium
517 1485 639 1564 actum,
666 1489 789 1546 utnon
810 1480 976 1568 permittat
991 1479 1058 1547 ullo
1072 1489 1216 1572 tempore

99 1611 117 1650 a
140 1586 284 1676 aliquam
299 1586 446 1655 inchoari
460 1607 554 1677 posse
570 1584 838 1654 consuetudinem
855 1587 907 1654 vel
922 1589 1213 1678 praescriptionem,

99 1719 117 1759 a
140 1694 238 1764 etiam
259 1697 496 1774 centenariam3
524 1707 622 1786 prout
642 1696 861 1763 communiter
879 1695 1045 1764 affirmant
1058 1698 1099 1765 de
1114 1698 1214 1788 Luca,

99 1829 116 1868 (ι
140 1803 377 1892 Pigeatelli...,
394 1805 518 1872 Rota...
538 1830 555 1870 o

141 1911 308 1992 Quantum
331 1913 414 1980 inter
438 1913 622 1980 canonistas
644 1913 785 1980 emineat
806 1913 981 1982 cardinalis
997 1914 1037 1982 de
1052 1915 1141 1983 Luca
1156 1939 1215 1985 no-

96 2029 168 2088 tum
183 2031 232 2088 est
248 2021 411 2092 omnibus.
429 2022 533 2089 Porro
548 2029 660 2110 auctor
677 2019 732 2088 ille
746 2021 928 2090 nullitatem
942 2023 1215 2092 consuetudinum

93 2137 209 2196 contra
234 2129 425 2197 Tridentina
449 2130 577 2196 decreta
599 2128 801 2196 invectarum
826 2130 871 2198 sic
892 2130 1014 2222 absque
1035 2131 1100 2199 ulla
1117 2132 1216 2200 haesi-

93 2236 216 2304 tatione
230 2237 419 2327 pronuntiat
436 2263 442 2304 :
465 2263 482 2301 «
496 2236 547 2304 Ob
562 2236 728 2304 decretum
743 2237 875 2305 irritans
888 2247 920 2305 et
933 2238 1113 2306 clausulam
1128 2241 1216 2308 Sub-

98 2371 115 2409 «
140 2346 224 2427 lata,
246 2369 321 2437 quae
345 2347 551 2414 continentur
570 2345 604 2411 in
624 2344 861 2413 Constitutione
875 2343 925 2411 Pii
941 2345 1000 2432 IV,
1018 2345 1106 2412 edita
1120 2369 1218 2438 super
1263 2427 1266 2435 Ι

98 2479 115 2516 u
140 2452 388 2522 confirmatione
402 2462 434 2521 et
448 2452 665 2544 publicatione
680 2451 828 2539 Consilii,
841 2452 959 2520 inlecta
972 2463 1116 2521 remanet
1128 2477 1216 2546 quae-

99 2587 116 2626 a
139 2583 280 2652 cumque
301 2561 465 2630 contraria
484 2559 684 2650 possessio...
710 2559 790 2626 Dari
812 2581 878 2627 non
897 2567 1002 2651 potest
1015 2563 1215 2652 praescriptio

98 2695 115 2732 n
140 2670 193 2737 vel
213 2669 425 2756 consuetudo,
446 2690 520 2759 quae
537 2668 583 2734 ita
596 2667 772 2759 impeditur
787 2689 828 2734 ne
842 2663 977 2735 oriatur.
996 2693 1012 2732 n
1035 2669 1094 2758 (De
1102 2669 1215 2760 juris-

93 2777 247 2860 dictione,
269 2777 435 2846 discursus
455 2781 508 2864 95,
531 2799 564 2842 n.
584 2779 600 2840 7
625 2784 656 2843 et
672 2775 717 2865 8.)
745 2775 829 2844 Citat
849 2775 966 2844 deinde
986 2777 1021 2843 iu
1036 2776 1215 2846 confirma-

94 2887 217 2954 tionem
231 2888 342 2978 plures
357 2888 449 2955 llotae
463 2907 608 2954 romanae
624 2883 813 2952 decisiones.

138 2994 204 3080 Pro
223 2992 513 3063 eademsententia
534 3000 619 3060 stant
641 2991 812 3060 clarissimi
832 2995 1008 3063 canonistae
1024 2998 1212 3089 Fagnanus,

92 3103 211 3170 llevoti
229 3111 260 3170 et
278 3101 451 3172 cardinalis
470 3101 579 3186 Petra,
604 3121 729 3169 necnon
745 3100 856 3190 plures
870 3102 928 3168 alii
943 3125 1118 3194 equorum
1132 3107 1214 3175 eita-

93 3211 181 3278 tione
195 3209 363 3279 brevitatis
376 3231 473 3278 causa
485 3207 697 3276 abstinemus.

138 3319 309 3409 Tanquam
341 3320 451 3407 magni
478 3317 631 3407 ponderis
659 3318 756 3384 etiam
784 3317 899 3387 baberi
930 3328 1035 3410 potest
1062 3331 1213 3390 constans

93 3429 252 3496 sententia
285 3427 533 3495 secretariorum
568 3425 838 3515 Congregatiouis
867 3428 1016 3498 Consilii.
1052 3431 1157 3500 Porro
1185 3432 1212 3498 si

93 3539 167 3629 quis
190 3538 283 3606 adeat
305 3539 395 3610 varia
416 3537 486 3604 loca
506 3535 703 3609 collectionis
724 3535 925 3606 decisionum
948 3538 1046 3629 hujus
1065 3541 1211 3628 Congre-

91 3647 249 3735 gationis,
279 3647 420 3715 indicata
447 3645 482 3714 in
507 3645 616 3712 indice
641 3644 798 3735 cujusque
825 3645 1004 3714 voluminis
1031 3647 1072 3716 ad
1097 3671 1210 3716 vocem

94 3754 314 3835 Consuetudo,
333 3757 471 3845 reperiet
484 3753 579 3844 plura
592 3777 611 3819 a
627 3753 806 3821 secretariis
822 3753 987 3845 proposita
1002 3763 1090 3841 vota,
1108 3757 1211 3824 nulli-

92 3871 190 3932 tatem
220 3863 449 3955 praedictarum
479 3860 753 3930 consuetudinum
785 3868 939 3952 tanquam
971 3871 1092 3932 certam
1119 3863 1210 3932 affir-

93 3973 226 4042 mantia.
244 3971 355 4040 Unum
371 3979 427 4037 ant
440 3969 578 4038 alterum
593 3977 720 4036 tantum
737 3967 920 4038 citabimus.

141 4079 272 4149 «Nulla
292 4101 370 4148 vero
393 4086 465 4169 post
488 4077 717 4145 Tridentinum
741 4076 853 4144 invehi
871 4079 1072 4148 consuetudo
1090 4082 1207 4170 potuit,

99 4219 115 4258 n
138 4213 213 4264 eum
229 4199 349 4259 sanetae
365 4189 530 4257 memoriae
545 4189 628 4256 Pius
642 4187 688 4256 IV
704 4187 871 4255 notissima
886 4211 945 4256 sua
958 4189 1209 4282 Constitutione,

1013 4301 1052 4360 26
