3050 4946
544 491 627 536 suuis
649 493 800 538 canonici.
1167 475 1228 543 157

102 647 198 716 pour
214 627 333 694 recessir
353 628 436 696 dans
457 629 486 697 le
508 629 629 698 dessein
657 633 739 722 qn'il
755 635 848 701 avait
870 634 909 702 de
929 636 1069 726 cbanper
1092 637 1231 705 1111111-

109 749 204 804 ment
227 737 260 804 la
288 736 465 828 discipline,
497 739 524 808 il
554 740 593 830 (le
609 739 776 830 lauasaire)
804 742 875 833 prit
900 767 945 812 un
972 743 1098 826 de'tour,
1126 770 1160 814 cc
1178 751 1232 838 sut

109 844 276 914 ddtcndre
290 837 310 914 d
324 847 445 938 l'infini
460 850 504 916 les
522 850 737 941 appellatione
753 875 797 919 cu
814 856 913 942 Papo.
931 853 1110 945 Episcopus
1123 865 1232 925 autem

111 954 154 1022 de
180 955 355 1024 Hontheim
383 958 445 1025 sub
468 958 599 1026 nomine
627 959 783 1028 Febronii
810 989 817 1027 :
850 962 1007 1044 Qrcamns
1038 976 1148 1032 antem
1177 989 1233 1033 ro-

112 1085 222 1132 manee
239 1065 347 1134 Curia
360 1066 419 1133 sut
426 1065 584 1157 prasidio
598 1067 716 1135 Isidori
730 1081 762 1136 et
778 1069 935 1137 Gratiani
948 1073 1132 1139 successerit
1144 1074 1232 1162 jura

111 1195 173 1240 sua
195 1173 405 1263 primatialia
434 1187 464 1244 et
490 1175 733 1267 patriarchalia
763 1177 796 1244 in
822 1176 1003 1267 qnamdam
1032 1181 1233 1249 monarchia

112 1281 330 1351 ecclesiastica
343 1284 479 1374 speciem
490 1286 647 1374 proferre.
672 1285 760 1374 (Cap.
783 1288 814 1369 8,
832 1285 852 1375 ᾗ
870 1283 914 1373 3.)
934 1284 1063 1354 Similia
1076 1286 1230 1372 Quesnel,

112 1389 189 1457 Van
218 1390 337 1480 Espen,
368 1399 399 1458 et
426 1391 608 1459 istiusmodi
637 1391 793 1460 doetrinae
821 1392 974 1482 permulti
996 1392 1051 1460 1111
1075 1401 1233 1485 perpetuo

113 1498 290 1567 clamitant.
407 1545 409 1550 ,

159 1606 241 1688 Quae
267 1609 375 1676 omnia
397 1610 504 1678 statim
531 1617 628 1677 ruent
646 1611 674 1676 si
698 1609 853 1698 probetur
874 1609 970 1678 falsas
991 1609 1164 1680 decretales
1180 1612 1232 1678 ni-

114 1715 163 1783 bil
186 1716 371 1804 innovasse,
401 1739 504 1810 neque
532 1718 565 1784 in
587 1717 733 1786 doctrina
751 1717 836 1785 circa
854 1720 1078 1788 auctoritatem
1092 1720 1234 1789 Romani

114 1823 294 1911 Pontificis,
321 1847 426 1916 neque
448 1825 481 1891 111
506 1823 688 1916 disciplina.
712 1825 795 1893 lllud
812 1849 890 1895 vero
907 1827 1025 1919 triplici
1040 1839 1233 1918 argumento

82 1973 84 1976 ·
114 1933 332 2002 demonstrari
349 1944 463 2026 potest.

161 2041 378 2110 Aseousuruu
394 2041 545 2112 1.-111
561 2056 670 2111 tenore
683 2043 753 2135 ipso
769 2044 964 2112 collectionis
975 2045 1178 2116 lsidoriana.
1189 2085 1233 2099 -

118 2176 135 2210 e
160 2147 261 2216 Novae
286 2157 318 2216 et
343 2149 524 2218 immutatae
550 2149 730 2241 discipliuae
757 2150 966 2241 reprehensio
995 2175 1093 2244 quam
1124 2155 1234 2224 miuus

118 2283 135 2321 a
161 2279 256 2348 aequa
270 2257 323 2345 sit,
339 2258 476 2350 quisque
489 2258 580 2326 facile
594 2258 764 2348 intelliget,
783 2259 810 2325 si
829 2260 895 2328 duo
909 2261 1159 2343 animadvertat,
1177 2265 1233 2330 111-

119 2394 136 2429 «
161 2367 282 2434 mirum
307 2367 460 2459 pleraque
484 2368 839 2460 pseudo-epistolarum
865 2369 981 2438 Isidori
996 2381 1148 2462 excerpta
1165 2395 1233 2441 esse

120 2505 137 2540 a
161 2497 201 2542 ex
224 2476 393 2543 sententiis
416 2489 601 2544 sanctorum
623 2477 770 2563 Petrum,
788 2499 828 2544 ex
844 2477 978 2545 sinceris
996 2479 1234 2571 1111111111ιίοηί-

119 2609 136 2646 «
160 2582 222 2650 bus
244 2583 468 2652 Romanorum
488 2583 683 2653 Pontificum
708 2592 780 2675 post
803 2585 969 2671 Sirmium,
994 2609 1033 2654 ex
1055 2589 1234 2657 canonibus

120 2719 137 2755 α
161 2691 384 2778 conciliorum,
410 2715 447 2760 ec
467 2714 508 2759 ex
528 2691 669 2777 romanis
685 2691 835 2781 legibus;
859 2715 935 2784 quae
952 2701 1028 2762 sene
1049 2697 1126 2762 uovi
1149 2696 1234 2787 juris
1288 2685 1293 2702 ⁸

119 2828 136 2866 a
161 2821 321 2892 noveque
346 2800 527 2892 discipliuae
555 2823 620 2869 nou
647 2808 723 2869 sunt
741 2829 748 2868 ι
766 2809 882 2870 caetera
903 2823 980 2870 vero
994 2825 1066 2870 eam
1089 2803 1234 2895 discipli·

120 2935 138 2973 c
161 2929 236 2975 nam
264 2908 456 3000 plerumque
478 2908 644 2996 exhibere,
667 2931 742 3000 qum
762 2910 814 2978 vel
836 2909 962 3001 jamdiu
978 2911 1166 3001 inoleverat,
1183 2911 1235 2982 vel

121 3045 138 3081 a
159 3017 226 3107 jem
251 3026 325 3084 unte
341 3017 506 3109 aliquanto
525 3017 636 3086 induci
659 3026 807 3111 ceperat.
825 3019 1131 3112 Inrposturaautem
1148 3021 1235 3090 ineo

121 3153 137 3188 a
162 3125 223 3192 site
242 3125 391 3217 estquod
412 3125 704 3195 Pseudo-isidorus
719 3149 773 3194 ees
795 3128 968 3195 sententias
987 3129 1027 3195 iis
1049 3130 1236 3198 auctoribus

121 3261 139 3298 «
162 3234 356 3325 imposuerit
380 3256 519 3326 quorum
544 3257 610 3302 nou
635 3243 723 3321 sunt,
745 3244 776 3303 et
798 3237 984 3327 posterioris
1005 3238 1070 3304 aevi
1092 3237 1237 3330 discipli-

122 3367 140 3406 «
163 3363 239 3410 nam
275 3340 514 3432 antiquioribus
537 3342 748 3409 Pontificibus
772 3341 923 3428 affixerit,
953 3343 1046 3434 quasi
1072 3345 1238 3434 prioribus

122 3476 140 3512 «
165 3448 314 3516 Ecclesia
337 3447 465 3516 saeculis
486 3471 579 3540 eeque
604 3449 771 3537 viguisset.
798 3474 814 3512 n
839 3448 1004 3539 (Balleriui
1034 3449 1161 3537 fratre‘a,
1190 3452 1237 3520 De

118 3557 220 3648 antiq.
239 3555 377 3642 collect,
392 3577 468 3646 pars
481 3557 538 3641 Ill,
555 3579 582 3624 c.
602 3559 634 3642 b,
652 3555 673 3647 ᾖ
690 3558 735 3646 3.)

163 3665 216 3732 Ab
237 3663 390 3732 omnihus
415 3663 479 3730 illis
503 3665 559 3755 qui
583 3664 723 3732 clamant
736 3685 793 3754 per
809 3664 905 3732 falsas
925 3663 1099 3734 decretales
1114 3689 1238 3736 novum

119 3779 321 3842 exstractam
352 3771 555 3863 pontificium
581 3773 645 3865 jue,
679 3796 797 3840 novam
828 3772 993 3842 inductam
1019 3773 1236 3866 disciplinam,

120 3882 181 3950 boc
210 3903 311 3948 unum
334 3880 535 3948 sciscitamur
551 3907 558 3947 :
576 3879 740 3971 quoduam
764 3889 811 3947 est
836 3889 993 3972 puuctum
1017 3881 1052 3948 in
1072 3903 1137 3973 quo
1157 3883 1239 3952 laeta

119 3997 167 4056 est
189 3987 246 4054 1111
269 3986 474 4054 immutatio?
492 3987 528 4054 si
554 3986 682 4054 nullum
711 3987 877 4076 assignare
899 3988 1032 4079 potestis
1059 3989 1147 4080 quod
1172 4014 1238 4060 non

120 4119 162 4165 ex
189 4094 386 4163 authenticis
417 4094 619 4164 documentis
652 4095 808 4187 probetur
840 4104 913 4164 ante
942 4095 1039 4164 falsas
1066 4095 1240 4166 decretales

121 4205 278 4294 viguisse,
311 4203 390 4295 quid
422 4204 632 4274 mutationem
669 4229 726 4298 per
754 4205 825 4274 illas
855 4204 1029 4274 decretales
1054 4207 1240 4276 somniatis?
