3042 4946
617 461 787 509 tolerares
812 463 848 510 [lli
872 463 1025 508 tutaremus

808 685 834 751 l.

378 847 439 906 Quas
453 844 599 910 jurisdictio
616 843 745 911 delegata,
761 847 788 896 et
804 843 936 910 quomodo
952 843 984 895 ab
1002 843 1132 898 ordinaria
1148 842 1256 896 duent

307 1030 336 1094 1.
356 1027 430 1096 Jam
456 1025 603 1094 diximus
621 1024 883 1117 jurisdictionem
903 1023 1085 1116 delegatam
1110 1047 1178 1094 esse
1192 1025 1282 1094 illam
1301 1047 1377 1118 quaa
1506 992 1507 1065 }

261 1136 409 1224 habetur,
426 1158 491 1204 uon
506 1136 539 1204 vi
555 1135 678 1228 proprii
693 1133 790 1203 officii
806 1133 862 1202 sed
878 1157 920 1202 ex
935 1135 1135 1204 beneficioct
1146 1135 1380 1205 commissione

258 1245 402 1312 alterius.
427 1243 546 1312 uiuat
556 1243 660 1335 judex
680 1242 848 1332 delegatus
861 1265 881 1312 a
893 1241 1018 1312 υἱσανίο
1031 1243 1066 1311 in
1080 1265 1118 1314 eo
1133 1243 1221 1335 quod
1236 1244 1380 1312 vicarius

260 1361 351 1442 gerat
377 1351 463 1420 vices
486 1350 653 1420 Ordinarii
672 1350 707 1418 in
725 1350 841 1419 eodem
861 1351 932 1419 loco
946 1373 984 1418 ac
999 1350 1154 1421 tribunali
1168 1353 1203 1420 in
1218 1374 1284 1444 quo
1297 1375 1380 1420 con-

259 1461 368 1528 suevit
389 1457 585 1528 Ordinarius
601 1459 731 1540 sedere;
748 1481 840 1527 secus
858 1467 969 1529 autem
989 1461 1150 1550 contingit
1163 1461 1197 1528 in
1214 1460 1376 1551 delegato,
1503 1464 1505 1495 l

260 1567 317 1658 qui
342 1568 383 1635 ab
409 1567 585 1637 Ordinario
601 1566 775 1658 deputatur
793 1567 833 1635 ad
853 1568 1092 1658 cognoscendas
1113 1591 1226 1638 causas
1252 1570 1287 1637 in
1312 1570 1380 1638 alio

259 1675 342 1761 loco,
370 1675 462 1742 verbi
485 1674 601 1765 gratia,
620 1675 654 1742 in
669 1675 779 1767 aliquo
792 1684 919 1763 castro;
937 1676 1024 1746 unde
1048 1678 1154 1744 statim
1183 1677 1380 1768 intelligitur

261 1806 353 1874 posse
373 1783 564 1874 appellaris
581 1783 728 1872 delegato
746 1782 786 1852 ad
804 1783 1030 1870 Ordinarium,
1050 1787 1128 1876 quia
1145 1795 1194 1853 est
1207 1786 1377 1855 diversum

261 1891 430 1982 utriusque
449 1889 673 1976 auditorium;
696 1913 762 1960 non
786 1901 932 1960 autema
953 1893 1075 1963 vicario
1093 1893 1133 1960 ad
1149 1892 1377 1980 Ordiuarium,

260 1999 336 2090 quia
362 1997 504 2066 vicarius
523 2021 628 2067 unum
654 2006 686 2068 et
705 1997 793 2067 idem
817 1999 913 2068 habet
933 2000 1134 2070 auditorium
1157 2024 1213 2070 seu
1235 2003 1377 2072 tribunal

260 2133 336 2176 cnm
364 2131 424 2177 suo
445 2107 631 2196 Ordinatio,
652 2107 740 2177 unde
761 2117 844 2178 esset
857 2109 1021 2201 appellare
1039 2111 1209 2180 abeodem
1225 2110 1266 2182 ad
1282 2135 1378 2182 eum-

260 2217 348 2286 dem.

304 2329 335 2392 2.
368 2325 534 2415 Delegatio
560 2323 776 2415 distinguitur
802 2325 835 2392 in
860 2325 1090 2413 rrniocrsolem,
1119 2325 1251 2417 quando
1280 2327 1380 2396 alicui

260 2437 476 2505 committitur
498 2437 727 2506 universalitas
740 2459 927 2525 causarum,
943 2437 996 2506 val
1017 2439 1133 2506 saltem
1149 2439 1379 2508 universalitas

258 2544 395 2636 alicujus
409 2545 540 2636 generis
560 2567 746 2632 causarum,
765 2545 855 2614 verbi
872 2546 990 2635 gratia,
1007 2545 1324 2633 matrimonialium
1347 2557 1381 2616 et
1504 2599 1505 2602 ,

260 2653 292 2719 in
315 2653 566 2744 particularem,
596 2651 727 2744 wando
750 2651 847 2721 alicui
872 2653 1089 2722 committitur
1114 2676 1182 2722 una
1204 2662 1261 2721 aut
1276 2655 1380 2724 altera

261 2768 388 2830 tantum
416 2783 511 2830 causa
537 2761 740 2854 particularis
768 2771 799 2830 et
826 2760 1051 2830 determinata.
1081 2762 1241 2830 Accnrate
1266 2770 1380 2831 autem

242 2869 493 2938 attendendum
509 2879 557 2938 est
581 2869 622 2936 ad
647 2870 742 2937 istam
764 2869 1020 2956 distinctionem,
1037 2870 1079 2938 oh
1096 2869 1226 2938 diversa
1245 2893 1320 2962 quae
1335 2894 1382 2940 ex

260 2984 398 3068 utraque
426 2978 638 3070 delegationis
665 2978 772 3070 specie
799 2979 833 3046 in
861 2980 935 3070 jure
962 2979 1160 3048 consectaria
1192 2980 1378 3048 dimanant.

260 3086 343 3153 Nam
370 3084 534 3176 delegatus
558 3087 600 3153 ad
619 3087 868 3154 universitatem
888 3109 1059 3154 causarum
1085 3093 1254 3179 renuatur
1269 3088 1382 3178 quosi-

260 3192 445 3261 ordiaorius
477 3221 487 3259 .·
520 3216 585 3262 non
607 3194 686 3262 item
712 3194 879 3284 delegatas
903 3194 943 3262 ad
969 3217 1102 3264 causam
1132 3195 1378 3288 particularem.

260 3307 383 3375 Deinde
404 3307 571 3397 delegatus
586 3305 625 3374 ad
645 3304 920 3372 universalitatem
939 3325 1112 3372 causarum
1131 3311 1237 3395 potest
1253 3303 1382 3372 subde-

258 3415 379 3504 legare,
408 3438 471 3484 non
498 3414 632 3507 quidem
654 3421 754 3481 totam
779 3434 873 3480 suam
892 3411 1169 3503 jurisdictionem,
1197 3410 1252 3480 sed
1274 3434 1378 3480 unam

260 3521 311 3588 vel
333 3521 469 3590 alteram
495 3543 625 3589 causam
644 3548 651 3588 :
670 3519 836 3609 delegatus
855 3527 967 3587 autem
989 3518 1029 3587 ad
1050 3541 1181 3586 causam
1202 3518 1380 3610 particula-

260 3652 344 3718 rem,
378 3629 441 3696 nisi
470 3629 512 3696 sit
540 3629 707 3718 delegatus
733 3651 753 3696 a
779 3648 934 3717 supremo
962 3625 1126 3716 Principe,
1165 3625 1380 3716 subdelegarc

258 3738 383 3830 nequit.
399 3737 508 3804 Tertio
523 3735 689 3826 delegatus
703 3734 746 3802 ad
766 3734 1047 3802 universalitatem
1068 3755 1242 3802 causarum
1259 3734 1378 3803 dicitur

260 3844 293 3912 in
308 3844 419 3912 stricto
435 3865 533 3912 sensu
549 3843 667 3912 habere
682 3841 880 3911 mandatam
899 3840 1174 3933 jurisdictionem.
1194 3841 1286 3912 Alter
1301 3865 1377 3910 vero

261 3951 445 4043 delegatam
460 3959 599 4020 tantum.

226 4085 231 4091 ·
307 4063 337 4126 3.
356 4060 424 4129 Alii
450 4069 526 4128 sunt
542 4058 678 4150 delegati
691 4059 733 4128 ab
754 4059 894 4140 domine,
914 4059 969 4126 alii
983 4081 1005 4126 o
1024 4059 1117 4149 jure.
1133 4057 1257 4128 Mirum
1273 4057 1376 4126 videri

259 4177 363 4264 potest
387 4168 531 4264 aliquam
549 4169 810 4260 jurisdictionem
834 4168 906 4236 dari
924 4191 943 4235 a
958 4167 1031 4257 jure
1055 4186 1112 4236 seu
1132 4189 1153 4233 a
1175 4165 1304 4257 legibus
1323 4189 1377 4235 ec·
