3064 4952
513 476 596 524 runis
618 477 768 526 cruorum
1138 461 1198 527 165

125 619 165 686 Π.
194 619 241 686 De
268 617 566 709 Congregationum
584 618 809 687 Romanarum
835 618 1016 708 legislativs
1045 627 1199 711 potestate

83 727 174 794 nulla
195 737 318 797 estnec
337 749 406 797 esse
421 736 526 821 potest
552 726 735 796 difficultas.
760 727 833 796 Non
856 729 946 796 enim
970 751 1064 798 suam
1086 737 1118 798 et
1138 729 1201 800 sibi

80 837 264 929 propriam,
281 837 337 906 scd
350 859 370 904 a
384 859 514 907 summo
529 835 685 908 Pontifioe
702 834 882 926 delegatam
901 843 1090 928 potestatem
1104 858 1200 906 exer-

79 953 166 1014 cent.
196 945 349 1036 Dumque
369 947 537 1015 Romanus
562 944 713 1014 Pontifex
737 943 802 1013 alia
822 943 1007 1014 immediate
1022 965 1080 1037 per
1095 967 1130 1014 se
1143 944 1200 1015 de-

80 1053 207 1140 cernit,
228 1052 379 1146 qrraedanr
398 1054 503 1124 voluit
517 1053 676 1141 mediato,
701 1073 760 1144 per
786 1073 893 1120 sacras
906 1074 1023 1145 nempe
1042 1053 1199 1123 Cardine·

79 1161 165 1230 lium
189 1161 466 1252 congregationes
490 1159 625 1230 edicere.
651 1158 741 1228 Idem
765 1181 893 1251 semper
904 1158 989 1248 fons,
1004 1167 1037 1228 et
1051 1159 1200 1232 diversus

79 1277 211 1339 tantum
235 1291 338 1362 aquas
359 1293 417 1362 per
436 1267 654 1340 universalem
668 1267 844 1336 Ecclesiam
857 1266 1054 1337 immittendi
1069 1267 1196 1338 modus.

126 1377 184 1445 111.
209 1376 305 1459 Quod
327 1377 450 1469 pariter
472 1375 513 1445 do
534 1373 768 1446 consuetudine
795 1396 911 1444 verum
930 1375 1084 1467 reperiet,
1109 1378 1199 1469 quis-

80 1488 157 1580 quis
183 1487 359 1558 adverterit
380 1487 631 1558 consuetudines
651 1487 835 1580 contraius
857 1511 1046 1578 commune,
1071 1490 1106 1560 in
1132 1493 1200 1562 vim

79 1597 164 1687 legis
195 1619 263 1666 non
289 1597 445 1685 transire,
474 1597 539 1666 nisi
567 1619 609 1666 ex
637 1597 672 1668 vi
700 1597 930 1667 consentientis
963 1599 1077 1669 saltem
1107 1601 1201 1671 tacite

80 1706 264 1799 principis,
285 1706 371 1775 utin
392 1706 538 1776 confesso
552 1716 601 1774 est
613 1705 701 1797 apud
716 1727 841 1774 omnes.
863 1705 1122 1777 Consuetudines
1136 1731 1200 1778 au-

81 1823 147 1882 tem
171 1826 295 1905 prater
310 1815 385 1907 jus,
404 1837 610 1906 quocumque
631 1812 880 1882 introducantur
909 1813 1025 1903 modo,
1049 1839 1116 1885 non
1138 1818 1202 1888 alia

81 1927 123 1994 de
146 1947 246 1993 causa
270 1921 498 1992 universaliter
520 1921 720 2012 obligatorias
735 1919 892 2009 evadunt,
915 1921 978 1990 nisi
993 1921 1071 2015 quia
1084 1925 1201 1995 merito

81 2031 295 2126 presumitur
316 2040 349 2100 et
369 2028 574 2100 concluditur
604 2049 788 2120 supremam
813 2027 965 2098 Ecclesiae
987 2029 1200 2119 legislativum

81 2147 295 2234 potestatem,
328 2140 401 2208 licet
426 2159 578 2230 expresse
606 2158 673 2206 non
701 2135 873 2228 loquatur,
902 2136 985 2206 velle
1009 2144 1138 2229 tamen,
1166 2147 1202 2208 ut

81 2257 255 2320 serventur
278 2269 319 2318 ex
344 2244 540 2337 obligatione
556 2243 745 2335 hujusmodi
759 2241 1021 2332 consuetudines,
1038 2267 1105 2316 non
1119 2247 1201 2336 legis

81 2357 229 2449 alioquin
249 2356 306 2424 sed
329 2353 539 2424 consiliorum
563 2359 690 2421 tantum
713 2351 873 2421 rationem
901 2349 1079 2422 habituras.
1106 2353 1201 2424 Unde

81 2475 111 2536 at
140 2467 196 2536 hic
224 2468 322 2536 etiam
351 2465 468 2536 unicus
486 2463 572 2556 juris
592 2461 684 2548 lons,
702 2461 780 2565 licet!
796 2461 946 2532 diversus
968 2461 1003 2530 in
1023 2459 1200 2534 diffluendo

82 2599 187 2646 nvus.

124 2685 211 2756 Cum
239 2705 318 2773 crgo
340 2681 423 2752 varii
450 2681 507 2773 qui
521 2678 680 2748 recenseri
693 2678 810 2765 solent,
823 2676 907 2768 juris
923 2677 1069 2747 canonici
1083 2679 1199 2770 fontes,

81 2792 132 2862 vel
160 2792 203 2860 ad
229 2791 285 2882 jus
310 2789 506 2860 canonicum
536 2786 643 2855 stricte
671 2792 839 2876 sumptum
853 2806 919 2853 non
933 2785 1127 2878 pertineant,
1149 2787 1202 2856 vel

82 2903 121 2970 ab
145 2922 215 2970 uno
243 2897 421 2991 eodemque
448 2894 628 2986 originario
658 2893 751 2962 latice
779 2899 985 2980 enascantur,
1007 2915 1073 2961 non
1088 2894 1201 2988 utique

82 3009 280 3102 multiplex,
319 3005 375 3076 sed
408 3006 524 3074 unicus
554 3004 663 3072 stricte
697 3001 802 3071 dictus
823 3001 909 3094 juris
939 3002 1023 3072 sacri
1052 3003 1126 3072 fons
1154 3013 1202 3074 est

82 3116 321 3210 agnoscendus.

125 3225 223 3311 Quod
247 3233 278 3292 et
300 3223 394 3316 plane
415 3223 548 3312 insuper
572 3221 743 3290 confirmat
762 3219 946 3289 orthodoxa
959 3219 1001 3288 de
1015 3220 1119 3313 ipsius
1133 3223 1203 3292 Ro-

83 3336 171 3404 mani
193 3332 361 3402 pontilicis
385 3331 529 3423 primatu
553 3329 690 3398 tenende
715 3328 872 3398 doctrina.
902 3329 974 3420 lpse
988 3329 1077 3398 enim
1093 3331 1202 3400 inEc-

83 3443 178 3512 elesia
203 3451 358 3533 tanquam
380 3460 479 3508 verus
503 3447 535 3506 et
558 3439 688 3529 proprie
709 3435 814 3505 dictus
836 3436 1012 3506 monarcha
1038 3445 1087 3507 cst
1107 3438 1202 3508 insti-

84 3559 171 3620 tutus
186 3577 197 3637 3
214 3557 248 3618 at
259 3549 296 3618 in
312 3570 433 3638 regno,
448 3548 615 3617 univeros
637 3547 813 3616 monarcha
836 3555 968 3640 praeest,
985 3569 1046 3640 pro
1060 3549 1157 3619 unico
1172 3561 1203 3619 et

85 3656 263 3748 originario
284 3657 394 3748 legum
417 3654 631 3748 positivarum
658 3654 746 3724 fonte
765 3652 966 3724 admittenda
980 3663 1029 3724 est
1044 3657 1115 3748 ipsa
1130 3681 1203 3728 mo·
1240 3717 1245 3733 „

85 3773 235 3842 aaronica
250 3777 400 3862 potestas.
419 3766 533 3836 Totius
547 3765 699 3836 Ecclesiae
718 3771 828 3857 pastor
842 3764 1012 3833 Romanus
1026 3763 1177 3834 Pontifex
1192 3793 1201 3852 ;

85 3880 126 3948 ad
147 3881 257 3972 ipsunt
276 3897 356 3967 ergo
372 3875 478 3945 solum
503 3874 666 3966 pertinere
681 3879 786 3965 potest
800 3870 1043 3939 universalibus
1062 3870 1204 3962 dirigere

86 3997 117 4055 ct
141 3989 246 4077 ligare
267 3984 395 4076 legibus
417 4005 522 4074 agnos
542 3991 572 4052 et
595 4003 684 4051 oves.
705 3981 753 4049 Da
775 3979 841 4050 lide
856 3987 915 4067 est,
934 3979 1070 4071 plenam
1086 3981 1120 4048 in
1136 3981 1204 4050 Ro-

89 4117 182 4162 mano
206 4091 364 4162 Pontifioc
392 4089 535 4160 residere
558 4087 776 4160 universalem
799 4086 976 4156 Ecclesiam
998 4087 1207 4178 gubernandi

89 4209 295 4292 potestatem:
328 4198 419 4270 nulla
443 4221 521 4290 ergo
550 4198 613 4268 alia
642 4196 739 4270 simul
769 4204 897 4266 exstare
928 4204 1032 4290 potest
1060 4197 1207 4270 eumdem
