3050 4946
254 447 315 512 tot
606 465 780 514 interires
804 467 841 514 os
864 467 1016 514 rarucrrns

247 609 383 697 priuata
398 608 655 697 concrepatione,
672 608 841 674 citationes
861 631 900 674 cc
914 607 1064 676 Amclmo
1071 618 1209 698 propter
1223 607 1368 674 auctori-

253 727 356 782 tatem
377 713 467 782 illius
489 714 684 805 exemplaria
701 715 762 782 boc
786 714 882 782 modo
904 735 968 782 csse
989 713 1212 782 describendus
1229 741 1240 780 :
1256 714 1369 782 Amel-

252 843 325 889 mus
340 822 376 890 in
389 822 587 890 authenticis
602 844 778 890 canonum.

296 935 508 1004 Habebuntur
540 936 689 1026 primum
727 937 994 1026 congregationes
1033 935 1167 1026 privatae
1198 936 1369 1004 doctorum

253 1041 373 1132 quibus
397 1042 530 1133 praeluit
552 1042 644 1110 initio
660 1042 833 1111 cardinalis
854 1043 1013 1128 Alciatus,
1031 1051 1062 1110 et
1085 1049 1194 1134 postea
1215 1043 1285 1133 ipsa
1300 1043 1369 1109 dis-

252 1151 395 1238 cedente,
412 1151 591 1220 cardinalis
614 1151 756 1230 Caralim
781 1159 878 1243 atque
901 1151 946 1219 ibi
967 1151 1220 1220 decernebantur
1242 1172 1369 1219 correc-

253 1259 358 1327 tiones
371 1255 541 1328 laciendae.

298 1367 385 1434 Tum
412 1366 447 1434 in
476 1368 726 1456 congregatione
761 1367 905 1454 generali
941 1367 1156 1436 cardinalium
1185 1364 1370 1434 difficiliora

251 1475 494 1544 decidebantur.
512 1477 597 1544 Cum
621 1481 732 1544 autem
754 1475 859 1544 multa
881 1475 1008 1544 decreta
1033 1497 1074 1544 ax
1093 1476 1195 1543 sacris
1215 1475 1371 1542 Consiliis

252 1593 283 1652 ct
298 1583 449 1651 Patribus
468 1583 607 1672 allegata
628 1604 693 1650 non
720 1584 948 1651 invenirentur
963 1585 998 1650 in
1020 1583 1164 1653 fontibus
1179 1605 1198 1649 a
1214 1581 1370 1650 Gratiano

252 1692 413 1778 indicatis,
443 1691 586 1760 decrevit
615 1694 822 1782 congregatio
852 1693 1066 1762 consulendas
1092 1715 1160 1760 esse
1187 1691 1372 1760 academias

252 1800 405 1891 virosque
427 1799 549 1867 doctos.
579 1799 662 1866 Hinc
685 1799 725 1867 ad
755 1800 875 1867 multos
897 1799 1027 1868 directae
1048 1809 1079 1867 et
1097 1798 1239 1867 vicissim
1264 1799 1306 1866 ab
1323 1798 1371 1866 eis

251 1915 389 1996 receptas
417 1906 575 1996 epistolae.
603 1906 691 1973 Inter
715 1929 795 1996 qrras
820 1904 931 1996 plures
955 1915 1083 1974 exstant
1107 1905 1288 1974 eruditione
1316 1907 1370 1971 in·

251 2019 361 2106 signes
374 2015 536 2084 Francisci
558 2011 747 2080 Richardoti
763 2011 986 2080 Atrebatensis
1008 2012 1168 2102 Episcopi,
1187 2023 1219 2078 et
1233 2013 1372 2100 Amyoti

250 2124 404 2216 Episcopi
421 2121 723 2191 Autissiodorensis.
743 2120 910 2211 Scriptum
927 2130 975 2187 est
989 2122 1085 2188 etiam
1102 2121 1142 2188 od
1156 2119 1371 2210 Christopbo-

250 2253 328 2300 rum
352 2233 391 2300 de
412 2232 519 2318 Thou,
543 2233 650 2322 primo
673 2231 804 2322 presidi
830 2231 1025 2321 parlamenti
1051 2231 1252 2316 Parisiensis,
1271 2239 1302 2297 ct
1324 2231 1371 2294 si-

253 2341 374 2409 militer
402 2341 509 2432 primo
540 2339 674 2431 praesidi
699 2341 870 2408 Tolosano.
900 2340 951 2408 Ex
978 2339 1098 2430 quibus
1126 2349 1209 2429 patet
1239 2339 1372 2430 quantis

250 2449 338 2515 curis
354 2457 538 2538 quantoque
561 2448 670 2516 labore
693 2447 764 2514 baec
788 2447 938 2514 Romano
959 2447 1104 2515 Gratiani
1125 2448 1279 2514 correctio
1294 2468 1371 2537 per-

251 2565 323 2624 acta
342 2557 394 2623 sit.

295 2663 368 2732 Non
384 2664 503 2732 omnia·
519 2673 629 2732 tamen
652 2659 858 2730 abstulerunt
880 2663 1019 2747 menda3
1038 2672 1134 2754 atque
1155 2662 1189 2729 in
1213 2661 1370 2730 eumdem

250 2793 386 2862 scopum
413 2793 479 2837 non
503 2770 595 2860 pauci
617 2777 725 2859 postea
747 2766 860 2834 utilem
884 2790 1019 2858 operam
1043 2770 1260 2837 contulerunt.
1282 2769 1372 2836 luter

250 2901 333 2970 quos
368 2878 530 2946 Antonius
566 2874 772 2963 Augustinus
806 2874 1057 2945 Tarraconensis
1098 2875 1371 2968 Arcbiepiscopus

250 2989 286 3054 in
299 2985 367 3053 suis
383 2991 431 3054 De
446 2981 672 3052 emendatione
696 2981 852 3049 Gratiani
871 2981 1024 3074 dinlopis,
1041 2985 1157 3054 Petrus
1169 2994 1201 3052 et
1215 2985 1371 3054 Francis-

250 3115 307 3160 cus
322 3091 452 3178 Pitbaei,
469 3090 587 3179 aliique
612 3087 722 3178 plures
742 3113 748 3153 :
768 3088 823 3156 sed
850 3090 995 3178 palmam
1019 3092 1174 3160 omnibus
1196 3092 1372 3182 praeripuit

250 3199 413 3268 Eerardus
439 3200 474 3265 in
501 3218 560 3264 suo
586 3195 829 3265 absolutissimo
853 3221 951 3289 opere
975 3202 1028 3270 cui
1056 3201 1182 3286 titulus,
1212 3200 1372 3270 Gratiani

250 3329 386 3376 canones
401 3301 536 3394 peucini
557 3300 598 3367 ot
614 3302 812 3392 apocppltis
827 3303 967 3374 discreti.

296 3414 374 3482 Eaec
393 3419 503 3478 autem
529 3416 616 3476 tarsu
637 3408 796 3478 Romanae
825 3413 976 3483 Ecclesia
1001 3437 1080 3484 cura
1104 3418 1137 3484 in
1163 3417 1371 3486 emendando

251 3523 422 3594 Gratisueo
451 3518 580 3584 decreto
608 3517 703 3608 plane
732 3521 908 3591 confirmat
936 3525 1009 3614 plus
1039 3527 1238 3594 auctoritatis
1268 3549 1370 3617 quam

182 3669 185 3684 ·
251 3632 386 3722 privatae
400 3623 579 3691 collectioni
599 3625 700 3694 fnisse
720 3627 768 3695 illi
790 3630 999 3700 attributum.
1017 3633 1091 3703 Non
1111 3637 1202 3702 enim
1221 3657 1281 3725 pro
1302 3635 1371 3701 col-

251 3736 385 3804 lectione
411 3753 485 3820 quae
512 3733 638 3800 nullam
664 3735 830 3825 publicam
856 3743 1081 3810 auctoritatem
1105 3744 1299 3810 obtinuisset
1326 3752 1372 3810 tot

250 3845 375 3910 labores
397 3839 537 3929 suscepti
559 3841 706 3909 luissent.
724 3845 962 3916 Auctoritatem
979 3859 1089 3918 etitem
1105 3851 1187 3918 banc
1204 3851 1370 3942 publicam

251 3949 427 4046 adsciverat
453 3968 545 4016 usus.
