3064 4952
550 497 631 544 suun
653 497 803 544 mrourcr.
1173 477 1233 544 169

118 631 245 721 tidelm,
261 655 320 702 nec
334 655 389 704 eos
403 634 531 726 legibus
543 637 612 706 suis
625 638 728 728 ligare
742 647 861 731 posset.
883 640 940 708 Ille
965 638 1129 732 siquidem
1146 639 1235 709 solus

118 740 226 831 legem
249 740 334 811 ferre
360 751 463 835 potest
484 745 518 813 in
539 745 653 833 alium,
670 747 728 839 qari
743 770 841 840 super
856 749 964 841 ipsum
976 749 1235 840 jurisdictionem

119 847 236 929 habct;
255 858 387 939 noceat,
403 860 460 922 ant
472 875 541 922 esse
557 863 661 946 potest
682 879 828 948 unquam
843 856 909 944 lex,
928 857 992 926 nisi
1005 857 1185 950 superioris
1200 857 1236 925 in

119 955 279 1026 subditos.
297 959 406 1028 Posito
426 969 533 1030 samm
556 961 645 1053 qnod
657 962 826 1032 Romanus
840 963 993 1034 Pontifex
1018 987 1096 1036 vcra
1115 965 1151 1033 in
1170 965 1237 1034 Ec-

119 1063 251 1132 clesiam
269 1066 456 1136 universam
473 1067 698 1159 jurisdictione
711 1069 851 1162 polleat,
875 1069 937 1140 hoc
962 1071 1034 1163 ipso
1047 1072 1189 1163 possidet
1202 1071 1236 1140 in

119 1172 292 1242 universos
305 1172 418 1244 fideles
432 1183 621 1269 potestatam
641 1177 869 1268 legislativum.
888 1178 1015 1249 flebam
1029 1179 1119 1248 enim
1135 1180 1237 1270 juris-

6 1315 8 1344 <
119 1277 295 1350 dictionem
310 1281 344 1350 in
357 1283 544 1354 universam
558 1285 701 1377 aliquam
713 1286 908 1374 societatem,
925 1294 1075 1380 estposse
1086 1287 1237 1355 omnibus

6 1413 7 1492 ἐ
120 1387 305 1458 societatem
323 1391 407 1461 hanc
431 1391 647 1463 conflantibus
668 1396 840 1488 imperare,
868 1404 900 1466 et
914 1397 1042 1465 statutis
1057 1395 1162 1488 poenis
1175 1392 1237 1462 de-

120 1497 306 1590 linquentes
318 1501 483 1591 corrigere
495 1530 503 1584 ;
531 1503 576 1570 ita
590 1501 741 1574 videlicet
755 1513 792 1574 ut
807 1506 967 1598 superiori
978 1503 1237 1598 jurisdictionem

6 1603 7 1660 l
121 1604 256 1674 habenti
281 1617 452 1678 teneantur
481 1609 603 1680 subditi
627 1612 771 1682 obedire.
802 1612 866 1682 Sed
901 1612 1020 1682 habere
1050 1620 1238 1704 potestatem

121 1713 298 1784 intimandi
313 1717 475 1786 universis
488 1729 650 1812 praecepta
662 1743 738 1813 quae
748 1721 904 1814 obligent,
921 1731 968 1790 est
983 1721 1102 1791 habere
1117 1722 1238 1812 ipsam·

123 1837 191 1898 met
204 1837 393 1922 potestatem
407 1827 635 1920 legislativum,
653 1852 727 1922 qum
743 1829 778 1898 in
798 1829 860 1898 hoc
873 1829 1008 1921 praecise
1022 1829 1177 1898 consistit.

168 1940 254 2008 Hinc
283 1963 425 2032 praesens
453 1939 553 2010 thesis
578 1947 685 2032 posset
703 1939 757 2008 hic
780 1940 885 2009 omitti
906 1950 938 2008 et
953 1940 1093 2032 supponi
1106 1940 1240 2031 probata

123 2048 158 2115 in
179 2055 317 2116 tractatu
333 2047 372 2116 de
387 2048 494 2140 Papa,
524 2048 560 2116 in
573 2069 639 2140 quo
655 2047 896 2116 demonstratur
910 2048 1069 2140 primatus
1086 2046 1239 2138 jurisdic-

124 2156 225 2225 tionis
247 2156 387 2234 Romani
406 2153 588 2225 Pontificio.
613 2155 704 2224 Idem
722 2154 811 2223 enim
833 2155 900 2224 lere
921 2163 999 2232 sunt
1012 2155 1242 2247 probationum

122 2266 250 2353 fontes,
276 2266 452 2358 eademque
469 2287 511 2335 ax
534 2265 605 2334 istis
629 2265 773 2334 lontibus
796 2287 855 2357 pro
871 2271 1008 2356 utraque
1022 2263 1106 2335 thesi
1119 2263 1240 2355 depro-

124 2383 263 2446 muntur
276 2384 479 2466 argumenta.

169 2490 243 2559 Non
272 2498 380 2559 tomen
410 2491 468 2558 abs
496 2511 530 2559 re
557 2489 635 2576 erit,
658 2487 791 2579 aliquod
814 2487 928 2556 saltem
943 2487 1061 2556 hanam
1076 2484 1240 2579 probatio·

123 2621 206 2668 nom
236 2599 464 2690 compendium
491 2597 546 2667 hic
574 2619 728 2684 exarare,
759 2619 834 2666 cum
862 2595 1019 2688 peculiari
1047 2593 1088 2664 ad
1119 2593 1238 2663 thesim

124 2715 321 2800 praesentem
341 2705 565 2799 applicatione.

568 2984 756 3044 turtureus
778 2985 799 3038 l.

445 3173 629 3216 tuuumrttu
649 3172 681 3212 ΒΧ
701 3171 845 3212 scnrrrm
865 3169 960 3212 SACRA.

171 3355 282 3444 Super
304 3349 389 3418 lianc
405 3352 540 3417 Petram
555 3343 721 3436 edificabo
737 3343 917 3414 Ecclesiam
933 3364 1053 3412 meam.
1072 3379 1116 3396 ·-
1133 3340 1244 3424 Ouod-

127 3481 266 3552 cumque
286 3456 437 3547 lipooen's
460 3476 558 3546 super
582 3463 717 3534 terram,
748 3451 809 3519 erit
837 3451 976 3542 lipotum
991 3461 1022 3518 et
1036 3451 1073 3520 in
1086 3449 1185 3518 coelm.
1201 3487 1261 3508 -.

129 3571 229 3636 Pasce
244 3587 347 3656 epiros
360 3585 488 3632 meos...
506 3565 605 3630 Posce
619 3581 690 3628 oues
707 3581 808 3628 meas.

171 3677 217 3747 Ut
232 3675 303 3744 haec
319 3674 418 3744 verbs
434 3669 572 3764 probent
585 3668 743 3739 Romanis
760 3665 973 3737 Pontificibus
986 3673 1166 3758 competere
1185 3685 1246 3755 po·

130 3792 277 3854 testatem
303 3779 517 3873 legislativum
540 3778 576 3846 in
600 3775 741 3846 Ecclesia
764 3774 930 3861 universa,
954 3771 1021 3844 duo
1034 3772 1247 3866 requiruntur

131 3904 160 3963 ct
173 3891 343 3963 sufficiunt
361 3917 369 3959 ι
387 3889 506 3981 primo,
524 3896 561 3956 ut
579 3889 642 3956 isto
664 3885 764 3955 rerba
788 3889 977 3975 potestatem
991 3882 1076 3952 hanc
1090 3881 1247 3976 legislati-

133 4025 206 4071 vam
227 4001 324 4069 Petro
337 4021 358 4068 a
371 3996 501 4067 Christo
515 3994 664 4064 collatam
687 3992 874 4079 enuntient3
896 3990 1051 4080 secundo,
1071 3997 1107 4060 ut
1123 3997 1248 4059 certum

135 4109 174 4178 sit
197 4107 287 4176 illam
306 4113 494 4198 potestatem
509 4102 550 4172 ad
566 4101 655 4172 Petri
675 4121 874 4170 successores
888 4121 1046 4168 manasse.
1065 4096 1167 4188 Atpui
1180 4096 1249 4166 heac

138 4215 199 4284 duo
214 4225 301 4286 certe
315 4222 402 4286 sunt.
