3042 4946
278 473 339 538 560
629 495 804 542 rascrsros
828 495 865 540 os
888 495 1040 542 sarsanns

274 634 355 700 siam
378 633 616 702 Caesareensem
641 633 884 706 administravit
903 647 1058 730 tanquam
1084 637 1235 729 Episcopi
1256 635 1395 706 Eusehii

273 740 416 808 vicarius
442 747 474 807 et
498 739 559 808 sub
584 740 686 832 ipsius
708 742 858 834 imperio.
881 744 976 827 Quod
1001 745 1123 813 laetum
1153 745 1198 813 sic
1230 753 1394 812 memorat

274 845 309 915 S.
337 846 516 938 Gregorius
540 847 762 918 Nazianzenus
780 877 788 917 :
806 850 932 935 Adesse,
955 851 1078 934 deame,
1103 851 1189 920 dieto
1204 849 1393 920 audientem

273 977 346 1038 esse,
364 954 491 1046 quidvis
512 956 648 1048 denique
662 957 714 1026 illi
738 959 899 1050 (Eusebio)
922 981 986 1028 esse
1053 972 1262 1029 serenorum
1282 957 1330 1027 ad
1342 982 1395 1027 res

274 1061 417 1151 operados
431 1062 660 1155 aptissimus...
679 1067 733 1133 Ea
744 1064 806 1133 lsoc
821 1079 985 1136 assecutus
1000 1081 1057 1150 est,
1074 1081 1111 1136 nt
1127 1066 1258 1136 etiamsi
1270 1066 1323 1134 illi
1335 1089 1394 1134 oa·

274 1169 395 1238 taetra
411 1171 533 1240 tortore
547 1171 701 1242 seamctus
716 1185 806 1256 esset,
823 1175 977 1244 Ecclesiae
991 1188 1100 1244 tomen
1116 1176 1252 1267 impetro
1263 1174 1394 1265 potire—

273 1293 338 1348 tur.
357 1279 449 1370 (Orat
462 1285 495 1368 2,
511 1281 545 1349 in
561 1282 675 1351 funere
691 1281 829 1373 Basilii.)

811 1567 853 1637 V.

272 1763 440 1814 Concluditor
456 1763 589 1814 distinctas
605 1777 660 1813 essa
678 1767 703 1814 et
719 1763 832 1827 separari
848 1777 925 1829 posse
942 1765 1006 1815 dans
1020 1767 1167 1830 potestates,
1179 1765 1276 1816 ordinls
1289 1765 1395 1816 seilicet

746 1851 771 1898 et
785 1847 980 1911 jurisdictionis.

315 2049 347 2113 l.
366 2046 402 2114 Si
424 2069 490 2115 non
511 2053 617 2115 essent
631 2047 790 2117 distinotae
805 2047 880 2116 duae
906 2046 1069 2139 praedictas
1086 2055 1270 2140 potestates,
1287 2049 1391 2118 altera

271 2177 338 2222 non
363 2163 445 2222 esset
468 2153 683 2224 immutabilis
702 2164 733 2224 et
754 2154 990 2242 inamissibilis,
1009 2155 1213 2224 dumaltera
1233 2156 1307 2248 plus
1326 2159 1391 2226 rni-

273 2287 375 2332 nusve
387 2264 518 2332 extendi
533 2274 564 2331 et
579 2264 733 2354 restringi
747 2271 862 2355 potest,
877 2271 947 2332 tum
968 2265 1076 2356 quoad
1091 2265 1171 2354 loca,
1190 2273 1262 2334 tum
1279 2267 1389 2360 quoad

273 2374 423 2442 nraterios
451 2382 482 2442 et
510 2395 677 2466 personas,
713 2375 803 2465 alqui
835 2396 934 2465 supra
963 2373 1164 2442 ostendimus
1193 2383 1388 2466 potestatem

269 2481 393 2550 ordinis
425 2481 652 2549 invariabilem
686 2504 754 2550 esse
782 2489 813 2549 et
847 2481 1114 2570 inamissibilem,
1151 2482 1390 2573 jurisdictionis

270 2613 347 2660 varo
359 2591 432 2683 plus
448 2591 597 2660 minusve
614 2613 705 2683 posse
719 2591 890 2680 restringi3
907 2615 985 2682 ergo
1003 2615 1068 2660 non
1088 2603 1165 2661 sunt
1184 2594 1264 2686 quid
1279 2619 1387 2664 unum

270 2709 301 2766 et
327 2698 428 2786 idem,
455 2699 511 2767 sed
536 2699 602 2767 duo
628 2721 703 2768 vere
727 2708 757 2766 et
779 2699 991 2768 essentialiter
1011 2700 1172 2770 distincta.
1190 2706 1221 2768 2.
1240 2701 1299 2770 llla
1314 2702 1389 2771 dis-

270 2807 368 2874 tinete
389 2815 465 2875 sunt
489 2816 520 2875 et
546 2807 689 2898 separari
716 2815 865 2898 possunt,
893 2831 1036 2900 quorum
1063 2831 1169 2878 unum
1197 2811 1266 2878 sine
1285 2811 1388 2879 altero

269 2917 426 2985 exsistere
443 2924 545 3008 potest
560 2924 591 2984 ot
605 2915 644 2984 de
662 2916 748 2983 laeto
763 2916 902 3004 exstitit3
921 2919 1023 3008 atqui,
1041 2941 1083 2986 ex
1105 2917 1203 2987 modo
1227 2917 1387 3009 probatis,

269 3031 300 3091 et
330 3032 468 3116 potestas
493 3022 616 3093 ordinis
645 3024 714 3091 sine
739 3024 976 3115 jurisdictione,
1014 3035 1046 3093 et
1073 3025 1256 3116 jurisdictio
1285 3027 1388 3095 etiam

269 3132 457 3224 episcopalis
495 3133 563 3200 sine
600 3132 724 3201 ordinis
761 3141 915 3224 potestate
941 3133 1137 3202 exstiterunt
1168 3143 1200 3202 et
1229 3133 1389 3206 exsistere

269 3249 422 3331 possunt;
444 3264 522 3332 ergo
546 3240 619 3310 dure
641 3241 708 3310 illae
730 3250 901 3334 potestates
922 3241 1083 3312 distincta
1099 3255 1175 3313 sunt
1195 3255 1226 3312 et
1241 3247 1392 3336 separari

268 3357 415 3438 possunt.

312 3455 559 3526 Distinetionem
575 3457 667 3525 illam
687 3458 842 3549 exprimit
856 3458 1040 3528 Concilium
1055 3458 1299 3549 Tridentinunr,
1317 3483 1391 3532 ses-

267 3564 356 3632 sione
372 3568 426 3652 23,
453 3587 480 3632 e.
501 3570 518 3630 7
539 3591 546 3632 :
564 3564 604 3632 St'
626 3565 697 3656 quis
712 3566 877 3634 dixerit...
897 3590 948 3635 eos
966 3567 1151 3659 quinaret
1172 3569 1391 3641 ecclesiastica

266 3685 296 3739 et
311 3673 469 3740 canoniea
477 3685 640 3765 potestate
654 3674 716 3741 rite
731 3674 888 3758 ordinati,
905 3699 962 3743 nec
977 3675 1069 3744 me'ssi
1085 3688 1172 3758 sunt,
1186 3676 1243 3746 sed
1252 3678 1393 3748 aliunde

268 3779 412 3860 veniunt,
436 3779 598 3870 lepitt'mos
621 3804 685 3849 esse
718 3782 812 3850 Verbi
837 3795 867 3850 et
896 3797 1176 3854 sacramentorum
1202 3785 1387 3876 mrhrstros,

267 3889 446 3956 anatliema
474 3889 527 3957 sit.
558 3888 595 3957 Si
621 3913 680 3982 per
708 3893 810 3960 solam
845 3891 1085 3964 ordinationem
1121 3894 1387 3986 jurisdictionem

266 3995 477 4064 sufficientem
501 3995 658 4066 haherent
686 3999 835 4092 Episcopi
863 4011 894 4070 et
922 4002 1114 4090 sacerdotes,
1145 4002 1290 4094 synodus
1317 4028 1385 4074 non

266 4102 440 4174 addidisset
455 4106 526 4176 haee
542 4109 641 4178 verba
653 4131 709 4177 nee
725 4110 816 4178 missi
829 4124 915 4180 sarit.
