3064 4952
293 461 356 524 216
649 480 823 524 reimerus
847 481 884 524 ne
908 481 1060 526 rntncn’ns

297 647 312 684 α
336 619 536 711 Leopoldum
559 619 768 690 archiducem
791 621 946 714 scripsit:
975 625 1018 690 Le
1037 623 1146 712 placet
1168 645 1209 689 nc
1230 622 1299 690 doit
1319 624 1422 692 cuoir

295 757 310 792 «
336 729 412 811 lieu,
423 729 517 797 sinon
528 731 561 797 ds
570 729 753 820 provisions
764 730 974 821 bdndficiolcs.
985 768 1029 782 -
1040 730 1110 799 Rex
1122 729 1295 822 Philippus
1309 729 1357 798 tv
1375 731 1420 798 nd

296 865 311 901 c
336 836 559 906 Merchionem
582 836 623 904 de
649 837 823 924 Cerecena,
842 846 912 906 tum
928 837 1032 928 Belgii
1047 838 1252 930 prefectum,
1269 840 1421 932 rescrip-

295 947 375 1012 «sit
400 944 451 1012 his
476 945 616 1013 verbis:
644 947 723 1014 Mon
746 945 856 1012 cousin
880 974 891 1012 .·
917 959 1022 1038 ayunt
1050 969 1110 1014 ceu
1132 959 1223 1014 uotrc
1250 946 1344 1015 lettre
1370 949 1422 1016 du

294 1083 310 1120 c
336 1054 486 1124 td'ooril
494 1055 732 1124 dernie'rcrncnt
743 1061 852 1146 posse,
865 1057 1048 1148 responsiuc
1058 1057 1080 1123 d
1091 1057 1264 1124 lamimnc
1276 1055 1321 1124 du
1337 1061 1349 1122 1
1364 1060 1422 1148 [ὁ-

292 1193 308 1228 «
334 1165 419 1233 urier
439 1163 647 1244 arrtdcddont,
670 1186 727 1230 sur
743 1164 787 1231 les
799 1163 943 1254 plointcs
954 1162 1000 1232 du
1016 1168 1126 1235 Nonoe
1141 1163 1180 1233 dc
1198 1168 1248 1234 So
1262 1165 1428 1234 Scintetc'

290 1298 306 1337 u
329 1283 525 1340 concernunt
546 1272 579 1338 lo
587 1270 796 1362 prrdlication
817 1269 897 1339 dun
915 1269 1010 1354 ddict,
1024 1272 1210 1364 prohibitis
1216 1271 1257 1341 dc
1270 1275 1421 1342 certains

289 1409 305 1444 «
330 1380 425 1448 c'crits
435 1431 456 1447 ..
465 1432 487 1460 .,
506 1401 583 1446 accc
592 1379 636 1446 les
647 1377 734 1446 deur
748 1378 904 1446 consultos
917 1377 971 1446 dos
984 1377 1115 1446 consciis
1122 1379 1223 1470 priori
1231 1391 1261 1447 et
1274 1377 1313 1446 de
1324 1383 1418 1446 Bra-

290 1515 307 1552 «
332 1489 410 1554 bcnt
420 1488 544 1578 jointes
560 1487 684 1555 duotre
697 1487 803 1573 lettre,
821 1498 852 1555 et
866 1487 895 1554 lc
910 1499 982 1556 tout
995 1487 1065 1554 bien
1080 1486 1254 1566 consrddrd,
1273 1487 1418 1557 attendit

293 1623 309 1660 ι(
333 1583 1413 1688 ηιρνηεᾳιιθίαηπαιὲἒνθἅοηεὲῐεάρὶΐεετρανωηοηῑάοφηιαὶἰᾳιιε,

292 1731 308 1768 «
333 1704 457 1771 n'itont
482 1703 525 1770 lcs
540 1703 667 1794 plocets
691 1702 798 1794 requio
817 1703 913 1794 qu'cn
932 1703 1069 1772 motidre
1091 1704 1276 1796 dindficiclc
1291 1719 1321 1772 ct
1338 1704 1418 1772 liti-

292 1839 308 1876 «
331 1812 439 1902 pictur
460 1824 547 1880 entre
573 1811 617 1879 les
643 1810 1162 1902 portis,etc.Modrid‚le13de
1174 1813 1257 1904 juin
1274 1818 1374 1882 toto.
1396 1843 1416 1877 n

288 1921 375 2011 Ergo
398 1943 463 1989 non
483 1920 613 2011 vigebat
636 1921 670 1987 in
695 1920 809 2010 Belgio
825 1943 904 1989 usus
922 1920 1032 2012 placiti
1052 1921 1115 1990 nisi
1130 1926 1237 2014 quoad
1254 1923 1420 2015 rescripta

288 2029 328 2097 ed
368 2028 511 2118 privatos
546 2037 577 2095 et
615 2026 655 2094 de
689 2029 822 2096 materia
862 2027 1063 2117 beneficiali3
1108 2052 1187 2120 ergo
1215 2028 1419 2100 affirmando

288 2135 375 2203 hunc
411 2159 505 2203 usum
537 2135 622 2203 circa
658 2135 764 2203 bullas
803 2157 1025 2228 quascumque
1062 2137 1159 2206 etiem
1192 2135 1416 2228 dogmaticos,

287 2243 416 2332 egregie
446 2243 601 2310 mentitus
631 2250 678 2310 est
707 2245 781 2312 Van
807 2243 915 2334 Espen
942 2271 949 2312 ε
972 2244 1096 2312 utinam
1122 2245 1156 2311 in
1187 2244 1247 2312 hcc
1275 2247 1417 2334 materia

289 2357 435 2421 tentum!

801 2551 822 2640 g
851 2549 892 2615 n.

290 2765 390 2814 Fstsum
405 2767 443 2814 cst
457 2763 554 2826 requiri
571 2763 693 2826 placitum
707 2763 817 2824 regium,
829 2775 875 2814 son
890 2762 1022 2826 potestatis
1043 2762 1174 2814 secuturis
1190 2765 1413 2828 acceptationem.

334 3001 415 3068 Nem
431 3023 471 3068 ex
487 2999 623 3069 concilio
645 2999 833 3068 Florentino
855 3022 955 3091 supra
974 3001 1069 3070 citeto
1093 3000 1167 3070 dete
1181 3009 1229 3067 est
1244 3023 1264 3067 a
1278 3000 1414 3070 Christo
1529 3045 1530 3058 κ

290 3109 448 3178 Romanis
462 3108 674 3178 Pontificibus
691 3109 796 3200 pleno
811 3121 958 3200 potestus
974 3110 1143 3178 universos
1161 3109 1287 3179 Christi
1301 3109 1414 3180 fideles

285 3215 455 3309 poscendi,
471 3217 605 3308 rependi
619 3230 650 3284 et
663 3215 879 3308 pudernondi.
897 3217 985 3308 Ergo
1006 3218 1125 3309 dogma
1147 3217 1344 3288 catholicum
1363 3231 1414 3287 est

290 3324 452 3417 principes
480 3325 567 3415 ipsos
595 3323 778 3416 reliquosve
807 3323 905 3392 laicos
934 3323 1129 3394 christianos
1157 3324 1272 3416 subjici
1304 3325 1411 3417 plenae

289 3435 437 3528 potestati
457 3434 683 3524 gubernetivae
702 3435 844 3502 Romani
868 3434 1046 3522 Pontinus,
1064 3437 1099 3503 in
1118 3435 1231 3504 ordine
1251 3435 1411 3505 adfinem
1528 3473 1529 3480 κ

290 3545 442 3614 Ecclesiae
467 3545 648 3636 proprium.
671 3542 735 3612 Sed
755 3566 821 3612 non
843 3543 1091 3634 subjicerentur,
1112 3544 1140 3611 si
1167 3553 1299 3636 possent
1320 3568 1412 3637 prae-

290 3663 380 3746 cepte
402 3654 470 3722 sive
490 3652 577 3743 leges
599 3653 827 3722 ecclesiastices
848 3676 868 3722 e
887 3653 1035 3722 Romane
1057 3653 1140 3722 Sede
1164 3653 1246 3722 letes
1269 3677 1335 3722 non
1355 3678 1413 3724 ac-

288 3771 414 3853 ceptare
437 3771 469 3829 et
489 3761 597 3828 irrites
619 3760 767 3846 efficere
786 3783 864 3852 ergo
880 3759 930 3828 vis
950 3761 1059 3852 legum
1083 3761 1325 3854 pontificiarum
1344 3785 1410 3831 non

288 3870 406 3962 pendet
425 3869 467 3937 ab
486 3869 702 3960 acceptatione
722 3889 839 3960 regum
860 3893 919 3940 nec
934 3870 1090 3940 laicorum
1110 3889 1409 3964 quorumcumque,

287 3978 351 4046 nisi
367 3977 449 4046 forte
465 3977 533 4068 ipse
548 3977 717 4046 Romanus
733 3978 885 4048 Pontifex
902 3979 946 4047 ite
959 3979 1059 4048 libere
1073 3980 1282 4048 consenserit.

331 4085 456 4174 Dogme
475 4091 583 4152 antem
602 4083 702 4170 istud,
718 4085 884 4178 principes
899 4085 1011 4156 civiles
1031 4095 1064 4154 et
1083 4087 1182 4156 laicos
1195 4109 1308 4156 omnes
1324 4088 1408 4156 snb-

281 4191 336 4280 jici
358 4191 484 4280 legibus
503 4189 733 4278 ecclesiasticis,
755 4194 846 4263 etad
867 4215 923 4262 eos
946 4217 1010 4262 non
1035 4195 1196 4286 pertinere
1220 4193 1259 4262 de
1280 4194 1409 4285 legibus
