3068 4948
537 491 620 538 struis
642 491 792 540 casomct.
1159 475 1220 542 ott

98 631 164 698 hac
192 631 361 722 partitione
386 630 626 702 distribuantur
652 641 821 726 sequentes
843 637 964 726 specics
993 659 1068 704 cnm
1099 637 1223 705 usitatis

98 739 174 806 suis
189 737 521 809 denominationibus.

147 875 174 942 Ι.
196 873 425 943 Ordinationes
439 897 635 958 communes,
654 899 711 946 seu
733 877 1005 948 communitatem
1025 889 1082 948 sut
1095 889 1220 974 portem

96 981 351 1050 communitatis
369 983 576 1072 attingentes,
592 993 669 1052 suut
686 993 718 1052 et
736 985 891 1054 dicuntur
906 985 958 1056 vel
980 988 1222 1057 constitutiones

99 1091 237 1182 proprie
257 1090 365 1177 dictae,
380 1092 432 1160 vel
456 1093 595 1174 decreta,
615 1094 667 1164 vel
688 1093 860 1163 decretales
880 1095 1033 1187 epistola,
1052 1097 1104 1165 rel
1121 1119 1221 1189 ency-

95 1197 201 1266 clicae.

150 1337 181 1399 1⁰
201 1334 455 1402 Constitutiones
471 1337 601 1426 proprie
620 1335 714 1404 dicta
732 1348 963 1430 nuncupantur
977 1337 1093 1410 littera
1111 1343 1222 1436 ponti-

97 1449 186 1514 ficias
209 1454 369 1536 quatenus
392 1445 641 1514 considerautur
665 1455 821 1536 tanquam
845 1445 970 1536 aliquid
993 1459 1222 1537 permanenter
1328 1445 1330 1448 ’

96 1576 161 1645 pro
177 1555 411 1622 communitate
427 1565 482 1622 aut
499 1561 589 1644 perte
607 1554 856 1620 communitatis
872 1561 1058 1638 statuentes,
1075 1565 1106 1622 et
1120 1577 1221 1648 oppo-

95 1671 226 1729 nuntur
241 1661 368 1729 statutis
383 1662 646 1751 particularibus,
664 1681 738 1752 qure
754 1661 806 1729 vel
823 1682 887 1728 non
909 1672 1150 1751 permanenter,
1170 1663 1220 1731 vel

94 1789 161 1858 pro
176 1769 312 1860 privatis
325 1777 452 1837 tantum
467 1769 615 1859 personis
630 1769 819 1836 decernunt.

145 1906 179 1967 2⁰
201 1905 336 1970 Decreta
363 1926 402 1970 ex
431 1903 587 1971 hodierno
611 1904 707 1992 stylo,
729 1912 806 1970 sunt
830 1903 955 1970 eaedem
984 1903 1078 1972 dictae
1099 1909 1219 1973 consti-

94 2011 239 2078 tutiones
268 2019 427 2101 quatenus
455 2011 701 2080 considerantur
727 2020 883 2104 tanquam
911 2011 1005 2082 editae
1027 2035 1046 2080 a
1069 2015 1219 2082 Romano

94 2117 267 2203 Pontifices,
294 2141 358 2186 non
390 2141 430 2185 ex
462 2119 600 2186 aliorum
630 2119 783 2188 relatione
809 2131 865 2187 aut
888 2119 1133 2204 consultatione,
1163 2122 1218 2188 scd

96 2233 190 2292 motu
207 2225 351 2315 proprio,
366 2234 397 2292 et
413 2225 560 2293 adhibito
579 2225 629 2293 vel
654 2247 718 2294 non
740 2225 884 2294 adhibito
905 2225 1121 2294 cardinalium
1141 2251 1218 2295 con-

94 2332 181 2399 silio.
200 2331 370 2400 Vocantur
382 2333 480 2400 etiam
497 2346 606 2400 motus
623 2334 767 2425 proprii.
787 2333 882 2423 Saepe
899 2341 1009 2400 tammr
1025 2332 1218 2402 denomina-

96 2442 142 2506 tio
167 2441 370 2508 deeretorum
397 2439 540 2528 generali
567 2463 662 2526 sensu
689 2451 868 2531 usurpatur
894 2461 953 2531 pro
979 2441 1122 2532 qualibet
1147 2443 1217 2532 lege

93 2548 275 2638 pontilicis,
292 2549 375 2615 sicut
390 2561 421 2614 et
435 2571 500 2615 vox
515 2547 717 2616 constitutio.
737 2549 807 2614 lmo
830 2556 1007 2637 usurpatur
1021 2557 1053 2616 et
1073 2570 1132 2638 pro
1152 2558 1218 2616 tota

93 2657 210 2747 aliqua
225 2657 337 2746 legum
352 2657 638 2724 ecclesiasticarum
656 2656 857 2742 collectione,
876 2658 910 2723 in
934 2680 1001 2747 quo
1022 2679 1119 2725 sensu
1135 2659 1217 2725 dici·

92 2773 151 2831 tur
172 2764 339 2831 decretum
361 2763 520 2847 Gratiani,
539 2764 705 2832 decretum
731 2765 851 2846 ivonis,
870 2764 1038 2831 decretum
1053 2765 1217 2833 Barchon-

93 2873 146 2956 di,
174 2883 233 2939 etc.
264 2875 345 2940 Item
376 2871 552 2942 decisiones
583 2873 881 2961 Congregationum
913 2893 1125 2939 romanarum
1156 2874 1216 2941 hoc

94 2979 230 3047 nomine
246 2980 401 3068 gaudent.

142 3118 174 3180 3⁰
199 3115 381 3184 Decretales
399 3116 541 3208 epistotae
563 3139 627 3184 uon
652 3117 807 3186 differunt
831 3139 851 3182 a
872 3115 1005 3184 decretis
1028 3117 1213 3207 pontificiis,

93 3221 158 3288 uisi
181 3223 214 3288 in
236 3245 274 3289 eo
295 3221 382 3314 quod
404 3208 546 3292 edrrntur
561 3247 601 3292 ex
623 3223 792 3308 relatione,
811 3221 1044 3294 consultatione
1065 3232 1121 3290 aaut
1140 3247 1216 3314 pos-

93 3327 251 3396 tulatione
271 3329 338 3396 sivo
356 3330 605 3420 Episcopo—um,
624 3331 692 3397 sive
717 3332 878 3416 oliorum,
897 3339 927 3396 et
943 3339 1101 3398 vocantur
1116 3331 1213 3398 etiam

92 3457 249 3528 responso
265 3459 322 3528 per
336 3439 571 3528 oppositionem
588 3439 626 3505 ad
644 3450 753 3505 motus
763 3438 929 3529 proprior.
943 3436 1007 3504 Sed
1020 3438 1214 3525 generaliori

93 3565 193 3611 sensu
212 3543 388 3612 decretales
409 3567 618 3614 summorum
643 3545 838 3612 Pontificum
862 3545 1062 3612 vocabantur
1083 3544 1162 3612 olim
1183 3555 1214 3614 et

91 3650 201 3718 adhuc
228 3660 387 3718 vocantur
409 3674 627 3742 quascumque
652 3649 880 3720 Romanorum
904 3651 1100 3719 Pontificum
1127 3651 1213 3744 leges
1263 3691 1274 3710 ι

92 3758 316 3827 ecclesiastica
335 3767 366 3828 ct
387 3767 514 3828 statuta.
538 3758 698 3841 Quaurvis
721 3768 828 3826 autem
852 3757 1016 3850 pleraque
1039 3758 1213 3829 decretales

94 3888 152 3955 pro
168 3865 305 3957 privatis
319 3868 425 3935 causis
439 3867 567 3958 scriptae
585 3868 663 3951 sint,
681 3889 785 3957 quum
808 3875 917 3933 tamen
938 3888 975 3932 ea
998 3876 1106 3934 mente
1122 3891 1213 3936 com-

94 3972 206 4062 positos
226 3973 303 4060 sint,
322 3981 357 4040 ut
377 3973 418 4040 ad
442 3972 562 4041 similes
586 3994 679 4040 casus
704 3971 897 4040 decidendos
921 3973 1126 4060 inservirent,
1143 3977 1212 4044 vim

93 4081 226 4148 canonis
240 4080 401 4169 generetis
416 4081 549 4166 habent,
565 4101 669 4170 prtum
689 4080 725 4146 in
746 4079 906 4147 similibus
921 4080 1037 4160 remis,
1054 4084 1098 4148 ait
1115 4083 1212 4151 irruo-

93 4189 218 4257 ceutius
233 4189 287 4277 lli,
306 4190 416 4256 caeteri
430 4201 604 4257 teneantur
618 4189 770 4256 similiter
779 4187 944 4279 judicare,
963 4189 1028 4256 nisi
1038 4191 1123 4281 sorte
1139 4215 1213 4262 oum

1021 4305 1054 4364 18
