3042 4946
264 423 323 490 55l
617 443 793 490 reserares
817 447 854 492 ns
877 445 1031 492 rnrncuus

261 583 465 654 ordinentur.
485 587 526 654 Si
539 608 660 654 necesse
677 587 780 677 presit
798 585 950 654 clerimm
972 585 1011 654 de
1034 586 1203 656 monaclis
1217 587 1381 668 ordinari,

261 717 336 762 cum
351 717 500 764 comensn
516 707 547 763 et
563 697 733 764 voluntate
747 695 880 764 dilatis
889 707 1074 788 prasumat
1086 695 1279 787 Episcopus.
1294 697 1384 766 Con-

261 801 426 872 firmetum
443 803 505 874 luit
519 803 682 872 decretum
700 803 788 870 istud
806 803 841 870 in
860 803 1005 872 Concilio
1023 801 1194 892 ilerdensi,
1208 827 1332 874 canone
1350 809 1382 892 3,

262 932 348 979 anno
366 914 427 979 524
443 938 450 979 :
469 917 517 981 De
530 911 699 982 monacbr's
719 934 794 980 uero
812 911 850 980 id
861 911 1028 983 observari
1037 911 1169 1004 placuit
1182 911 1272 1004 quod
1282 935 1385 1004 syno-

263 1017 323 1088 dus
349 1021 541 1111 ripollensis
564 1020 616 1088 uel
641 1021 880 1090 Aurelianensis
904 1021 1048 1088 noscitur
1069 1019 1250 1102 decreuisse,
1346 1034 1387 1088 ut

263 1151 342 1218 quos
355 1129 536 1222 Episcopus
559 1129 749 1222 probauerit
769 1129 805 1196 in
823 1128 993 1197 clericatus
1016 1128 1132 1220 officio,
1151 1149 1225 1196 cum
1249 1127 1386 1196 Abbatis

255 1237 431 1309 'uoluntate
450 1238 585 1308 debeant
605 1238 766 1308 ordinari.
790 1237 884 1306 Unde
900 1259 960 1330 pro
976 1235 1187 1306 annularibus
1208 1259 1275 1306 snae
1298 1235 1387 1304 dioe-

263 1347 343 1415 casis
357 1346 547 1416 ordinandis
558 1369 624 1416 non
636 1345 804 1438 indigebat
819 1345 999 1438 Episcopus
1013 1343 1113 1413 ullius
1126 1367 1284 1414 consensu
1303 1367 1387 1436 :pro

263 1454 454 1524 ordinandis
476 1477 555 1524 vero
580 1455 760 1540 monachis,
783 1453 1014 1545 requirebatur
1037 1451 1174 1522 Abbatis
1198 1453 1383 1522 consensio.

263 1563 352 1652 Ergo
388 1561 494 1654 quoad
533 1564 708 1632 monachos
746 1561 981 1630 restrictionem
1019 1560 1163 1653 aliquam
1201 1560 1388 1652 patiebatur

264 1671 454 1763 episcopalis
481 1670 646 1741 ordinaria
671 1679 823 1765 potestas.
852 1709 896 1724 -
923 1672 1022 1739 Anno
1051 1669 1323 1756 sustinemus,
1350 1669 1387 1736 in

266 1779 433 1870 provincia
455 1779 611 1848 Bizacena
636 1778 825 1872 Episcopus,
854 1775 1007 1845 reducere
1034 1777 1095 1844 sub
1122 1775 1387 1867 jurisdictionem

265 1909 358 1954 snam
373 1889 511 1955 tentavit
525 1887 756 1956 monasterium
773 1888 807 1954 in
826 1907 884 1954 sua
907 1885 1037 1954 dimcesi
1061 1885 1215 1952 existens.
1234 1883 1388 1953 Monacbi

265 2017 339 2064 cum
364 1994 460 2064 Petro
485 1996 601 2065 abbate
624 2018 684 2064 suo
705 1996 747 2063 ad
766 1994 948 2064 Concilium
971 1992 1227 2082 carthaginense
1254 2013 1385 2060 cansam

265 2101 463 2190 detulerunt,
486 2104 662 2196 allegantes
686 2126 719 2171 se
744 2103 846 2172 luisse
872 2123 999 2194 semper
1019 2102 1060 2168 ab
1081 2101 1241 2193 Episcopo
1267 2099 1386 2168 dioece-
1510 2133 1511 2138 1

265 2233 344 2278 sano
357 2221 524 2304 exemptos
539 2220 570 2282 et
581 2213 642 2280 soli
655 2213 792 2281 Primati
805 2211 1053 2301 Carthaginensi
1068 2209 1225 2278 subditos.
1243 2209 1390 2300 Exemp-
1510 2211 1511 2214 ’

265 2319 385 2388 tionem
410 2321 559 2416 probavit
581 2321 777 2405 Concilium,
794 2341 859 2387 non
885 2328 1012 2388 tantum
1033 2340 1093 2410 pro
1111 2319 1167 2387 illo
1190 2321 1389 2387 monasterio

266 2427 321 2496 sed
336 2435 368 2496 et
383 2450 442 2521 pro
462 2431 585 2498 certans
605 2429 727 2499 Africae
747 2432 885 2498 :Erunt
907 2429 1011 2519 ipitur
1025 2428 1136 2496 omnia
1158 2429 1292 2496 omnino
1313 2449 1390 2495 mo-

266 2537 420 2618 nasteria,
438 2537 521 2606 sicca
534 2559 660 2630 semper
670 2540 819 2628 struunt,
838 2559 859 2604 a
872 2533 1058 2604 conditione
1073 2535 1264 2603 clencomm
1281 2535 1389 2604 modis

266 2645 416 2714 omnibus
433 2647 546 2728 libera,
565 2647 627 2716 sili
647 2659 779 2714 tantum
802 2657 832 2713 et
853 2649 919 2712 Deo
932 2645 1112 2735 placentia.
1129 2644 1263 2735 (bebba,
1282 2651 1305 2710 t.
1325 2645 1385 2728 IV,

266 2754 327 2821 col.
354 2755 464 2845 ists.)
481 2756 530 2823 lbi
552 2763 661 2824 autem
680 2753 823 2823 notanda
846 2761 922 2822 sunt
942 2753 1042 2821 verba
1063 2754 1134 2822 baec
1155 2754 1238 2820 sirm
1260 2775 1390 2844 semper

263 2863 409 2951 ficerunt.
438 2865 599 2933 Deuotant
625 2863 713 2932 enim
738 2863 978 2954 exemptionem
1009 2861 1094 2930 bane
1124 2861 1165 2930 ab
1192 2861 1286 2929 initio
1311 2862 1390 2930 vitae

268 2971 453 3038 monasticae
473 2973 662 3041 invaluisse.
679 3009 723 3026 -·-
738 2970 859 3040 Eadem
875 2971 1081 3062 exemptione
1100 2971 1309 3062 potiebantur
1325 2971 1394 3040 ine-

267 3081 435 3148 minarum
449 3082 654 3168 monasteria,
668 3091 705 3149 ut
716 3089 840 3149 coristat
853 3103 895 3148 ex
906 3081 1063 3173 rescripto
1076 3081 1234 3150 Boniiacii
1249 3081 1393 3150 Cartha-

267 3187 412 3274 ginensis
422 3187 588 3272 Primatis,
600 3190 658 3281 qui
673 3189 768 3258 modo
781 3197 960 3258 memorato
969 3188 1113 3258 Concilio
1126 3209 1247 3281 praeses
1261 3188 1388 3258 tuerat:

267 3293 544 3364 Dilectissimis
560 3297 694 3386 filiabus
715 3296 795 3364 rneis
818 3296 977 3364 uniuersis
998 3295 1058 3364 net
1070 3295 1238 3364 ancillis...
1256 3297 1393 3365 lasinuo

268 3427 393 3495 semper
423 3428 590 3476 seruorum
618 3407 679 3475 Dei
709 3407 761 3474 uel
790 3405 990 3474 ancillarum
1020 3407 1221 3474 monasteria
1249 3406 1395 3475 liberum

268 3513 386 3581 tatur
405 3515 584 3584 arbitrium
605 3538 627 3582 a
643 3515 826 3584 conditione
841 3515 991 3583 omnium
1006 3515 1240 3583 clericorumn.
1260 3516 1393 3584 Prisco·

269 3643 345 3688 rum
369 3625 509 3691 Petrum
532 3636 695 3715 sequentes
720 3617 835 3702 ritum,
859 3623 961 3690 etiam
983 3633 1128 3690 uestrum
1151 3623 1394 3692 monasterium

269 3730 329 3798 boc
346 3730 476 3812 babere,
494 3745 525 3800 et
546 3733 581 3800 in
605 3732 693 3800 uobr's
717 3752 970 3821 moneremque
992 3729 1027 3796 in
1049 3751 1157 3798 auum
1174 3731 1389 3824 (statuimus).

273 3838 364 3908 Unde
379 3863 440 3930 per
453 3839 538 3908 itanc
560 3863 615 3908 oos
635 3839 868 3908 auctoritatem
889 3837 1045 3907 duximus
1066 3840 1331 3922 commonendas,
1354 3855 1393 3908 ut

272 3947 437 4015 licentiam
456 3948 605 4016 babeatis
624 3947 712 4016 unde
734 3945 901 4014 uolueritis
920 3945 1105 4037 spiritalem
1122 3945 1231 4013 cibum
1248 3969 1387 4023 sumere,

272 4054 409 4124 liberam
432 4057 467 4124 in
493 4055 643 4124 omnibus
668 4057 864 4146 facultatem
891 4054 1084 4122 babentes...
1114 4055 1248 4144 (Labbe,
1277 4065 1300 4122 t.
1326 4057 1387 4140 IV,

273 4185 305 4254 p.
326 4167 435 4256 tstt.)
453 4204 498 4216 -
513 4164 689 4258 Antiquius
709 4164 816 4232 adbuc
838 4163 975 4232 babetur
995 4171 1255 4252 monumentum,
1273 4187 1391 4256 nempe
