3068 4948
496 477 579 525 sums
601 477 753 524 canones.
1123 457 1184 522 309

75 619 197 688 siastica
228 620 459 688 alienarentur.
493 618 640 691 Celebris
679 619 737 686 hac
773 619 807 686 in
836 640 871 686 re
899 627 973 687 sunt
1003 619 1038 688 S.
1068 620 1186 688 Leonis

76 728 192 818 Magni,
212 728 329 816 Hilari,
347 736 378 795 el
399 725 589 821 Symmachi
605 725 733 794 decreta
753 752 759 792 :
779 724 860 794 Sine
879 727 1063 820 acceptione
1077 727 1186 796 decer-

76 838 179 905 nimus
208 852 304 907 utne
331 839 403 931 quis
429 837 610 932 Episcopus
633 835 672 904 de
697 835 832 904 molesia
857 857 924 904 sue
951 835 1045 905 rebus
1065 837 1187 906 audem

76 945 251 1039 quidquam
266 947 318 1016 uel
330 946 464 1028 dotare,
488 946 540 1014 uel
552 956 767 1027 commutare,
788 945 841 1012 uel
862 943 1009 1033 candae,
1025 945 1091 1013 nisi
1100 947 1187 1038 forte

77 1053 119 1121 ita
133 1053 263 1147 aliqud
275 1055 393 1124 borum
407 1053 525 1146 faciat,
542 1067 580 1122 ut
595 1053 734 1123 meliora
744 1050 938 1144 prospiciat,
958 1065 988 1119 et
1003 1074 1078 1120 cum
1088 1054 1188 1122 totius

76 1162 147 1228 cleri
161 1173 306 1231 tractatu
322 1175 421 1254 utque
435 1183 589 1230 consensu
610 1161 655 1254 (S.
674 1159 793 1228 Leonis
808 1158 900 1250 epist.
921 1163 974 1246 17,
989 1159 1092 1228 editio
1107 1161 1186 1228 Bal-

76 1268 274 1360 lerinorunt).
296 1269 430 1338 Hilarus
449 1269 538 1361 Papa
551 1291 603 1337 res
621 1267 772 1337 Ecclesia
789 1267 822 1334 in
838 1266 984 1336 alienum
1000 1267 1061 1358 jus
1076 1274 1184 1337 trans-

76 1376 148 1445 ferri
176 1377 293 1464 vetnit,
325 1377 390 1446 nisi
408 1377 506 1470 prius
538 1375 631 1470 apud
654 1375 827 1444 concilium
858 1373 1065 1444 alienationis
1087 1375 1189 1469 ipsius

77 1509 168 1553 causa
188 1485 354 1566 meatur,
380 1497 440 1554 ortt
463 1485 545 1578 quid
556 1485 634 1576 ficri
654 1484 767 1552 debean
786 1483 954 1552 communi
967 1483 1114 1553 omnium
1133 1484 1188 1554 de-

77 1593 261 1664 liberatione
287 1605 457 1664 tractetur.
487 1592 704 1686 Symmachus
726 1616 804 1662 vero
817 1591 858 1661 ad
872 1593 1053 1662 Coesarium
1068 1593 1187 1662 Arela-

77 1711 191 1771 tenscm
216 1703 262 1772 sic
291 1703 451 1771 scribebat
476 1731 483 1770 :
506 1703 719 1771 Possessiones
742 1701 846 1794 ipitur
870 1725 951 1794 quas
969 1703 1188 1796 unusquisque

79 1811 221 1880 deciana
229 1811 369 1903 proprio
382 1809 472 1879 dedit
483 1833 522 1878 ac
530 1810 662 1902 reliquit
674 1809 824 1892 arbitrio,
842 1807 984 1878 alienari
996 1809 1189 1902 quibuslibet

78 1918 175 1984 titulis
187 1930 288 2010 atquc
301 1918 529 1999 contractibus,
556 1918 606 1986 ud
619 1917 678 1985 sub
693 1939 896 2009 quocumque
910 1929 1104 2008 arqumento
1123 1941 1187 1988 non

74 2027 229 2116 patimur.
253 2026 380 2095 Similia
397 2027 578 2119 reperimus
599 2033 716 2094 statuta
739 2026 780 2093 ab
796 2025 943 2117 Agapeto
963 2023 1016 2116 (ad
1036 2027 1188 2095 eumdem

77 2134 250 2204 Cannium
269 2137 390 2228 epist),
415 2143 447 2204 et
465 2136 499 2205 S.
524 2134 682 2226 Gregorio
703 2134 823 2226 Magno
841 2135 886 2226 (in
902 2134 995 2225 epist.
1013 2135 1053 2202 ad
1070 2136 1189 2205 Siciliae

78 2243 270 2338 Episcopus).
284 2245 443 2314 Videatur
459 2243 601 2313 formula
612 2244 801 2336 juramenti,
815 2265 880 2335 qua
895 2241 1097 2334 spondebant
1109 2244 1190 2334 Epi·

79 2355 158 2445 scopi
180 2378 215 2422 se
241 2377 306 2424 non
328 2354 524 2425 alienaturos
550 2354 636 2424 hona
665 2353 815 2422 Ecclesia
843 2351 1021 2419 inconsulto
1042 2355 1189 2420 Romano

79 2464 231 2556 Pontifice
247 2463 428 2556 (Mummi,
447 2463 577 2533 Antich.
598 2463 664 2532 ital.
684 2473 707 2531 t.
725 2463 781 2550 111,
798 2460 876 2536 dias.
896 2464 950 2549 72,
969 2484 1003 2554 p.
1022 2465 1098 2551 ibt,
1110 2461 1188 2530 edit.

83 2570 183 2660 tros).
202 2571 301 2639 Anno
318 2576 381 2640 972
397 2572 608 2664 imperatores
623 2570 698 2641 Otto
713 2570 728 2637 l
741 2569 813 2638 etll
828 2569 906 2637 dum
924 2568 1097 2660 prohibent
1111 2570 1191 2639 alic-

80 2679 142 2745 nsri
171 2667 325 2772 quaedam
355 2681 441 2748 bona
468 2678 693 2766 ecclesiastica,
723 2677 886 2745 declarant
914 2699 948 2744 se
971 2675 1004 2744 id
1026 2676 1130 2746 facere
1154 2679 1193 2747 de

80 2808 226 2854 consensu
238 2785 365 2854 donnni
379 2786 515 2855 loannis
526 2787 649 2854 summi
665 2783 843 2875 Pontifices,
856 2783 1022 2876 nostrique
1036 2784 1193 2878 spiritua-

79 2894 113 2960 lis
135 2896 254 2963 Patris.
281 2894 378 2986 (Vide
393 2895 536 2987 diploma
550 2893 636 2988 apud
652 2893 825 2979 Muratori,
842 2892 912 2961 loco
936 2893 1007 2981 eit,
1033 2916 1066 2986 p.
1097 2898 1187 2986 llo.)

82 3006 109 3068 2·
119 3003 220 3074 Suam
244 3006 277 3072 in
302 3005 459 3074 beneficia
474 3013 663 3099 potestatem
688 3013 905 3074 exercuerunt
920 3005 1059 3074 Romani
1075 3007 1192 3075 Ponti-

82 3109 148 3179 fices
162 3093 291 3204 legibhs
304 3115 423 3205 quibus
439 3112 479 3182 dc
492 3112 561 3181 istis
576 3114 671 3182 bonis
687 3135 746 3182 sua
760 3114 949 3182 auctoritate
965 3113 1191 3205 disponebant.

82 3219 116 3286 Et
129 3222 238 3312 primo
252 3221 487 3291 confirmabant
500 3222 708 3290 suaecclesiis
719 3230 751 3290 et
767 3221 969 3290 monasteriis
980 3221 1076 3291 hona.
1092 3222 1193 3293 Plena

82 3325 255 3397 Pontificiis
280 3328 440 3420 ejusmodi
461 3328 691 3420 diplomatibus
715 3337 763 3398 est
793 3329 921 3420 Upbelli
947 3328 1047 3398 Italia
1074 3353 1192 3416 saera‚·

83 3437 179 3526 plenae
192 3439 372 3508 Muratorii
381 3439 599 3531 Antiquitutes
612 3439 735 3508 Italica
745 3436 850 3530 ,pleni
862 3437 995 3506 annales
1004 3447 1074 3506 tum
1086 3439 1192 3508 Bene-

84 3531 187 3616 dictini
209 3556 279 3616 turm
299 3545 572 3616 Catualduleuses.
599 3548 680 3616 Item
713 3545 866 3615 uniebant
891 3544 973 3613 duas
997 3545 1193 3640 episcopales

84 3655 179 3746 ades,
199 3679 265 3750 quo
286 3666 360 3726 actu
379 3659 464 3725 bona
489 3658 587 3726 unius
614 3656 654 3727 ad
679 3656 813 3725 alteram
837 3655 1075 3725 transferebant
1099 3657 1194 3748 (Vide

85 3763 114 3831 S.
142 3766 239 3858 Greg.
267 3767 378 3857 Magni
402 3768 459 3836 lib.
480 3771 511 3856 1,
528 3769 623 3862 epist.
653 3771 684 3856 8,
700 3776 731 3835 et
744 3767 801 3834 lib.
825 3769 857 3852 2,
872 3765 965 3856 epist.
986 3764 1054 3856 ot).
1071 3765 1194 3855 Tertio,

85 3872 292 3943 concedebant
313 3875 497 3944 facultatem
517 3873 679 3944 alienandi
706 3875 792 3942 bona
813 3871 1035 3941 ecclesiastica.
1066 3874 1102 3942 ld
1119 3898 1197 3944 con-

86 3987 170 4054 cessit
188 4009 221 4053 v.
251 4008 283 4076 g.
304 3983 510 4052 Innocentius
525 3983 569 4051 Ill
584 3983 715 4072 Pagano
731 3979 929 4048 Vulterrano
944 3977 1114 4073 Episcopo,
1132 4007 1198 4052 nott

87 4092 236 4178 obstante,
257 4095 361 4188 inquit
375 4095 428 4164 ille
443 4094 607 4179 Pontifex,
624 4091 753 4160 uinculo
760 4089 952 4181 juramenti
966 4090 1056 4181 quod
1066 4093 1157 4162 nobis
1169 4109 1199 4163 et

91 4203 272 4292 Apostolica
288 4203 367 4272 Sedi
377 4203 497 4294 [uastis
510 4201 550 4271 de
564 4225 628 4271 non
644 4196 851 4272 concedendis
866 4196 967 4266 alicui
984 4199 1170 4271 bounded
1184 4241 1202 4254 -
