3072 4948
526 481 607 533 roera
629 482 779 534 canonici.
1143 469 1205 534 369

110 645 126 686 a
145 629 244 690 mant.
263 621 311 692 lta
324 621 459 694 babetur
472 647 661 717 expressum
676 627 710 694 in
723 627 947 718 extravaganti
963 631 1070 720 Super
1084 640 1202 718 pentes,

110 759 125 798 a
149 733 198 824 (de
217 736 453 818 emmoniae,
481 737 566 806 inter
586 740 806 828 communes);
833 738 889 806 ubi
913 738 986 806 talis
1009 735 1206 807 consuetudo

107 866 123 903 a
145 863 210 911 non
231 841 338 912 solum
361 853 399 912 nt
421 844 661 927 irrationabilis,
683 844 739 914 sed
762 844 857 913 etiam
870 844 999 934 ntSedi
1014 845 1207 937 Apostolieae

106 949 276 1042 «ejusque
301 955 450 1043 potestati
467 953 641 1022 detrahens
662 960 694 1022 et
717 952 884 1043 injuriosa,
909 975 946 1020 aa
971 973 1207 1045 nonnunquam

107 1083 122 1120 a
143 1058 326 1128 animarum
343 1059 440 1130 saluti
460 1061 631 1146 contraria,
657 1060 786 1152 penitus
807 1059 1020 1151 reprobatnr;
1045 1060 1208 1152 simulque

107 1165 295 1234 «statuitur
314 1176 353 1235 nt
379 1167 437 1260 qui
460 1167 561 1236 dictos
583 1169 721 1257 Legatos
746 1166 904 1258 impedire
927 1169 1207 1258 praesumpserint,

106 1299 122 1336 a
143 1273 214 1363 ipso
230 1273 314 1342 lacto
339 1276 704 1344 excommunicationem
728 1275 907 1360 incurrant,
929 1283 1091 1342 eteorum
1111 1281 1207 1342 terrm

104 1404 120 1441 a
142 1379 212 1470 ipso
235 1381 447 1450 ecclesiastico
469 1383 535 1450 sint
559 1382 711 1473 subjectae
732 1379 914 1467 interdicto,
936 1379 1082 1472 quandiu
1102 1380 1137 1448 in
1152 1381 1208 1449 tali

105 1514 121 1550 «
142 1491 342 1559 contumacia
364 1492 571 1582 perstiterint.
596 1493 670 1558 »ln
695 1491 787 1558 brevi
808 1489 857 1559 Pii
875 1489 922 1558 Vl
940 1491 1048 1581 Super
1067 1491 1208 1558 omoio-

103 1597 181 1664 turis
206 1617 273 1666 non
296 1599 520 1668 tantummodo
541 1599 738 1668 damnantur
756 1597 813 1690 qui
838 1595 1019 1688 impediunt
1034 1597 1208 1688 legationes
1317 1648 1322 1662 ,

102 1685 299 1793 apostolicas,
320 1705 376 1773 sed
399 1729 458 1797 per
478 1706 631 1775 volumen
655 1706 818 1794 integrum
840 1704 954 1795 probat
974 1703 1142 1772 Romanus
1155 1703 1208 1771 ille

99 1809 249 1880 Pontifex
270 1835 369 1904 quam
388 1823 476 1882 certo
493 1835 632 1906 pravum
650 1813 692 1880 sit
705 1819 736 1881 ct
750 1810 933 1880 damnabile
948 1811 1024 1880 talia
1038 1818 1205 1880 attentare.

100 1915 192 1986 Unde
210 1920 409 1988 consuetudo
430 1918 470 1988 de
494 1942 559 2011 qua
573 1920 682 2009 agitur
695 1919 814 1987 nedum
831 1941 990 1988 consensu
1006 1922 1101 1990 tacito
1116 1921 1208 1992 Sedis

100 2023 292 2114 Apostolicae
309 2027 367 2094 niti
382 2027 540 2095 censenda
553 2027 607 2114 sit,
622 2035 653 2094 et
670 2029 737 2094 vim
755 2026 885 2112 habere,
902 2049 1055 2118 expressa
1069 2039 1209 2098 econtra

99 2142 128 2200 et
141 2135 278 2203 solemni
293 2134 497 2205 damnatione
511 2136 596 2204 inter
610 2135 757 2204 exitiales
770 2136 967 2225 corruptelas
981 2137 1139 2228 rejicitur.

604 2437 702 2526 §m

99 2627 132 2680 De
154 2630 279 2695 requisito
305 2631 442 2695 Principia,
463 2631 488 2682 id
512 2637 559 2696 eat,
580 2633 674 2682 summi
694 2631 824 2684 Pontificio
843 2645 983 2696 consensu,
1005 2636 1032 2684 ut
1048 2637 1206 2688 consuetudo

569 2714 622 2763 vim
638 2713 739 2765 habeat.

139 2925 239 2995 Nulla
269 2927 379 2996 forsan
412 2929 521 2998 existit
547 2929 681 3020 quaestio
715 2928 748 2996 in
773 2927 1030 3022 jurisprudentia
1056 2935 1208 3002 canonica

97 3056 169 3124 quae
196 3034 330 3125 majoris
343 3031 447 3104 =simul
473 3035 627 3105 momenti
648 3037 692 3104 sit
711 3045 741 3104 et
764 3035 973 3107 difficultatis.
991 3039 1091 3108 Caute
1108 3041 1208 3130 igitur

97 3139 338 3232 distinguenda
360 3151 436 3212 sunt
456 3143 556 3212 variae
583 3145 652 3235 ejus
676 3155 794 3236 partes,
817 3157 849 3214 et
869 3147 908 3215 de
934 3170 1128 3242 unaquaque
1150 3172 1208 3218 ao-

97 3261 205 3319 curate
223 3249 468 3342 inquirendum.

555 3459 712 3516 PUNCTUll
731 3461 750 3515 l.

142 3605 250 3662 Certum
282 3613 321 3660 ast
350 3605 446 3674 requiri
471 3611 583 3676 aliquam
611 3611 738 3676 Principia
765 3624 920 3664 scammum
948 3617 975 3663 ut
1000 3615 1160 3666 consuetudo

567 3691 618 3742 rim
641 3693 742 3744 habeat„

141 3873 200 3942 Est
219 3873 377 3941 sententia
395 3873 576 3941 communis
599 3872 782 3961 doctorum,
802 3882 834 3940 et
852 3871 942 3940 illam
963 3879 1000 3941 ut
1014 3877 1133 3942 ceriam
1149 3873 1208 3942 ha-

99 3981 186 4050 bent.
212 3979 290 4050 Vim
311 3979 401 4048 enim
420 3981 538 4050 habere
560 3979 679 4049 dicitur
698 3981 909 4067 consuetudo,
930 3979 1059 4073 quando
1074 3980 1126 4052 vel
1143 3981 1209 4050 im-

100 4093 192 4181 ponit
216 4089 447 4180 obligationem
476 4089 617 4182 aliquam
647 4098 768 4182 praeter
797 4089 1008 4181 obligationes
1034 4113 1054 4158 a
1079 4089 1208 4180 legibus

101 4201 229 4294 scriptia
252 4209 306 4271 aul
332 4197 456 4270 traditis
482 4207 627 4284 statutas,
655 4199 707 4270 vel
734 4198 848 4268 eximit
874 4199 915 4266 ab
939 4197 1047 4290 aliqua
1066 4198 1148 4290 lege.
1171 4202 1209 4268 ln

1013 4313 1052 4372 Ἃ
