3048 4954
508 503 590 552 suuis
611 505 763 552 cononici.
1154 487 1192 550 ai

88 665 167 712 crans
194 643 345 714 fidelibus
375 647 529 738 synaxim
560 647 780 739 impertiendi·
813 647 929 716 Valere
964 655 1072 716 nutem
1105 647 1194 716 illam

86 753 343 822 consuetudinem
370 753 447 823 inde
471 754 608 845 urgebat
639 754 744 824 dicius
767 754 964 848 Episcopus,
991 753 1095 847 quod,
1123 754 1197 822 licet

83 857 145 948 jori
169 861 333 930 communi
355 863 535 949 contrane,
565 862 745 934 diutissime
769 871 843 930 ante
861 862 1092 932 concordatum
1118 861 1199 931 anni

88 968 163 1034 1801
184 968 383 1056 obtinuerat,
410 993 469 1038 nec
494 979 604 1062 postea
630 970 780 1040 desierat.
807 971 913 1052 Quam
929 970 1087 1039 rationem
1104 969 1198 1038 Emi—

87 1075 286 1145 nentissimus
299 1077 418 1166 Orioli,
436 1079 531 1147 dictes
546 1079 816 1172 congregationis
831 1079 1026 1172 praeieotus,
1044 1088 1076 1148 et
1089 1079 1147 1171 qui
1162 1079 1197 1147 in

87 1182 139 1250 buo
153 1207 250 1253 causa
274 1185 462 1256 carceralis
481 1187 636 1255 Ponentis
654 1196 761 1279 partes
785 1187 921 1276 agebat,
942 1187 987 1254 sic
1001 1187 1198 1279 impugnan-

88 1290 155 1358 dam
175 1291 272 1361 duxit
295 1319 303 1360 :
325 1321 342 1358 o
365 1295 463 1362 Anno
487 1298 584 1380 1802,
609 1295 775 1363 occasione
793 1294 997 1362 celeberrimi
1016 1292 1201 1362 concordati

91 1425 104 1460 s
124 1398 206 1468 inter
222 1409 343 1468 sanctes
367 1402 533 1470 memoriae
560 1401 657 1472 Pium
671 1401 735 1472 Vll
757 1411 788 1470 et
805 1401 1002 1492 Reipublicae
1018 1400 1198 1470 Galliarum

90 1534 103 1570 s
123 1507 265 1598 primum
282 1510 467 1598 consulem,
485 1535 544 1603 per
559 1513 825 1580 constitutionem
842 1511 908 1596 Qui
925 1511 1052 1580 Christi
1066 1510 1201 1578 Domini

92 1640 105 1676 s
124 1616 203 1685 vices
218 1617 314 1712 initi,
331 1616 365 1686 id
388 1618 423 1686 in
438 1641 536 1711 scopo
559 1619 621 1688 fuit
642 1627 678 1686 ut
699 1619 922 1688 destrueretur
941 1627 1028 1687 totus
1047 1618 1200 1709 antiquus

91 1750 104 1786 s
124 1732 225 1794 status
242 1725 415 1816 cujuslibet
433 1725 656 1818 episcopatus,
674 1726 849 1818 cujuslibet
867 1727 1021 1820 capituli,
1040 1737 1072 1796 et
1087 1726 1200 1818 cujus-

90 1857 104 1894 α
123 1831 200 1900 libet
214 1833 377 1924 parochie
385 1861 394 1918 ;
413 1835 639 1904 substituendo
653 1835 713 1904 hac
726 1835 838 1904 eadem
855 1837 1085 1905 constitutione
1097 1834 1198 1902 alium

89 1963 245 2008 «novum
279 1949 419 2024 statum,
457 1943 595 2012 omuino
626 1966 645 2011 s
681 1943 805 2035 priori,
844 1944 1025 2012 formaliter
1058 1943 1198 2026 saltem,

89 2047 300 2116 «diversum.
337 2048 380 2116 Et
400 2049 553 2140 quamvis
583 2051 754 2142 (quantum
780 2051 814 2116 in
842 2049 928 2120 dicta
956 2049 1046 2118 bulla
1070 2059 1102 2117 et
1126 2049 1199 2118 aliis

89 2156 181 2246 «ipsi
210 2156 349 2224 annexis
375 2156 643 2248 dispositionibus
676 2157 843 2226 observari
875 2156 991 2250 potuit)
1025 2156 1107 2227 nihil
1141 2181 1200 2226 ex-

89 2285 230 2354 «presse
255 2272 416 2332 statuatur
437 2264 544 2356 quoad
567 2265 779 2357 pristinarum
804 2264 1076 2336 consuetudinum
1097 2266 1199 2335 obro-

90 2397 103 2432 ιι
123 2372 304 2460 gationem,
324 2370 394 2439 baec
414 2380 522 2440 tamen
542 2372 709 2462 subrogatio
729 2379 884 2466 tanquam
913 2371 992 2464 quid
1020 2375 1199 2443 necessario

90 2503 323 2574 sconsequens
346 2482 546 2552 admittenda
573 2483 713 2551 videtur.
744 2483 829 2552 Cum
852 2483 940 2551 enim
956 2482 1080 2552 deletus
1100 2484 1200 2552 fuerit

89 2591 382 2682 unuiuscujusque
400 2591 550 2660 Ecclesiae
572 2591 686 2658 titulus
721 2613 797 2660 cum
823 2591 976 2660 omuibus
1002 2591 1195 2683 privilegiis,

90 2696 253 2787 «juribus
275 2709 306 2766 et
325 2699 567 2790 prerogativis,
589 2697 753 2791 quomodo
774 2697 912 2788 inteliigi
932 2707 1035 2790 potest
1055 2699 1198 2768 adfuisse

90 2805 336 2876 «intentionem
361 2809 506 2898 integras
531 2807 735 2900 relinquendi
764 2809 1031 2894 consuetudines,
1060 2833 1199 2899 genera-

89 2941 103 2975 «
124 2916 209 2984 tibus
222 2917 404 3008 presertim
420 2917 572 2986 Ecclesiae
588 2917 716 3008 legibus
731 2918 909 2987 contrarias
929 2919 998 3008 (tii
1022 2945 1038 2982 »

126 3025 174 3093 Ex
199 3025 309 3094 relatis
334 3036 444 3096 antem
466 3027 722 3095 Eminentissimi
748 3026 922 3095 cardinalis
944 3026 1047 3096 Orioii
1071 3029 1196 3116 verbis,

86 3141 167 3222 putet
192 3133 254 3225 ipsi
278 3157 471 3226 persuasum
498 3133 597 3203 tuisse
626 3133 818 3203 concordato
845 3135 923 3203 anni
951 3139 1031 3203 1801
1064 3136 1198 3204 minime

86 3241 300 3332 supervixisse
324 3244 498 3333 pristinum
517 3243 589 3333 jus,
621 3241 802 3312 Galliarum
834 3243 987 3312 Ecclesiis
1011 3245 1195 3337 proprium.

115 3529 144 3588 (tt
161 3529 222 3579 uso
236 3527 427 3594 desumpsimus
437 3539 470 3578 ex
480 3527 668 3579 consultatione
679 3528 736 3592 ipsa
745 3527 831 3578 italica
844 3527 940 3591 scriptu
955 3531 980 3577 et
989 3526 1016 3578 in
1027 3527 1200 3592 typographia

88 3607 193 3659 &meras
212 3608 368 3680 Apostolicse
393 3623 498 3670 excuss,
517 3609 613 3674 pagins
634 3613 672 3657 16.
691 3609 788 3659 Tantus
809 3612 896 3658 antem
916 3607 1018 3658 italicus
1043 3607 1080 3658 sic
1099 3607 1197 3658 habet:

89 3706 100 3732 s
115 3691 155 3742 tici
169 3695 241 3754 teus,
253 3692 313 3742 netl'
325 3693 464 3744 occasione
478 3693 521 3744 del
535 3693 639 3743 celebra
655 3691 816 3744 coneordato
830 3695 870 3740 tra
886 3691 910 3740 ts
923 3691 948 3740 S.
959 3691 993 3741 u.
1009 3690 1035 3740 di
1050 3689 1096 3741 Pio
1106 3691 1153 3740 v11
1167 3690 1199 3740 ed

89 3773 226 3839 sitprimo
245 3775 352 3825 console
368 3775 437 3826 della
454 3775 598 3840 Republica
615 3775 743 3835 tranosse,
755 3772 886 3824 mediante
905 3772 929 3821 ts
951 3761 1138 3822 constituzioda
1151 3771 1201 3833 Qui

89 3869 100 3898 s
115 3855 213 3905 Christi
230 3857 335 3906 nomm
348 3857 422 3914 vices,
437 3857 460 3908 si
481 3855 548 3906 ebbe
568 3855 595 3904 in
607 3854 672 3905 visto
692 3855 719 3904 di
735 3854 896 3917 distruggere
911 3856 978 3902 tutto
992 3852 1018 3902 to
1031 3855 1097 3902 stato
1112 3852 1200 3902 antico

90 3952 100 3978 s
113 3935 137 3984 di
150 3935 214 4000 ogni
223 3935 407 3998 vescovsto,di
416 3935 480 4001 ogni
492 3933 615 4000 capitolo,
625 3937 651 3984 et
662 3934 687 3984 di
701 3935 762 3998 ogni
775 3933 924 3998 parrochia,
934 3931 1129 3996 surrogandone
1139 3933 1201 3983 noll·

90 4023 162 4070 sotto
180 4023 263 4069 stesso
280 4032 333 4069 uno
351 4032 451 4082 nuovo,
462 4019 645 4070 tormalmente
658 4019 772 4079 ulmodo,
786 4021 852 4067 tuito
871 4017 913 4066 dul
930 4015 1065 4079 primierio
1079 4015 1199 4067 dissomi-

90 4099 215 4162 «guanto.
227 4099 247 4149 s
261 4099 387 4160 sabbeue,
399 4113 447 4164 per
460 4103 558 4165 quanto
570 4098 629 4150 sissi
643 4098 670 4148 tn
685 4112 742 4148 essa
753 4098 824 4149 bollo
838 4097 871 4147 ed
885 4098 950 4148 altre
967 4095 1135 4160 disposicioni
1149 4112 1200 4149 con

91 4196 101 4223 ι
114 4195 167 4230 essa
181 4193 311 4230 concesse
322 4184 465 4244 osservsto,
475 4179 547 4230 notio
560 4182 770 4243 expressamente
784 4177 806 4228 si
816 4178 948 4229 stabilisse
961 4177 1018 4228 suli'
1028 4177 1199 4244 obrogazione

92 4261 179 4313 «dritta
194 4260 302 4328 pristine
317 4261 509 4325 consuetudini,
523 4261 627 4312 sembra
640 4262 705 4328 pero
720 4259 823 4312 dosersi
836 4259 878 4310 oid
890 4259 1002 4311 ritonere
1012 4275 1088 4312 come
1102 4275 1163 4313 cosa
1175 4263 1202 4314 di

1020 4348 1037 4408 7
