3050 4946
532 551 615 600 senis
636 550 789 599 ennorncs.
1156 525 1217 598 tlt

100 688 287 780 Ancyrsnis
301 697 332 758 et
351 689 667 762 Neocaessricnsibus
686 701 831 785 tempore
847 691 1053 784 posteriores,
1070 714 1220 785 expresse

99 803 248 868 notatum
273 798 439 867 invenitur
460 799 496 868 in
517 799 708 892 prestatione
728 822 828 892 quem
849 800 991 870 ioannes
1006 800 1222 872 Scholastieus

97 927 167 974 suae
192 905 372 974 collectioni
400 907 595 998 premisit:
627 909 694 992 Qui
722 907 854 1000 quidem
878 907 1019 980 Nicenr's
1048 908 1222 978 canonibus

98 1027 247 1105 tempore
262 1016 403 1108 priores,
426 1029 564 1108 propter
586 1017 819 1085 anctoritatem
844 1037 931 1099 vero,
959 1039 1015 1085 sen
1036 1017 1220 1086 libertatem

95 1123 260 1212 penerolis
274 1121 393 1214 synodi
399 1123 593 1214 posteriores
608 1135 682 1192 sunt
701 1123 800 1216 (apud
809 1123 1001 1212 Ballennos,
1014 1124 1085 1194 loeo
1095 1125 1219 1216 citato).
1273 1141 1276 1152 ’

96 1227 133 1296 Si
149 1249 289 1298 canones
309 1230 520 1317 Antiocheni,
536 1231 710 1300 Laodiceni
725 1239 756 1300 et
770 1229 1118 1323 Constantinopolitani
1132 1256 1221 1302 non-

94 1335 178 1404 dum
192 1337 305 1406 inserti
320 1337 461 1424 fuerent,
477 1338 609 1430 quondo
625 1337 806 1430 descriptus
821 1348 870 1407 est
883 1337 986 1408 codex
1000 1363 1066 1432 quo
1077 1341 1129 1410 usi
1143 1351 1221 1410 sunt

93 1453 245 1514 auctores
267 1446 455 1516 versionum
479 1445 670 1516 Isidorionae
692 1455 724 1514 et
742 1446 875 1530 Prisce,
897 1447 1158 1518 concludendum
1173 1458 1222 1518 est

93 1577 151 1623 eos
165 1562 278 1647 postes
293 1555 392 1624 tuisse
408 1555 550 1626 additos.

139 1662 222 1731 Dein
242 1663 355 1732 inserti
373 1671 450 1732 sunt
473 1674 504 1732 et
529 1686 669 1733 oenones
690 1663 864 1757 Ephesinae
885 1665 1016 1757 synodi,
1040 1675 1072 1735 et
1089 1667 1219 1738 tandem

92 1772 198 1840 sencti
218 1771 330 1839 Basilii
349 1772 486 1862 regulae.
511 1772 640 1842 Statum
662 1781 818 1841 autemst
837 1773 1085 1866 dispositionem
1101 1775 1221 1846 codicis

90 1881 298 1949 ecelesiastici
324 1879 539 1978 Orientalium
571 1882 632 1949 suh
660 1881 847 1950 Justinieno
875 1883 1071 1974 iniperetore
1085 1883 1220 1976 dignos-

91 2010 165 2058 cere
180 1988 255 2057 lieet
269 2010 310 2056 ex
324 2010 424 2079 supra
439 1989 568 2057 laudata
584 1989 774 2079 prefatione
787 1989 922 2059 ioannis
943 1990 1146 2080 Scholastici,
1162 1993 1219 2084 qui

90 2095 344 2189 patriarchalem
370 2096 480 2164 sedem
515 2097 913 2189 Constantinopolitanae}
930 2121 1090 2190 occupare
1121 2102 1221 2192 coepit

89 2230 180 2277 anno
205 2211 280 2274 564.
302 2206 357 2276 Sic
377 2208 465 2276 enim
487 2214 601 2276 auctor
616 2208 673 2276 ille
689 2231 853 2278 summam
867 2210 1000 2280 exhibet
1011 2233 1125 2280 eorum
1142 2235 1217 2302 quae

89 2343 151 2388 suo
183 2327 328 2410 tempore
359 2317 393 2384 in
421 2339 585 2387 cononum
620 2318 864 2387 collectionibus
893 2321 1007 2412 reponi
1036 2321 1215 2390 solebant:

4 2479 6 2490 ,
88 2428 180 2496 (inno
197 2449 352 2496 senonen.
375 2426 494 2494 Sancti
519 2425 657 2494 Domini
676 2425 830 2517 despecti
844 2439 875 2495 et
890 2428 1037 2520 Apostoli
1051 2429 1216 2520 octopinto

86 2537 234 2628 quinque
247 2558 384 2604 canones
399 2535 573 2604 Clementis
585 2555 684 2625 opero
699 2533 883 2604 ediderunt.
902 2541 980 2606 Post
993 2538 1051 2607 lios
1069 2561 1143 2606 cero
1159 2539 1217 2630 qni

86 2645 236 2734 deinceps
251 2643 412 2712 consecuti
423 2657 512 2725 snnt,
533 2656 636 2734 prout
652 2643 740 2734 infre
753 2644 938 2736 subjeetum
952 2659 1009 2714 cst.

133 2762 337 2827 Sanctorum
353 2761 416 2825 318
435 2761 575 2826 Petrum
591 2757 710 2828 Nissen
731 2772 1016 2849 conpreqotornm,
1041 2763 1213 2830 consulatu

85 2867 241 2936 Paullini
259 2879 289 2934 et
312 2865 440 2935 Iuliani
461 2865 730 2946 clarissimorum,
754 2890 842 2936 anno
867 2868 909 2937 ab
925 2868 1113 2938 Alesondro
1133 2873 1209 2958 606,

86 2976 209 3044 mensis
225 2975 313 3043 Desii
331 2979 383 3060 19,
403 2977 442 3040 13
459 2972 615 3040 leniendos
622 2974 719 3064 jolii,
738 2997 875 3044 conones
889 2979 944 3044 20.

132 3094 313 3157 Beotornm
340 3091 483 3172 Rntrnm
512 3089 650 3178 Ancyrae
678 3102 964 3180 conprepotornm,
991 3114 1126 3162 canones
1152 3099 1206 3163 25.

87 3197 157 3280 Qui
185 3194 317 3287 quidem
344 3194 485 3266 Nicenis
522 3194 700 3262 canonibus
730 3207 874 3288 tempore
900 3199 1045 3289 priores,
1072 3214 1209 3292 propter

83 3303 319 3373 anctoritatem
334 3325 421 3382 vero,
434 3323 489 3370 sen
505 3301 690 3370 libertatem
701 3303 861 3390 pennalis
875 3306 1001 3394 synodi,
1013 3309 1208 3398 posteriores

82 3406 172 3464 sunt.

128 3508 332 3572 Sanctorum
367 3505 509 3570 Poenam
539 3504 754 3574 Neocaesoree
788 3519 1070 3595 conprepotornm,
1103 3532 1205 3578 cono-

80 3635 139 3681 nes
157 3615 210 3679 li.
233 3614 309 3703 Ipso
325 3610 427 3677 etiem
440 3609 584 3701 synodus
604 3609 738 3678 Nissenci
754 3610 886 3701 quidem
895 3615 991 3702 prior
1000 3616 1079 3704 fnit,
1098 3619 1206 3710 Aney-

79 3722 169 3789 ranct
201 3741 276 3786 vero
307 3717 469 3809 posterior
502 3744 513 3784 :
540 3718 674 3787 nonoris
708 3741 783 3788 cero
818 3721 930 3809 pretio
965 3723 1099 3793 Nisseno
1125 3727 1204 3818 ipsis

75 3828 262 3922 preposito
278 3840 335 3896 est.

132 3943 276 4008 Petrum
305 3936 453 4005 Serdicee
487 3918 759 4030 conprepotorirm
790 3953 867 4031 post
895 3943 1042 4014 Nissenos
1072 3946 1199 4030 Patres,

78 4069 219 4116 conones
237 4051 291 4116 21.

125 4157 270 4222 Potrnrn
296 4156 441 4247 Generis
467 4169 753 4250 conprepotornrn,
777 4182 799 4225 o
824 4159 940 4249 quibus
965 4159 1105 4250 repositi
1127 4179 1204 4235 sunt

79 4285 220 4332 canones
234 4266 288 4332 20.

1006 4381 1044 4440 27
