3072 4948
554 475 634 524 runis
657 474 805 524 cssomcr.
1173 455 1233 521 383

126 613 224 707 (vide
242 611 463 701 Reillenstuel,
489 614 511 683 1.
533 619 546 683 l
572 617 711 703 Deerat,
737 616 788 684 ot.
807 621 825 683 l
847 615 886 684 de
903 611 1147 699 Gmuuetudins,
1164 617 1184 709 ᾖ
1203 623 1233 705 5,

122 747 157 792 n.
178 727 265 814 tto.)
1232 747 1234 752 ’

166 833 339 904 Contraria
359 854 436 902 vero
458 833 616 902 senmntiu
637 841 686 902 est
702 833 806 902 multo
827 834 1041 904 communior.
1060 835 1108 906 De
1122 835 1177 904 illa
1190 837 1235 903 sic

120 938 252 1010 disserit
265 940 385 1010 Suaren
400 939 456 1030 (de
467 941 621 1030 Legibus,
638 941 662 1010 l.
680 945 712 1026 7,
728 963 756 1010 c.
776 943 829 1026 13,
845 963 880 1009 n.
899 942 931 1032 6)
947 969 956 1009 :
976 969 993 1007 (ι
1008 943 1153 1012 Dicimus
1167 965 1234 1013 non

124 1071 293 1140 «semper
314 1071 383 1118 esse
407 1049 624 1121 necessarium
646 1072 833 1120 concessum
855 1049 958 1142 priori
988 1051 1085 1120 modo
1109 1053 1233 1142 praesti·

123 1182 142 1222 a
165 1165 235 1226 tum
250 1180 271 1226 a
285 1156 447 1249 Principe,
470 1155 527 1226 sed
542 1157 754 1249 posteriorem
770 1157 926 1228 sufficere.
942 1158 1026 1227 Nuus
1041 1157 1130 1252 qnod
1145 1161 1235 1252 prior

124 1293 142 1332 a
165 1263 303 1334 sufficiet
319 1287 377 1356 per
391 1287 425 1332 se
440 1273 553 1334 notum
569 1273 640 1351 est;
656 1264 746 1358 quod
760 1275 867 1336 autem
882 1289 948 1336 non
963 1266 1007 1334 sit
1020 1267 1231 1352 necessarius,

121 1399 140 1438 «ι
162 1371 219 1442 sed
239 1370 401 1440 secundus
428 1373 523 1440 etiam
549 1371 702 1459 sufficiat,
728 1373 884 1463 probatur
907 1402 915 1441 :
935 1374 1013 1466 quia
1028 1373 1082 1442 lex
1104 1395 1233 1465 semper

121 1509 139 1548 o
162 1481 319 1574 loquitur,
345 1490 377 1550 et
401 1504 465 1549 non
486 1481 594 1551 minns
616 1481 729 1551 efficax
755 1492 803 1551 est
823 1483 974 1552 voluntas
997 1482 1157 1574 Principis
1175 1504 1235 1575 per

123 1617 140 1655 c
164 1591 268 1682 legem
293 1593 440 1684 loquens,
462 1616 560 1686 quam
585 1592 769 1662 immediate
791 1613 849 1684 per
880 1617 913 1661 se
940 1592 1051 1662 volens
1072 1600 1128 1661 aut
1148 1613 1234 1684 pras-

123 1728 140 1764 c
164 1701 326 1792 cipiens...
345 1701 397 1770 Ex
416 1701 466 1770 his
487 1701 592 1770 inleso
614 1751 665 1787 ...,
682 1699 814 1792 quando
826 1699 1027 1770 consuetudo
1047 1700 1235 1792 praescripta

123 1807 215 1899 ojus
248 1808 384 1896 inducit,
414 1818 491 1878 tuno
519 1831 586 1878 uon
619 1807 777 1900 postulari
806 1831 1000 1878 consensum
1031 1808 1231 1900 personalem

123 1943 141 1982 ι(
164 1916 338 2009 Principis,
373 1939 411 1986 ao
436 1916 575 1985 subinde
602 1938 660 1984 nec
694 1917 864 2008 specialem
898 1918 1066 1986 scientiam
1094 1917 1233 2009 ejusde

121 2049 139 2086 a
164 2022 220 2091 tuli
246 2023 499 2102 cousuetudiue;
522 2021 578 2090 sed
598 2023 670 2114 ipso
691 2021 774 2090 nihil
796 2022 836 2092 de
857 2046 942 2092 noro
966 2024 1085 2094 sciente
1102 2032 1159 2092 aut
1173 2046 1234 2092 vo-

123 2157 142 2196 «
164 2131 250 2200 lente
271 2153 422 2223 expresse
442 2131 493 2202 vel
509 2131 615 2218 tacite
636 2129 904 2200 consuetudinem
918 2130 1088 2200 efficaciter
1106 2131 1231 2200 induci.

124 2265 141 2302 c
165 2239 242 2306 llaeo
258 2248 305 2307 est
319 2241 503 2308 communis
523 2239 679 2308 sententis
695 2237 1003 2330 jurisperitorum...
1021 2237 1233 2307 Fundamen-

124 2355 235 2416 «tum
251 2347 454 2438 praeoipuum
482 2346 580 2436 hujus
601 2345 767 2414 sententies
790 2345 929 2414 sumitur
955 2367 996 2413 ex
1022 2344 1106 2414 dicto
1131 2347 1232 2437 capite

124 2481 141 2518 o
166 2453 279 2524 ultimo
303 2453 343 2522 de
365 2452 612 2534 desuetudine,
642 2452 699 2520 ubi
728 2459 853 2520 tautum
879 2453 954 2522 duce
973 2451 1172 2522 conditiones
1191 2455 1233 2523 ad

125 2560 431 2633 «consuetudinem
467 2561 692 2652 requiruntur,
730 2559 849 2628 scilicet
884 2569 921 2629 ut
953 2559 1152 2629 consuetudo
1192 2563 1234 2630 sit

124 2699 141 2737 a
163 2670 368 2741 rationabilis
383 2679 414 2739 et
424 2670 616 2762 praescripto
630 2695 643 2753 ,·
656 2691 734 2760 ergo
750 2670 819 2738 sine
831 2669 1042 2739 bundamento
1053 2670 1153 2761 juris,
1166 2672 1233 2740 imo

123 2807 140 2844 ι(
164 2788 276 2848 contra
295 2777 376 2846 illud
391 2777 446 2868 jns
460 2785 520 2864 est,
543 2799 661 2847 novam
683 2777 812 2868 exigere
827 2799 901 2869 quae
916 2777 1028 2845 inillis
1044 2799 1109 2846 non
1125 2780 1232 2848 conti-

123 2915 140 2952 «
164 2894 279 2955 nentur
294 2913 302 2952 2
316 2894 349 2954 ot
367 2885 513 2977 specialis
534 2885 665 2953 scientia
684 2884 846 2976 Principis
865 2893 913 2952 est
927 2907 1012 2954 nova
1029 2885 1171 2954 conditio
1195 2888 1231 2954 in

121 3021 139 3062 u
163 2995 230 3062 illis
248 3015 312 3062 uon
329 2992 475 3072 inclusa;
493 3015 571 3083 ergo
584 3015 651 3062 non
666 2999 714 3061 est
726 2995 929 3079 necessaria;
949 3016 1027 3084 ergo
1044 3017 1102 3062 nec
1115 3017 1232 3088 perso-

122 3129 140 3169 ι(
165 3103 248 3174 nelis
265 3125 440 3172 consensus
459 3102 516 3194 qui
536 3101 605 3170 sine
624 3101 680 3170 ills
700 3101 831 3170 scientia
849 3124 918 3170 esse
935 3124 1001 3171 non
1015 3111 1129 3194 potest.
1146 3103 1233 3173 Con-

124 3239 141 3278 «
165 3211 315 3282 firmatur
337 3234 375 3280 uc
396 3209 579 3278 declaratur
605 3235 612 3275 ε
636 3208 719 3290 Quia
740 3209 895 3300 Princeps
916 3209 1020 3300 potuit
1046 3210 1232 3299 generalem

123 3345 140 3384 a
164 3319 268 3408 legem
310 3326 447 3386 statuere
485 3317 718 3408 approbantem
753 3315 1019 3384 consuetudinem
1061 3317 1232 3386 habentem

124 3455 142 3494 a
163 3428 242 3496 tales
257 3425 453 3495 conditiones
468 3425 509 3492 ab
525 3423 593 3516 ipsc
615 3423 828 3515 praescriptas,
845 3431 876 3490 et
890 3431 926 3490 ut
940 3424 1008 3490 vim
1025 3423 1140 3492 habeut
1155 3423 1233 3491 abs-

124 3563 141 3601 «
166 3557 228 3627 que
254 3557 339 3603 novo
363 3554 422 3600 suo
448 3553 607 3600 consensu
634 3531 686 3598 vel
711 3530 864 3616 scientia,
892 3528 947 3596 sed
969 3529 1001 3596 id
1024 3529 1099 3598 lecit
1121 3530 1158 3597 in.
1176 3527 1234 3599 illo

125 3671 142 3708 a
167 3642 293 3710 decreto
309 3641 437 3732 (nempe
450 3661 479 3707 c.
504 3640 589 3706 Cum
603 3650 694 3706 toruo
713 3641 766 3724 ll,
781 3635 821 3706 de
837 3633 1074 3706 Consuetudioe
1088 3641 1120 3723 l,
1138 3637 1195 3705 lib.
1214 3640 1228 3705 1

126 3777 143 3817 e
167 3751 325 3841 Decret.);
347 3771 436 3839 ergo.
461 3748 565 3839 Major
584 3755 683 3839 patet,
705 3747 783 3838 quia
802 3746 863 3815 hoc
885 3767 951 3815 non
964 3745 1091 3814 excedit
1108 3746 1232 3814 Princi-

127 3887 146 3927 α
170 3861 219 3952 pis
234 3867 433 3951 potestatem,
448 3866 480 3924 et
497 3857 551 3925 ille
572 3855 687 3926 modus
705 3855 896 3924 ostendendi
917 3877 1010 3922 suam
1030 3855 1230 3924 voluntatem

127 3995 145 4033 a
168 3973 216 4035 est
241 3965 542 4048 sufficientissimus,
562 3971 599 4031 ut
629 3962 788 4031 declaravi
815 3990 822 4029 :
845 3971 892 4030 est
914 3963 1013 4030 etium
1036 3962 1234 4031 convenien-
1357 3984 1359 3988 ’

128 4075 326 4161 «tissimus,
360 4073 438 4166 quia
473 4071 636 4140 moraliter
669 4070 869 4162 impossibile
904 4081 951 4138 est
985 4069 1233 4140 consuetudines

130 4210 147 4250 c
170 4205 282 4254 ornnes
304 4182 343 4250 od
370 4181 524 4272 principis
548 4180 694 4248 notitiam
720 4180 901 4270 pervenire,
922 4180 1016 4270 juxta
1035 4183 1165 4272 caputl
1194 4179 1234 4252 de
