3050 4946
532 524 614 570 auara
637 524 789 572 cauomcr.
1155 509 1217 573 tat

101 655 202 726 itaet
227 661 407 729 necessaria
435 673 482 730 est
509 663 738 753 exceptionum
764 663 841 732 huie
866 665 936 754 juri
961 665 1048 757 apud
1075 667 1220 756 singulas

101 765 264 854 ecclesias,
281 789 338 836 seu
352 769 479 859 jurium
496 770 754 862 particularium,
774 773 876 841 notio.

145 872 320 942 Notionem
340 875 445 964 illam,
462 899 527 946 non
550 877 603 946 hic
623 879 797 970 seperatim
815 879 992 969 pervarias
1015 881 1218 952 excurrendo

99 981 250 1070 regiones
276 982 373 1073 (quod
401 984 435 1051 iu
460 984 662 1054 immensum
686 987 908 1056 tractationem
939 986 1022 1055 hanc
1051 989 1219 1080 traheret),

99 1087 157 1156 sed
184 1090 219 1156 iu
247 1090 490 1159 institutionum
519 1091 658 1161 decursu
681 1093 757 1162 data
784 1095 948 1163 occasione
975 1081 1216 1166 exhibebimus.

98 1195 255 1265 Discussa
279 1197 398 1266 scilicet
426 1221 485 1290 pro
509 1200 653 1292 qualibet
676 1202 856 1291 quastione
879 1201 1053 1269 communi
1074 1202 1160 1293 jure,
1190 1205 1218 1271 si

97 1327 165 1394 qua
178 1313 361 1396 opponatur
376 1306 443 1374 aive
464 1307 498 1374 iu
520 1307 638 1392 Gallia,
655 1309 725 1377 sive
748 1309 782 1375 in
804 1308 992 1394 Germania,
1008 1308 1125 1378 sivein
1141 1311 1217 1376 His-

96 1413 208 1502 pania,
230 1412 343 1481 aliisve
371 1413 559 1503 regionibus
584 1415 731 1504 legitima
756 1417 917 1508 exceptio,
936 1415 1166 1485 adnotabimus
1186 1425 1219 1485 et

96 1542 267 1612 proposse
290 1522 524 1614 expendemus.

437 2023 579 2118 PARS
618 2023 868 2138 QUARTA.

292 2273 342 2328 DE
367 2272 464 2328 tuna
490 2271 687 2329 ECCLESIAE
720 2273 1015 2333 CONS'I'ITUTIVO.

141 2500 362 2569 Constitutica
381 2503 533 2571 Ecclesiae
548 2525 704 2573 vocamus
720 2504 878 2595 primaria
900 2504 955 2572 illa
975 2506 1063 2595 jura,
1079 2529 1154 2598 quae
1170 2529 1211 2575 cx

91 2607 164 2696 ipsa
189 2607 339 2675 Ecclesiae
365 2607 477 2676 divina
503 2611 731 2679 constitutione
754 2610 942 2678 immediate
965 2621 1159 2702 sequuntur,
1182 2624 1215 2680 et

91 2713 213 2803 quibus
242 2723 398 2806 tanquam
431 2716 645 2786 fundamento
682 2717 849 2809 reliquum
883 2718 982 2786 totins
1010 2720 1214 2787 ecclesiastici

87 2821 174 2911 juris
194 2822 371 2892 aedificium
395 2827 670 2916 superextruitur.
688 2826 742 2892 Ad
758 2826 906 2895 divinam
928 2836 1037 2896 autem
1059 2828 1209 2897 Ecclesia

91 2933 354 3000 constitutionem
375 2933 445 3000 haec
468 2933 631 3024 pertinent
649 2961 656 3001 :
676 2938 709 3000 1⁰
722 2933 901 3002 Ecclesiam
924 2957 1019 3002 suam
1035 2935 1070 3002 in
1087 2936 1211 3006 mando

90 3039 232 3108 instituit
245 3041 394 3109 Christus
416 3062 493 3109 cum
510 3041 618 3111 forma
634 3065 721 3110 verae
743 3052 774 3109 et
793 3042 1019 3132 propricdictae
1039 3045 1210 3114 societatis.

90 3151 125 3214 2·
140 3147 224 3216 Eam
246 3147 384 3216 instituit
403 3171 481 3216 cum
501 3148 697 3233 hierarchia,
715 3158 880 3216 constante
893 3149 1062 3241 Episcopis
1076 3153 1211 3243 presby-

90 3257 168 3325 teris
183 3269 215 3324 et
236 3257 408 3326 ministris.
428 3260 460 3322 3⁰
476 3256 590 3324 Unum
615 3279 656 3324 ex
680 3255 861 3346 Episcopis,
880 3257 1070 3325 Romanum
1090 3260 1210 3330 scilicet

88 3366 292 3452 Antistitem,
307 3367 366 3434 toti
379 3365 532 3434 Ecclesiae
551 3365 728 3456 praeposuit
749 3372 904 3454 tanquam
920 3387 1114 3455 supremum
1130 3368 1208 3435 Pas-

89 3481 195 3541 torem
221 3495 279 3540 seu
306 3472 533 3561 monarcham,
562 3493 726 3562 suumque
752 3472 786 3538 in
814 3471 911 3538 terris
936 3471 1110 3560 naamam,
1131 3495 1207 3541 cum

88 3581 185 3673 plena
205 3589 360 3672 potestate
380 3580 518 3649 docendi
539 3601 576 3647 ac
597 3579 802 3669 gubernandi
825 3587 941 3646 caetera
962 3580 1113 3647 membra
1133 3603 1208 3648 om-

87 3689 155 3770 nia,
175 3689 208 3754 id
229 3698 289 3775 est,
305 3697 377 3756 tum
401 3710 439 3755 ea
464 3698 634 3779 quaesunt
657 3687 718 3754 sub
740 3684 933 3772 hierarchia,
950 3695 1021 3754 tum
1047 3709 1085 3754 ea
1108 3689 1207 3756 etiam

86 3820 163 3889 quae
183 3808 260 3866 suut
279 3795 319 3865 da
339 3795 533 3880 hierarchia.
552 3802 585 3864 4⁰
601 3796 725 3864 Praeter
739 3804 957 3866 memoratam
973 3796 1204 3884 hierarchiam,

85 3905 238 3974 Romano
268 3903 426 3995 Episcopo
453 3912 608 3994 tanquam
635 3901 731 3992 capiti
754 3901 947 3992 subjectam,
976 3924 1077 3994 quam
1100 3903 1204 3972 solam

86 4013 237 4081 Christus
250 4011 419 4078 'Dominus
440 4011 591 4096 instituit,
609 4009 690 4076 alias
708 4008 876 4098 possibiles
898 4009 985 4094 fecit,
1002 4018 1033 4077 et
1052 4009 1203 4078 Ecclesiae

87 4143 156 4188 suae
183 4120 368 4188 auctoritati
396 4117 593 4188 evolvendae
616 4116 759 4207 reliquit.
787 4116 982 4184 5⁰1ustituit
1006 4119 1040 4182 iu
1063 4117 1205 4186 Ecclesia

86 4251 146 4298 sua
164 4229 313 4297 Christus
335 4228 576 4316 magisterium,
592 4249 649 4294 seu
670 4230 860 4316 potestatem
880 4223 1018 4290 docendi
1024 4249 1033 4310 ;
1048 4223 1204 4316 J'urisdic-

1007 4338 1044 4398 32
