3072 4948
289 457 349 526 ltl
640 479 812 526 reserares
836 479 874 526 na
898 479 1052 525 erroneus

285 622 379 692 muni
399 631 531 692 cautum
551 630 600 692 est
619 629 656 690 nt
676 613 848 690 mirentur
867 619 1117 690 eonsuetudines
1139 621 1352 694 rationabiles
1371 633 1405 690 ct

286 730 429 823 legitime
436 731 650 824 masconta.

330 838 514 910 Prorosmo
534 838 896 908 2·.-1rraetanatito
915 850 946 906 et
968 839 1060 908 mata
1080 851 1126 906 est
1146 839 1255 908 omnis
1269 861 1407 908 winae-

287 943 366 1014 tudo
372 946 451 1038 jari
465 946 617 1014 naturali
628 959 687 1014 ant
702 945 812 1014 dienen
821 945 965 1038 position
980 945 1160 1014 contraria.
1175 983 1219 998 -
1234 945 1292 1015 Est
1305 947 1406 1016 etiam

287 1052 433 1122 doctriua
457 1062 544 1123 certa
569 1063 601 1122 et
626 1053 842 1123 communiter
864 1053 1016 1123 admissa.
1044 1053 1195 1123 Christus
1215 1054 1285 1146 ipse
1305 1055 1408 1124 dam-

286 1161 378 1230 navit
402 1161 591 1254 hujusmodi
616 1159 896 1230 consuetudines:
928 1164 1039 1245 Quare
1062 1174 1092 1231 et
1120 1185 1175 1230 eos
1200 1163 1408 1253 trarnqrede'-

287 1269 374 1338 mini
388 1285 593 1363 praeceptam
617 1271 678 1340 Dei
692 1282 829 1364 propter
843 1270 1058 1340 traditionem
1077 1277 1244 1341 uestram?
1273 1272 1405 1362 [Matth.

291 1379 357 1466 15.)
374 1379 411 1446 ln
434 1379 537 1472 eapite
556 1379 672 1448 ultimo
691 1379 732 1472 dc
748 1379 989 1450 Corunctadine
1005 1379 1092 1470 (libri
1110 1384 1123 1447 l
1143 1381 1270 1450 Deerat.
1286 1381 1338 1450 tit.
1358 1385 1406 1472 l),

288 1484 366 1552 tales
386 1485 636 1556 consuetudines
656 1485 809 1556 dicuutur
824 1487 1029 1580 corruptelae.
1050 1487 1149 1557 Ratio
1163 1496 1273 1557 autem
1289 1501 1380 1580 patet
1397 1519 1405 1560 :

287 1593 348 1660 hoc
370 1593 441 1684 ipso
463 1595 550 1662 enim
572 1593 660 1686 quod
678 1595 879 1666 cousuetudo
892 1605 1097 1688 supponatur
1111 1595 1180 1687 juri
1194 1593 1310 1664 divino
1324 1620 1408 1666 cou-

288 1699 400 1786 traria‚
424 1708 472 1769 cst
496 1703 709 1792 transgressio
730 1703 956 1772 mandatorum
978 1703 1056 1790 Dei3
1081 1705 1187 1772 omnis
1203 1726 1281 1772 vero
1296 1713 1409 1774 trans

287 1808 411 1897 gressio
427 1817 663 1902 praeceptorum
681 1811 740 1880 Dei
754 1819 920 1904 peceatum
935 1819 994 1880 est.
1021 1810 1114 1881 Unde
1130 1833 1287 1902 magnum
1301 1813 1408 1882 inter-

288 1913 372 1982 cedit
394 1915 567 1986 discrimen
590 1919 674 1988 inter
692 1919 942 1989 consuetudines
955 1941 1029 2012 quae
1045 1918 1259 1990 adversantur
1274 1929 1408 1991 tautum

284 2028 353 2119 juri
375 2027 598 2117 ecclesiastico,
624 2039 655 2098 et
668 2027 918 2098 consuetudines
933 2053 1008 2121 quae
1024 2038 1100 2098 sunt
1112 2029 1181 2120 juri
1195 2029 1310 2099 divino
1325 2055 1406 2100 con-

287 2135 408 2204 trariae.
431 2137 601 2206 Prioribus
615 2138 705 2206 euim
719 2138 930 2230 supervenire
946 2145 1097 2230 potestat
1112 2161 1199 2229 sape
1214 2142 1407 2230 supervenit

287 2267 462 2314 consensus
488 2245 693 2335 legislatoris,
724 2267 790 2337 qno
815 2245 917 2338 posita
944 2244 1073 2314 nullum
1099 2255 1147 2313 est
1174 2254 1342 2337 peccatum
1371 2249 1408 2316 in

287 2353 540 2443 transgressione
564 2353 717 2445 precepti
739 2353 956 2439 ecclesiastici,
980 2355 1057 2446 quia
1078 2353 1202 2422 tollitur
1216 2353 1299 2422 illud
1317 2379 1408 2446 prae·

286 2471 416 2553 ceptum
441 2469 586 2554 respectu
608 2459 648 2529 ad
671 2461 835 2553 populum
846 2463 1042 2530 contrariam
1056 2460 1325 2532 consuetudinem
1340 2463 1409 2532 ha-

286 2570 426 2637 bentem.
465 2569 662 2638 Posteriores
697 2591 774 2638 vero
808 2569 1073 2656 consuetudines,
1111 2577 1220 2661 utpote
1254 2569 1409 2640 adversae

286 2685 448 2767 praecepto
467 2675 593 2762 divino,
617 2675 703 2768 qood
725 2687 910 2768 perseverat
927 2685 959 2746 et
973 2701 992 2746 a
1006 2677 1098 2747 nullo
1113 2677 1245 2746 homine
1261 2678 1331 2748 tolli
1345 2703 1409 2772 po-

286 2793 359 2869 test,
379 2794 546 2854 remanent
559 2785 791 2878 peccaminosa
806 2794 838 2854 et
851 2787 973 2856 ahusen·
986 2785 1134 2856 dieendae
1150 2795 1237 2856 suut.

330 2893 515 2963 Prorosrrro
532 2895 579 2963 3⁸.
595 2931 639 2944 —
657 2893 862 2963 Consuetudo
883 2915 956 2985 qna
977 2917 999 2961 a
1014 2895 1096 2987 jare
1117 2896 1269 2964 canonico
1291 2920 1409 2988 repro-

287 3003 386 3070 batur
399 3002 555 3072 canenda
570 3016 617 3072 cst
632 3003 935 3072 irrationabilis—
946 3003 1085 3087 Qteendo
1098 3004 1186 3072 enim
1198 3004 1252 3096 jus
1266 3008 1410 3074 canoni-

284 3133 359 3179 cnm
383 3134 450 3180 non
472 3119 600 3182 tantum
612 3113 748 3202 abrogat
760 3121 792 3181 et
808 3111 958 3204 prohibet
972 3111 1036 3180 sibi
1051 3111 1247 3181 maneriam
1260 3135 1409 3184 consue-

285 3207 448 3308 tudinem,
478 3220 534 3289 sed
562 3222 696 3313 insuper
725 3222 896 3313 reprobat,
928 3221 1019 3290 illam
1051 3220 1193 3290 declarat
1223 3221 1343 3290 malm
1374 3233 1410 3294 et

283 3327 537 3396 irremeabilem
556 3351 613 3397 seu
627 3329 786 3414 abusnm;
805 3329 866 3397 hoc
881 3328 968 3396 caim
986 3336 1079 3398 sonat
1095 3329 1130 3394 in
1142 3327 1409 3421 jurisprudentia

284 3437 437 3528 canonica
458 3460 523 3506 von
544 3437 727 3530 reprobare.
755 3438 859 3508 Porro
881 3437 956 3507 huic
973 3437 1099 3529 judicio
1118 3459 1175 3506 seu
1191 3436 1407 3508 declarationi

284 3545 436 3614 standum
459 3555 519 3634 est,
545 3569 604 3615 nec
625 3547 700 3616 licet
720 3545 873 3638 cuiquam
895 3545 1119 3615 rationabilem
1139 3544 1246 3614 dicere
1258 3554 1291 3614 et
1305 3569 1408 3638 repn-

283 3663 352 3722 tare
376 3676 471 3723 usum
496 3675 593 3746 quem
618 3675 791 3745 supremus
812 3653 964 3722 Ecclesia
985 3652 1110 3740 doctor,
1134 3661 1242 3744 pastor
1256 3660 1288 3720 et
1298 3653 1408 3745 judex

283 3762 508 3854 pronuntiavit
531 3785 599 3832 esse
621 3763 762 3831 abusum
786 3770 818 3830 et
841 3760 1073 3852 corruptelam.
1107 3759 1294 3830 «iudicare
1319 3761 1408 3830 inter

287 3871 520 3962 «sauguinem
544 3878 576 3939 et
602 3871 810 3960 sanguinem,
837 3870 921 3938 inter
947 3869 1073 3961 lepram
1100 3878 1132 3936 et
1154 3868 1292 3958 lepram,
1318 3869 1407 3938 inter

288 4009 305 4046 a
329 4003 457 4049 causam
479 3988 510 4049 et
531 4001 674 4065 causam,
697 3987 794 4070 atque
814 3999 980 4047 secernere
997 3977 1151 4046 virtutem
1166 4001 1186 4044 a
1201 3976 1293 4064 vitio,
1311 3976 1406 4045 veri·-

288 4114 305 4156 e
328 4097 426 4158 tatem
447 4088 488 4156 ab
510 4107 633 4173 errore,
659 4085 804 4155 matria
826 4107 978 4177 pascuae
993 4084 1115 4170 noxiis,
1135 4083 1186 4152 vel
1203 4083 1347 4152 mamme
1360 4084 1404 4152 ad

285 4223 301 4262 a
325 4197 442 4267 Sedern
464 4194 697 4289 Apostolicam,
726 4197 899 4289 ipsumque
921 4193 1043 4266 Christi
1069 4198 1103 4266 in
1128 4195 1221 4264 terris
1239 4193 1403 4263 consttu-
