3048 4954
279 467 340 533 tto
631 493 805 536 rnxcmrus
829 491 866 536 ox
889 492 1043 540 rnrrcrrns

276 634 346 701 rien
361 634 496 725 qaijsoit
511 637 675 704 contraire
700 661 769 704 aua
788 636 891 704 droits
914 637 959 705 du
982 649 1234 727 pcuoauemeat
1260 650 1291 704 et
1306 637 1346 706 de
1361 637 1395 706 la

275 743 402 810 natica.
421 742 505 810 Hinc
520 743 662 833 quaudo,
685 744 823 812 instante
848 745 916 835 jam
944 746 1137 836 receptionis
1157 747 1250 834 hora,
1277 751 1396 819 certior

276 853 380 920 iectus
395 859 443 920 est
457 853 547 942 exigi
564 853 697 943 insuper
712 854 850 944 aprime
866 855 999 922 consule
1008 857 1201 946 juramenti
1218 858 1395 927 formulam

276 959 394 1028 adduci
411 983 475 1028 non
492 961 598 1052 potuit
625 968 661 1028 ut
687 985 759 1030 earn
781 962 929 1030 recitaret
952 987 1027 1032 cum
1049 965 1184 1033 vocibus
1199 989 1273 1056 quae
1290 967 1396 1056 jura-

277 1082 425 1136 mentum
441 1068 571 1160 proprie
594 1066 717 1136 dirturn
743 1069 977 1160 exprimerent.
1008 1071 1048 1138 Et
1072 1071 1184 1140 debuit
1210 1071 1396 1142 consentire

276 1177 429 1245 dominus
438 1177 589 1264 Pertalis,
608 1187 644 1246 ut
659 1185 834 1269 poneretur
848 1177 1019 1246 dumtaxat
1033 1203 1098 1248 vox
1105 1182 1281 1271 promitto.
1299 1181 1395 1250 Unde

276 1286 332 1354 ubi
356 1285 475 1356 dicitur
495 1287 678 1378 prestitum
704 1309 723 1355 a
752 1287 918 1356 Cardinali
942 1289 1194 1380 juramentum,
1216 1290 1250 1358 id
1283 1292 1395 1360 minus

275 1395 409 1485 proprio
425 1417 523 1463 sensu
543 1394 791 1484 intelligendum
808 1405 868 1464 est.

319 1506 353 1570 2⁰
381 1505 419 1570 ln
442 1503 583 1572 formula
606 1525 706 1593 quam
733 1503 894 1591 recitavit,
918 1507 1009 1575 nulla
1033 1508 1196 1599 reperitur
1217 1508 1393 1600 promissio

276 1634 341 1681 uon
355 1610 536 1700 derogandi
555 1611 670 1703 priscis
684 1612 836 1680 Ecclesia
856 1613 1030 1704 pallicaaat
1048 1614 1193 1705 juribus,
1204 1617 1394 1707 privilegiis

274 1745 313 1788 ac
327 1720 542 1792 libertatibus.
565 1719 602 1788 ld
618 1719 751 1810 quidem
767 1721 1014 1812 exprimebatur
1028 1721 1061 1789 iu
1078 1721 1220 1791 formula
1236 1723 1297 1814 ipsi
1313 1747 1393 1816 por-

274 1838 373 1896 recta.
391 1827 456 1896 Sed
470 1851 564 1897 voces
581 1828 653 1895 illes
666 1835 847 1919 expunctus
861 1829 965 1896 voluit
979 1828 1179 1910 Cardinalis;
1195 1852 1254 1898 nec
1270 1833 1335 1898 nisi
1349 1832 1391 1900 iis

273 1937 445 2028 expunctis
460 1936 579 2006 adduci
593 1937 698 2026 potuit
714 1944 749 2006 ut
766 1935 942 2004 formulam
958 1936 1091 2026 legeret.

320 2051 352 2114 3ο
367 2045 461 2126 Quod
475 2045 595 2113 dixerit
610 2044 793 2112 Cardinalis
809 2044 964 2134 Legatus,
981 2045 1199 2136 j'obseruerai
1213 2046 1256 2115 les
1267 2059 1391 2116 uatuts

274 2170 304 2225 et
324 2158 368 2224 les
387 2177 499 2245 rasaqes
514 2154 554 2222 de
568 2154 600 2220 la
621 2165 806 2232 ntrustrous
826 2169 857 2222 et
873 2156 908 2243 jc
921 2178 962 2222 ue
982 2154 1153 2246 decaperai
1169 2157 1335 2247 jamaisd
1354 2159 1390 2224 la

267 2264 465 2359 juridiction
480 2276 511 2330 et
525 2285 594 2332 aua
607 2261 709 2330 droits
724 2261 769 2329 du
785 2285 1044 2348 couversarum,
1061 2285 1266 2354 nequaquam
1284 2265 1389 2355 aequi-
1513 2291 1514 2362 ξ

273 2377 356 2444 valet
372 2372 580 2466 promissioni
598 2393 663 2438 nou
678 2370 1016 2460 derogandiEcclcsiae
1025 2372 1197 2462 gallicanae
1201 2371 1337 2462 juribus
1349 2395 1390 2440 ac

271 2483 483 2552 libertatibus.
502 2480 585 2550 Nam
600 2501 751 2570 expresse
772 2477 918 2569 loquitur
932 2477 971 2546 de
990 2478 1122 2569 juribus
1146 2480 1332 2571 reipublicae
1356 2487 1389 2548 et

271 2591 439 2682 palacii·
454 2600 485 2659 et
501 2589 582 2657 nihil
597 2588 676 2658 dicit
690 2587 731 2654 de
744 2588 888 2655 Ecclesia
901 2587 1081 2678 pellicana.
1092 2587 1261 2656 Vesanum
1276 2596 1389 2656 autem

270 2703 353 2770 foret
366 2703 442 2794 jura
461 2699 658 2790 reipublice,
682 2721 757 2764 cum
784 2699 990 2767 ecclesiaram
1013 2699 1146 2791 juribus
1172 2697 1384 2767 confundere.

271 2811 445 2894 Praeterea,
459 2809 487 2875 si
501 2831 615 2876 seusus
628 2805 716 2872 idem
733 2805 827 2891 foret,
846 2823 910 2874 non
925 2817 1104 2898 expunctus
1120 2807 1276 2875 voluisset
1292 2827 1388 2873 voces

270 2919 390 3010 prioris
404 2917 567 3002 formulae,
585 2916 625 2982 de
639 2914 790 2983 Ecclesia
803 2915 975 3004 pallicaum
988 2915 1123 3005 juribus
1143 2924 1175 2983 et
1193 2939 1232 2982 ac
1251 2914 1388 2982 liberta-
1512 2963 1513 2982 Ε

270 3027 366 3095 libas.

316 3141 349 3202 Ρ
363 3133 540 3203 Promissio
552 3133 735 3202 Cardinalis
750 3133 904 3225 Caprarae
919 3133 1068 3202 habende
1084 3143 1131 3201 est
1147 3143 1302 3225 tanquam
1319 3155 1386 3202 no-
1512 3193 1513 3230 ,

272 3265 349 3312 vum
366 3250 413 3310 tot
429 3241 501 3309 aliis
523 3241 677 3309 accedens
702 3250 964 3326 monumentum,
990 3241 1030 3309 de
1057 3242 1237 3332 reprobatis
1262 3239 1385 3310 aSede
1512 3249 1513 3312 ἶ

268 3351 442 3445 apostolica
466 3352 507 3417 iis
534 3350 690 3418 abusibus
716 3375 804 3441 quae,
827 3351 959 3418 nominc
979 3351 1115 3442 jurium
1136 3363 1167 3417 et
1192 3350 1386 3418 libertatum
1512 3351 1513 3355 ’

269 3460 420 3530 Ecclesia
443 3459 625 3548 pellicana,
645 3459 678 3524 in
700 3458 814 3526 Galliis
834 3458 1053 3527 obtinuerant.
1071 3457 1205 3526 Certum
1224 3458 1310 3524 enirn
1335 3467 1385 3526 est

269 3577 446 3659 expunctus
458 3591 475 3633 u
486 3565 649 3634 (jaruman
668 3566 767 3633 iuissc
782 3589 889 3650 voces,
906 3567 1026 3657 quibus
1042 3565 1288 3656 exprimebatur
1308 3587 1385 3656 pro·

271 3679 380 3744 missio
396 3675 490 3743 dietis
505 3675 673 3766 praetensis
687 3675 818 3766 juribus
834 3697 871 3742 ac
885 3675 1089 3742 libertatibus
1104 3695 1170 3741 non
1189 3673 1381 3762 derogandi.

269 3787 308 3853 Et
323 3794 451 3853 coactus
466 3793 513 3851 est
528 3784 682 3851 dominus
708 3783 847 3851 Portalis
875 3785 910 3849 in
934 3782 1016 3848 hauc
1031 3783 1283 3872 expunctionem
1301 3804 1385 3849 con-

269 3893 399 3961 sentire.
417 3895 518 3960 Porro
532 3915 603 3960 earn
619 3895 870 3983 expunctionem
888 3891 1033 3978 exigere,
1053 3889 1139 3957 idem
1155 3899 1224 3958 erat
1237 3913 1277 3957 ex
1294 3899 1385 3981 parte

271 4001 452 4069 Cardinalis
467 4001 592 4089 Legati,
617 4023 653 4068 ac
669 4001 833 4068 declarare
861 4020 1066 4089 nequaquam
1088 4007 1124 4065 ut
1143 3997 1305 4088 legitimas
1323 3997 1384 4066 ad-

270 4107 352 4176 mitti
377 4117 434 4176 ent
455 4108 588 4196 agnosci
612 4129 742 4199 possea
763 4105 845 4174 Sede
860 4106 1034 4196 apostolica
1048 4111 1226 4195 praeteusas
1246 4105 1319 4172 illas
1340 4104 1384 4176 li-
1511 4109 1512 4166 1

266 4219 415 4290 ltertutes.
