<?xml version="1.0" encoding="UTF-8"?>
<!DOCTYPE html PUBLIC "-//W3C//DTD XHTML 1.0 Transitional//EN"
    "http://www.w3.org/TR/xhtml1/DTD/xhtml1-transitional.dtd">
<html xmlns="http://www.w3.org/1999/xhtml" xml:lang="en" lang="en">
 <head>
  <title>
</title>
<meta http-equiv="Content-Type" content="text/html;charset=utf-8" />
  <meta name='ocr-system' content='tesseract 3.04.00' />
  <meta name='ocr-capabilities' content='ocr_page ocr_carea ocr_par ocr_line ocrx_word'/>
</head>
<body>
  <div class='ocr_page' id='page_1' title='image "./tractatusdeprin00bouigoog_0254.png"; bbox 0 0 3064 4952; ppageno 0'>
   <div class='ocr_carea' id='block_1_1' title="bbox 544 441 1230 507">
    <p class='ocr_par' dir='ltr' id='par_1_1' title="bbox 544 441 1230 507">
     <span class='ocr_line' id='line_1_1' title="bbox 544 441 1230 507; baseline 0 -3"><span class='ocrx_word' id='word_1_1' title='bbox 544 457 626 507; x_wconf 85' lang='lat' dir='ltr'><em>sonrs</em></span> <span class='ocrx_word' id='word_1_2' title='bbox 649 457 800 506; x_wconf 76' lang='lat' dir='ltr'><em>oenones.</em></span> <span class='ocrx_word' id='word_1_3' title='bbox 1167 441 1230 504; x_wconf 80' lang='lat'><em>239</em></span> 
     </span>
    </p>
   </div>
   <div class='ocr_carea' id='block_1_2' title="bbox 112 597 1236 1554">
    <p class='ocr_par' dir='ltr' id='par_1_2' title="bbox 112 597 1236 1554">
     <span class='ocr_line' id='line_1_2' title="bbox 115 597 1232 691; baseline 0 -25"><span class='ocrx_word' id='word_1_4' title='bbox 115 637 159 652; x_wconf 86' lang='lat'><em>-</em></span> <span class='ocrx_word' id='word_1_5' title='bbox 172 599 270 667; x_wconf 83' lang='lat' dir='ltr'><em>Anno</em></span> <span class='ocrx_word' id='word_1_6' title='bbox 295 601 393 685; x_wconf 76' lang='lat'><strong>ยน520,</strong></span> <span class='ocrx_word' id='word_1_7' title='bbox 415 597 480 667; x_wconf 88' lang='lat' dir='ltr'><em>Leo</em></span> <span class='ocrx_word' id='word_1_8' title='bbox 502 597 734 668; x_wconf 79' lang='lat' dir='ltr'><em>Xdemnando</em></span> <span class='ocrx_word' id='word_1_9' title='bbox 750 602 785 666; x_wconf 77' lang='lat' dir='ltr'><em>tt</em></span> <span class='ocrx_word' id='word_1_10' title='bbox 808 599 1044 691; x_wconf 79' lang='lat' dir='ltr'>propositiones</span> <span class='ocrx_word' id='word_1_11' title='bbox 1060 598 1232 668; x_wconf 72' lang='lat' dir='ltr'><em>heresiar-</em></span> 
     </span>
     <span class='ocr_line' id='line_1_3' title="bbox 116 705 1233 799; baseline 0 -25"><span class='ocrx_word' id='word_1_12' title='bbox 116 707 185 775; x_wconf 80' lang='lat' dir='ltr'><em>chae</em></span> <span class='ocrx_word' id='word_1_13' title='bbox 210 706 358 794; x_wconf 88' lang='lat' dir='ltr'><em>Lutheri,</em></span> <span class='ocrx_word' id='word_1_14' title='bbox 380 706 473 799; x_wconf 86' lang='lat' dir='ltr'><em>jubel</em></span> <span class='ocrx_word' id='word_1_15' title='bbox 501 728 595 775; x_wconf 86' lang='lat' dir='ltr'><em>suam</em></span> <span class='ocrx_word' id='word_1_16' title='bbox 624 705 749 775; x_wconf 85' lang='lat' dir='ltr'><em>bullam</em></span> <span class='ocrx_word' id='word_1_17' title='bbox 772 705 861 796; x_wconf 81' lang='lat' dir='ltr'><em>affigi</em></span> <span class='ocrx_word' id='word_1_18' title='bbox 885 707 920 775; x_wconf 86' lang='lat' dir='ltr'><em>in</em></span> <span class='ocrx_word' id='word_1_19' title='bbox 951 707 1055 778; x_wconf 87' lang='lat' dir='ltr'><em>valois</em></span> <span class='ocrx_word' id='word_1_20' title='bbox 1086 706 1233 776; x_wconf 73' lang='lat' dir='ltr'><em>basilicas</em></span> 
     </span>
     <span class='ocr_line' id='line_1_4' title="bbox 116 812 1235 906; baseline -0.001 -24"><span class='ocrx_word' id='word_1_21' title='bbox 116 813 277 906; x_wconf 74' lang='lat' dir='ltr'><em>Principis</em></span> <span class='ocrx_word' id='word_1_22' title='bbox 293 813 521 905; x_wconf 79' lang='lat' dir='ltr'><em>Apostolorum</em></span> <span class='ocrx_word' id='word_1_23' title='bbox 543 826 574 882; x_wconf 90' lang='lat' dir='ltr'><em>et</em></span> <span class='ocrx_word' id='word_1_24' title='bbox 598 812 810 890; x_wconf 72' lang='lat' dir='ltr'><em>cancellaria</em></span> <span class='ocrx_word' id='word_1_25' title='bbox 825 815 1028 906; x_wconf 79' lang='lat' dir='ltr'><em>Apostolica,</em></span> <span class='ocrx_word' id='word_1_26' title='bbox 1042 837 1164 884; x_wconf 78' lang='lat' dir='ltr'><em>necnon</em></span> <span class='ocrx_word' id='word_1_27' title='bbox 1178 836 1235 882; x_wconf 89' lang='lat' dir='ltr'><em>ca-</em></span> 
     </span>
     <span class='ocr_line' id='line_1_5' title="bbox 117 920 1235 1012; baseline 0.001 -24"><span class='ocrx_word' id='word_1_28' title='bbox 117 921 318 990; x_wconf 77' lang='lat' dir='ltr'><em>thedralium</em></span> <span class='ocrx_word' id='word_1_29' title='bbox 336 920 543 990; x_wconf 86' lang='lat' dir='ltr'><em>ecclesiarum</em></span> <span class='ocrx_word' id='word_1_30' title='bbox 557 920 889 1012; x_wconf 83' lang='lat' dir='ltr'><em>Brondcnburpensis,</em></span> <span class='ocrx_word' id='word_1_31' title='bbox 905 921 1073 993; x_wconf 81' lang='lat' dir='ltr'><em>Misncnu&#39;s</em></span> <span class='ocrx_word' id='word_1_32' title='bbox 1087 935 1118 992; x_wconf 91' lang='lat' dir='ltr'><em>ct</em></span> <span class='ocrx_word' id='word_1_33' title='bbox 1133 923 1235 992; x_wconf 86' lang='lat' dir='ltr'><em>Mers-</em></span> 
     </span>
     <span class='ocr_line' id='line_1_6' title="bbox 112 1028 1236 1124; baseline 0.001 -27"><span class='ocrx_word' id='word_1_34' title='bbox 112 1030 294 1120; x_wconf 78' lang='lat' dir='ltr'><em>purqensis,</em></span> <span class='ocrx_word' id='word_1_35' title='bbox 322 1028 522 1098; x_wconf 84' lang='lat' dir='ltr'><em>decernendo</em></span> <span class='ocrx_word' id='word_1_36' title='bbox 549 1029 638 1123; x_wconf 84' lang='lat' dir='ltr'><em>quod</em></span> <span class='ocrx_word' id='word_1_37' title='bbox 663 1029 853 1098; x_wconf 86' lang='lat' dir='ltr'><em>earumdem</em></span> <span class='ocrx_word' id='word_1_38' title='bbox 877 1030 1065 1099; x_wconf 87' lang='lat' dir='ltr'><em>litterarum</em></span> <span class='ocrx_word' id='word_1_39' title='bbox 1083 1028 1236 1124; x_wconf 87' lang='lat' dir='ltr'><em>publico-</em></span> 
     </span>
     <span class='ocr_line' id='line_1_7' title="bbox 119 1136 1235 1231; baseline 0 -25"><span class='ocrx_word' id='word_1_40' title='bbox 119 1139 203 1207; x_wconf 88' lang='lat' dir='ltr'><em>tione</em></span> <span class='ocrx_word' id='word_1_41' title='bbox 225 1139 271 1206; x_wconf 87' lang='lat' dir='ltr'><em>sic</em></span> <span class='ocrx_word' id='word_1_42' title='bbox 292 1140 395 1230; x_wconf 77' lang='lat' dir='ltr'><em>facta,</em></span> <span class='ocrx_word' id='word_1_43' title='bbox 421 1136 647 1231; x_wconf 87' lang='lat' dir='ltr'><em>supradictum</em></span> <span class='ocrx_word' id='word_1_44' title='bbox 672 1139 867 1221; x_wconf 82' lang='lat' dir='ltr'><em>Martinam,</em></span> <span class='ocrx_word' id='word_1_45' title='bbox 897 1160 1067 1230; x_wconf 82' lang='lat' dir='ltr'><em>omnesque</em></span> <span class='ocrx_word' id='word_1_46' title='bbox 1092 1138 1175 1206; x_wconf 87' lang='lat' dir='ltr'><em>alios</em></span> <span class='ocrx_word' id='word_1_47' title='bbox 1204 1150 1235 1207; x_wconf 92' lang='lat' dir='ltr'><em>et</em></span> 
     </span>
     <span class='ocr_line' id='line_1_8' title="bbox 119 1245 1236 1338; baseline 0 -25"><span class='ocrx_word' id='word_1_48' title='bbox 119 1246 261 1336; x_wconf 80' lang='lat' dir='ltr'><em>sinpulos</em></span> <span class='ocrx_word' id='word_1_49' title='bbox 271 1247 543 1338; x_wconf 70' lang='lat' dir='ltr'><em>prenominatos,</em></span> <span class='ocrx_word' id='word_1_50' title='bbox 561 1269 640 1338; x_wconf 87' lang='lat' dir='ltr'><em>quos</em></span> <span class='ocrx_word' id='word_1_51' title='bbox 655 1246 774 1316; x_wconf 73' lang='lat' dir='ltr'><em>liorem</em></span> <span class='ocrx_word' id='word_1_52' title='bbox 789 1246 984 1336; x_wconf 72' lang='lat' dir='ltr'><em>hujusmodi</em></span> <span class='ocrx_word' id='word_1_53' title='bbox 996 1245 1236 1338; x_wconf 81' lang='lat' dir='ltr'><em>quomodolibet</em></span> 
     </span>
     <span class='ocr_line' id='line_1_9' title="bbox 119 1353 1236 1447; baseline 0.001 -27"><span class='ocrx_word' id='word_1_54' title='bbox 119 1366 326 1435; x_wconf 78' lang='lat' dir='ltr'><em>concernunt,</em></span> <span class='ocrx_word' id='word_1_55' title='bbox 345 1353 486 1446; x_wconf 82' lang='lat' dir='ltr'><em>proinde</em></span> <span class='ocrx_word' id='word_1_56' title='bbox 509 1367 647 1437; x_wconf 91' lang='lat' dir='ltr'><em>aroteut,</em></span> <span class='ocrx_word' id='word_1_57' title='bbox 673 1377 712 1422; x_wconf 90' lang='lat' dir='ltr'><em>ac</em></span> <span class='ocrx_word' id='word_1_58' title='bbox 735 1353 765 1422; x_wconf 88' lang='lat' dir='ltr'><em>si</em></span> <span class='ocrx_word' id='word_1_59' title='bbox 777 1354 894 1423; x_wconf 75' lang='lat' dir='ltr'><em>littera</em></span> <span class='ocrx_word' id='word_1_60' title='bbox 917 1354 989 1445; x_wconf 77' lang='lat' dir='ltr'><em>ipsa</em></span> <span class='ocrx_word' id='word_1_61' title='bbox 1005 1353 1057 1422; x_wconf 88' lang='lat' dir='ltr'><em>die</em></span> <span class='ocrx_word' id='word_1_62' title='bbox 1070 1353 1236 1447; x_wconf 75' lang='lat' dir='ltr'><em>uffisionis</em></span> 
     </span>
     <span class='ocr_line' id='line_1_10' title="bbox 121 1461 1236 1554; baseline 0.002 -26"><span class='ocrx_word' id='word_1_63' title='bbox 121 1473 150 1528; x_wconf 89' lang='lat' dir='ltr'><em>et</em></span> <span class='ocrx_word' id='word_1_64' title='bbox 167 1461 404 1554; x_wconf 76' lang='lat' dir='ltr'><em>publicationis</em></span> <span class='ocrx_word' id='word_1_65' title='bbox 426 1461 621 1554; x_wconf 82' lang='lat' dir='ltr'><em>brcjusmodi</em></span> <span class='ocrx_word' id='word_1_66' title='bbox 635 1463 679 1530; x_wconf 87' lang='lat' dir='ltr'><em>eis</em></span> <span class='ocrx_word' id='word_1_67' title='bbox 692 1461 910 1553; x_wconf 72' lang='lat' dir='ltr'><em>personaliter</em></span> <span class='ocrx_word' id='word_1_68' title='bbox 921 1462 1010 1532; x_wconf 76' lang='lat' dir='ltr'><em>lectu</em></span> <span class='ocrx_word' id='word_1_69' title='bbox 1025 1473 1057 1531; x_wconf 87' lang='lat' dir='ltr'><em>et</em></span> <span class='ocrx_word' id='word_1_70' title='bbox 1071 1461 1236 1530; x_wconf 77' lang='lat' dir='ltr'><em>intimata</em></span> 
     </span>
    </p>
   </div>
   <div class='ocr_carea' id='block_1_3' title="bbox 118 1569 1237 1770">
    <p class='ocr_par' dir='ltr' id='par_1_3' title="bbox 118 1569 1237 1770">
     <span class='ocr_line' id='line_1_11' title="bbox 118 1569 1237 1662; baseline 0.001 -25"><span class='ocrx_word' id='word_1_71' title='bbox 118 1571 242 1658; x_wconf 57' lang='lat' dir='ltr'><em>formu</em></span> <span class='ocrx_word' id='word_1_72' title='bbox 265 1593 340 1640; x_wconf 90' lang='lat' dir='ltr'><em>cum</em></span> <span class='ocrx_word' id='word_1_73' title='bbox 362 1569 491 1638; x_wconf 89' lang='lat' dir='ltr'><em>nonsit</em></span> <span class='ocrx_word' id='word_1_74' title='bbox 514 1569 689 1638; x_wconf 74' lang='lat' dir='ltr'><em>omisimile</em></span> <span class='ocrx_word' id='word_1_75' title='bbox 715 1569 805 1662; x_wconf 86' lang='lat' dir='ltr'><em>quod</em></span> <span class='ocrx_word' id='word_1_76' title='bbox 829 1592 879 1652; x_wconf 86' lang='lat' dir='ltr'><em>ea,</em></span> <span class='ocrx_word' id='word_1_77' title='bbox 903 1593 975 1662; x_wconf 74' lang='lat' dir='ltr'><em>qua</em></span> <span class='ocrx_word' id='word_1_78' title='bbox 998 1583 1070 1638; x_wconf 91' lang='lat' dir='ltr'><em>tam</em></span> <span class='ocrx_word' id='word_1_79' title='bbox 1087 1582 1237 1662; x_wconf 88' lang='lat' dir='ltr'><em>patenter</em></span> 
     </span>
     <span class='ocr_line' id='line_1_12' title="bbox 119 1675 876 1770; baseline 0.003 -27"><span class='ocrx_word' id='word_1_80' title='bbox 119 1677 217 1766; x_wconf 80' lang='lat' dir='ltr'><em>fiunt,</em></span> <span class='ocrx_word' id='word_1_81' title='bbox 237 1677 372 1746; x_wconf 82' lang='lat' dir='ltr'><em>debeant</em></span> <span class='ocrx_word' id='word_1_82' title='bbox 383 1675 476 1770; x_wconf 85' lang='lat' dir='ltr'><em>apud</em></span> <span class='ocrx_word' id='word_1_83' title='bbox 486 1699 537 1746; x_wconf 89' lang='lat' dir='ltr'><em>eos</em></span> <span class='ocrx_word' id='word_1_84' title='bbox 552 1677 720 1767; x_wconf 81' lang='lat' dir='ltr'><em>incopnita</em></span> <span class='ocrx_word' id='word_1_85' title='bbox 734 1699 876 1745; x_wconf 86' lang='lat' dir='ltr'><em>manere.</em></span> 
     </span>
    </p>
   </div>
   <div class='ocr_carea' id='block_1_4' title="bbox 120 1793 1239 2100">
    <p class='ocr_par' dir='ltr' id='par_1_4' title="bbox 120 1793 1239 2100">
     <span class='ocr_line' id='line_1_13' title="bbox 164 1793 1239 1865; baseline 0.005 -5"><span class='ocrx_word' id='word_1_86' title='bbox 164 1793 202 1861; x_wconf 91' lang='lat' dir='ltr'><em>ln</em></span> <span class='ocrx_word' id='word_1_87' title='bbox 224 1793 321 1863; x_wconf 86' lang='lat' dir='ltr'><em>Bulla</em></span> <span class='ocrx_word' id='word_1_88' title='bbox 343 1801 451 1864; x_wconf 86' lang='lat' dir='ltr'><em>autem</em></span> <span class='ocrx_word' id='word_1_89' title='bbox 473 1814 559 1860; x_wconf 85' lang='lat' dir='ltr'><em>anno</em></span> <span class='ocrx_word' id='word_1_90' title='bbox 593 1795 672 1860; x_wconf 83' lang='lat'><strong>ยน521</strong></span> <span class='ocrx_word' id='word_1_91' title='bbox 699 1801 811 1862; x_wconf 87' lang='lat' dir='ltr'><em>contra</em></span> <span class='ocrx_word' id='word_1_92' title='bbox 833 1793 983 1864; x_wconf 89' lang='lat' dir='ltr'><em>eumdem</em></span> <span class='ocrx_word' id='word_1_93' title='bbox 1010 1794 1191 1864; x_wconf 90' lang='lat' dir='ltr'><em>Lutherum</em></span> <span class='ocrx_word' id='word_1_94' title='bbox 1208 1807 1239 1865; x_wconf 90' lang='lat' dir='ltr'><em>et</em></span> 
     </span>
     <span class='ocr_line' id='line_1_14' title="bbox 122 1899 1235 1995; baseline 0.002 -26"><span class='ocrx_word' id='word_1_95' title='bbox 122 1924 286 1994; x_wconf 86' lang='lat' dir='ltr'><em>sequaces,</em></span> <span class='ocrx_word' id='word_1_96' title='bbox 300 1901 345 1969; x_wconf 86' lang='lat' dir='ltr'><em>sic</em></span> <span class='ocrx_word' id='word_1_97' title='bbox 361 1901 506 1992; x_wconf 89' lang='lat' dir='ltr'><em>loquitor</em></span> <span class='ocrx_word' id='word_1_98' title='bbox 521 1899 608 1968; x_wconf 90' lang='lat' dir='ltr'><em>idem</em></span> <span class='ocrx_word' id='word_1_99' title='bbox 623 1899 689 1968; x_wconf 90' lang='lat' dir='ltr'><em>Leo</em></span> <span class='ocrx_word' id='word_1_100' title='bbox 701 1901 753 1968; x_wconf 84' lang='lat' dir='ltr'><em>X:</em></span> <span class='ocrx_word' id='word_1_101' title='bbox 773 1902 893 1969; x_wconf 85' lang='lat' dir='ltr'><em>Verum</em></span> <span class='ocrx_word' id='word_1_102' title='bbox 905 1902 985 1994; x_wconf 87' lang='lat' dir='ltr'><em>quia</em></span> <span class='ocrx_word' id='word_1_103' title='bbox 999 1901 1131 1994; x_wconf 79' lang='lat' dir='ltr'><em>difficile</em></span> <span class='ocrx_word' id='word_1_104' title='bbox 1138 1905 1235 1995; x_wconf 79' lang='lat' dir='ltr'><em>foret,</em></span> 
     </span>
     <span class='ocr_line' id='line_1_15' title="bbox 120 2005 1239 2100; baseline 0.003 -24"><span class='ocrx_word' id='word_1_105' title='bbox 120 2009 289 2100; x_wconf 72' lang='lat' dir='ltr'><em>presentis</em></span> <span class='ocrx_word' id='word_1_106' title='bbox 304 2006 534 2076; x_wconf 81' lang='lat' dir='ltr'><em>declarationis</em></span> <span class='ocrx_word' id='word_1_107' title='bbox 548 2019 579 2074; x_wconf 91' lang='lat' dir='ltr'><em>et</em></span> <span class='ocrx_word' id='word_1_108' title='bbox 589 2005 821 2097; x_wconf 78' lang='lat' dir='ltr'><em>publicationis</em></span> <span class='ocrx_word' id='word_1_109' title='bbox 835 2007 961 2077; x_wconf 88' lang='lat' dir='ltr'><em>litteras</em></span> <span class='ocrx_word' id='word_1_110' title='bbox 974 2007 1021 2077; x_wconf 89' lang='lat' dir='ltr'><em>ad</em></span> <span class='ocrx_word' id='word_1_111' title='bbox 1029 2011 1239 2100; x_wconf 74' lang='lat' dir='ltr'><em>presentiam</em></span> 
     </span>
    </p>
   </div>
   <div class='ocr_carea' id='block_1_5' title="bbox 124 2118 1239 2321">
    <p class='ocr_par' dir='ltr' id='par_1_5' title="bbox 124 2118 1239 2321">
     <span class='ocr_line' id='line_1_16' title="bbox 124 2118 1239 2211; baseline 0.005 -28"><span class='ocrx_word' id='word_1_112' title='bbox 124 2130 152 2184; x_wconf 87' lang='lat' dir='ltr'><em>et</em></span> <span class='ocrx_word' id='word_1_113' title='bbox 175 2141 355 2208; x_wconf 85' lang='lat' dir='ltr'><em>personam</em></span> <span class='ocrx_word' id='word_1_114' title='bbox 380 2118 555 2211; x_wconf 87' lang='lat' dir='ltr'><em>propriam</em></span> <span class='ocrx_word' id='word_1_115' title='bbox 585 2118 726 2187; x_wconf 87' lang='lat' dir='ltr'><em>Martini</em></span> <span class='ocrx_word' id='word_1_116' title='bbox 755 2130 785 2185; x_wconf 90' lang='lat' dir='ltr'><em>et</em></span> <span class='ocrx_word' id='word_1_117' title='bbox 818 2119 962 2187; x_wconf 89' lang='lat' dir='ltr'><em>aliorum</em></span> <span class='ocrx_word' id='word_1_118' title='bbox 997 2119 1239 2189; x_wconf 89' lang='lat' dir='ltr'><em>declaratorum</em></span> 
     </span>
     <span class='ocr_line' id='line_1_17' title="bbox 124 2225 1239 2321; baseline 0.004 -29"><span class='ocrx_word' id='word_1_119' title='bbox 124 2237 153 2293; x_wconf 89' lang='lat' dir='ltr'><em>et</em></span> <span class='ocrx_word' id='word_1_120' title='bbox 162 2225 519 2296; x_wconf 76' lang='lat' dir='ltr'><em>excommunicatorum</em></span> <span class='ocrx_word' id='word_1_121' title='bbox 529 2226 724 2317; x_wconf 77' lang='lat' dir='ltr'><em>hujusmodi</em></span> <span class='ocrx_word' id='word_1_122' title='bbox 728 2227 947 2319; x_wconf 87' lang='lat' dir='ltr'><em>personaliter</em></span> <span class='ocrx_word' id='word_1_123' title='bbox 956 2226 1121 2311; x_wconf 87' lang='lat' dir='ltr'><em>deducere,</em></span> <span class='ocrx_word' id='word_1_124' title='bbox 1135 2251 1239 2321; x_wconf 84' lang='lat' dir='ltr'><em>prop-</em></span> 
     </span>
    </p>
   </div>
   <div class='ocr_carea' id='block_1_6' title="bbox 121 2333 1252 4256">
    <p class='ocr_par' dir='ltr' id='par_1_6' title="bbox 121 2333 1252 4256">
     <span class='ocr_line' id='line_1_18' title="bbox 125 2333 1240 2425; baseline 0.004 -26"><span class='ocrx_word' id='word_1_125' title='bbox 125 2345 173 2400; x_wconf 86' lang='lat' dir='ltr'><em>ter</em></span> <span class='ocrx_word' id='word_1_126' title='bbox 189 2333 228 2401; x_wconf 90' lang='lat' dir='ltr'><em>iis</em></span> <span class='ocrx_word' id='word_1_127' title='bbox 248 2334 431 2424; x_wconf 71' lang='lat' dir='ltr'><em>fauentium</em></span> <span class='ocrx_word' id='word_1_128' title='bbox 448 2333 649 2425; x_wconf 84' lang='lat' dir='ltr'><em>potentiam,</em></span> <span class='ocrx_word' id='word_1_129' title='bbox 674 2333 823 2402; x_wconf 89' lang='lat' dir='ltr'><em>volumus</em></span> <span class='ocrx_word' id='word_1_130' title='bbox 835 2345 874 2402; x_wconf 89' lang='lat' dir='ltr'><em>ut</em></span> <span class='ocrx_word' id='word_1_131' title='bbox 889 2333 1002 2425; x_wconf 78' lang='lat' dir='ltr'><em>afficio</em></span> <span class='ocrx_word' id='word_1_132' title='bbox 1018 2346 1049 2402; x_wconf 89' lang='lat' dir='ltr'><em>et</em></span> <span class='ocrx_word' id='word_1_133' title='bbox 1056 2334 1240 2425; x_wconf 87' lang='lat' dir='ltr'><em>publicatio</em></span> 
     </span>
     <span class='ocr_line' id='line_1_19' title="bbox 121 2440 1241 2530; baseline 0.001 -21"><span class='ocrx_word' id='word_1_134' title='bbox 121 2441 334 2530; x_wconf 71' lang='lat' dir='ltr'><em>presentium</em></span> <span class='ocrx_word' id='word_1_135' title='bbox 359 2443 547 2511; x_wconf 88' lang='lat' dir='ltr'><em>litterarum</em></span> <span class='ocrx_word' id='word_1_136' title='bbox 572 2440 732 2509; x_wconf 84' lang='lat' dir='ltr'><em>involvis</em></span> <span class='ocrx_word' id='word_1_137' title='bbox 759 2440 903 2509; x_wconf 89' lang='lat' dir='ltr'><em>duarum</em></span> <span class='ocrx_word' id='word_1_138' title='bbox 923 2441 1172 2511; x_wconf 83' lang='lat' dir='ltr'><em>Catleedralium</em></span> <span class='ocrx_word' id='word_1_139' title='bbox 1186 2465 1241 2510; x_wconf 88' lang='lat' dir='ltr'><em>seu</em></span> 
     </span>
     <span class='ocr_line' id='line_1_20' title="bbox 124 2548 1241 2643; baseline 0.003 -27"><span class='ocrx_word' id='word_1_140' title='bbox 124 2548 469 2640; x_wconf 87' lang='lat' dir='ltr'><em>Metropolitonarum,</em></span> <span class='ocrx_word' id='word_1_141' title='bbox 486 2561 545 2617; x_wconf 88' lang='lat' dir='ltr'><em>aut</em></span> <span class='ocrx_word' id='word_1_142' title='bbox 562 2548 768 2619; x_wconf 83' lang='lat' dir='ltr'><em>Gatbedralis</em></span> <span class='ocrx_word' id='word_1_143' title='bbox 780 2550 877 2617; x_wconf 87' lang='lat' dir='ltr'><em>nnius</em></span> <span class='ocrx_word' id='word_1_144' title='bbox 889 2562 921 2617; x_wconf 89' lang='lat' dir='ltr'><em>et</em></span> <span class='ocrx_word' id='word_1_145' title='bbox 931 2549 1066 2618; x_wconf 88' lang='lat' dir='ltr'><em>alterius</em></span> <span class='ocrx_word' id='word_1_146' title='bbox 1077 2553 1241 2643; x_wconf 88' lang='lat' dir='ltr'><em>Metropo-</em></span> 
     </span>
     <span class='ocr_line' id='line_1_21' title="bbox 126 2656 1243 2751; baseline 0.007 -30"><span class='ocrx_word' id='word_1_147' title='bbox 126 2657 250 2739; x_wconf 68' lang='lat' dir='ltr'><em>litum,</em></span> <span class='ocrx_word' id='word_1_148' title='bbox 279 2657 315 2724; x_wconf 89' lang='lat' dir='ltr'><em>in</em></span> <span class='ocrx_word' id='word_1_149' title='bbox 341 2656 430 2725; x_wconf 87' lang='lat' dir='ltr'><em>dicta</em></span> <span class='ocrx_word' id='word_1_150' title='bbox 460 2657 634 2725; x_wconf 86' lang='lat' dir='ltr'><em>Alemania</em></span> <span class='ocrx_word' id='word_1_151' title='bbox 664 2657 909 2726; x_wconf 88' lang='lat' dir='ltr'><em>consistentium</em></span> <span class='ocrx_word' id='word_1_152' title='bbox 937 2657 1155 2742; x_wconf 85' lang='lat' dir='ltr'><em>ecclesiarum,</em></span> <span class='ocrx_word' id='word_1_153' title='bbox 1178 2683 1243 2751; x_wconf 82' lang='lat' dir='ltr'><em>per</em></span> 
     </span>
     <span class='ocr_line' id='line_1_22' title="bbox 126 2762 1243 2858; baseline 0.004 -27"><span class='ocrx_word' id='word_1_154' title='bbox 126 2787 229 2832; x_wconf 87' lang='lat' dir='ltr'><em>unum</em></span> <span class='ocrx_word' id='word_1_155' title='bbox 243 2787 283 2832; x_wconf 78' lang='lat' dir='ltr'><em>ee</em></span> <span class='ocrx_word' id='word_1_156' title='bbox 297 2765 421 2833; x_wconf 87' lang='lat' dir='ltr'><em>nuntiis</em></span> <span class='ocrx_word' id='word_1_157' title='bbox 435 2764 555 2832; x_wconf 90' lang='lat' dir='ltr'><em>nostris</em></span> <span class='ocrx_word' id='word_1_158' title='bbox 566 2762 687 2833; x_wconf 88' lang='lat' dir='ltr'><em>ibidem</em></span> <span class='ocrx_word' id='word_1_159' title='bbox 706 2764 914 2834; x_wconf 75' lang='lat' dir='ltr'><em>existentibus</em></span> <span class='ocrx_word' id='word_1_160' title='bbox 924 2768 1028 2858; x_wconf 78' lang='lat' dir='ltr'><em>facta,</em></span> <span class='ocrx_word' id='word_1_161' title='bbox 1039 2765 1088 2834; x_wconf 90' lang='lat' dir='ltr'><em>ita</em></span> <span class='ocrx_word' id='word_1_162' title='bbox 1100 2789 1152 2835; x_wconf 89' lang='lat' dir='ltr'><em>eos</em></span> <span class='ocrx_word' id='word_1_163' title='bbox 1166 2767 1243 2857; x_wconf 83' lang='lat' dir='ltr'><em>lipet</em></span> 
     </span>
     <span class='ocr_line' id='line_1_23' title="bbox 127 2871 1244 2965; baseline 0.004 -27"><span class='ocrx_word' id='word_1_164' title='bbox 127 2875 165 2938; x_wconf 88' lang='lat' dir='ltr'><em>et&#39;</em></span> <span class='ocrx_word' id='word_1_165' title='bbox 178 2884 293 2953; x_wconf 91' lang='lat' dir='ltr'><em>arctet,</em></span> <span class='ocrx_word' id='word_1_166' title='bbox 323 2872 569 2964; x_wconf 87' lang='lat' dir='ltr'><em>Martinumque</em></span> <span class='ocrx_word' id='word_1_167' title='bbox 593 2885 624 2939; x_wconf 89' lang='lat' dir='ltr'><em>et</em></span> <span class='ocrx_word' id='word_1_168' title='bbox 636 2872 718 2941; x_wconf 90' lang='lat' dir='ltr'><em>alios</em></span> <span class='ocrx_word' id='word_1_169' title='bbox 738 2871 921 2942; x_wconf 89' lang='lat' dir='ltr'><em>declaratos</em></span> <span class='ocrx_word' id='word_1_170' title='bbox 934 2872 1111 2943; x_wconf 88' lang='lat' dir='ltr'><em>damnatos</em></span> <span class='ocrx_word' id='word_1_171' title='bbox 1123 2874 1244 2965; x_wconf 85' lang='lat' dir='ltr'><em>bajus-</em></span> 
     </span>
     <span class='ocr_line' id='line_1_24' title="bbox 127 2979 1244 3073; baseline 0.002 -25"><span class='ocrx_word' id='word_1_172' title='bbox 127 2980 218 3049; x_wconf 86' lang='lat' dir='ltr'><em>modi</em></span> <span class='ocrx_word' id='word_1_173' title='bbox 234 2981 429 3067; x_wconf 87' lang='lat' dir='ltr'><em>demonstret</em></span> <span class='ocrx_word' id='word_1_174' title='bbox 450 2980 484 3048; x_wconf 87' lang='lat' dir='ltr'><em>in</em></span> <span class='ocrx_word' id='word_1_175' title='bbox 497 2979 647 3048; x_wconf 87' lang='lat' dir='ltr'><em>omnibus</em></span> <span class='ocrx_word' id='word_1_176' title='bbox 661 2993 692 3048; x_wconf 89' lang='lat' dir='ltr'><em>et</em></span> <span class='ocrx_word' id='word_1_177' title='bbox 712 3004 776 3073; x_wconf 86' lang='lat' dir='ltr'><em>per</em></span> <span class='ocrx_word' id='word_1_178' title='bbox 792 2981 914 3064; x_wconf 80' lang='lat' dir='ltr'><em>omitia,</em></span> <span class='ocrx_word' id='word_1_179' title='bbox 931 3003 970 3048; x_wconf 91' lang='lat' dir='ltr'><em>ac</em></span> <span class='ocrx_word' id='word_1_180' title='bbox 984 2981 1013 3050; x_wconf 88' lang='lat' dir='ltr'><em>si</em></span> <span class='ocrx_word' id='word_1_181' title='bbox 1025 2981 1070 3050; x_wconf 88' lang='lat' dir='ltr'><em>eis</em></span> <span class='ocrx_word' id='word_1_182' title='bbox 1085 2994 1116 3049; x_wconf 90' lang='lat' dir='ltr'><em>et</em></span> <span class='ocrx_word' id='word_1_183' title='bbox 1131 3003 1244 3051; x_wconf 90' lang='lat' dir='ltr'><em>eorum</em></span> 
     </span>
     <span class='ocr_line' id='line_1_25' title="bbox 128 3087 1244 3180; baseline 0.001 -24"><span class='ocrx_word' id='word_1_184' title='bbox 128 3088 256 3156; x_wconf 85' lang='lat' dir='ltr'><em>cuilibet</em></span> <span class='ocrx_word' id='word_1_185' title='bbox 277 3087 498 3180; x_wconf 84' lang='lat' dir='ltr'><em>personaliter</em></span> <span class='ocrx_word' id='word_1_186' title='bbox 524 3087 687 3157; x_wconf 81' lang='lat' dir='ltr'><em>intimatae</em></span> <span class='ocrx_word' id='word_1_187' title='bbox 709 3101 740 3156; x_wconf 90' lang='lat' dir='ltr'><em>et</em></span> <span class='ocrx_word' id='word_1_188' title='bbox 757 3100 967 3180; x_wconf 77' lang='lat' dir='ltr'><em>praesemotae</em></span> <span class='ocrx_word' id='word_1_189' title='bbox 979 3089 1129 3179; x_wconf 66' lang='lat' dir='ltr'><em>pausent.</em></span> <span class='ocrx_word' id='word_1_190' title='bbox 1158 3089 1244 3180; x_wconf 86' lang='lat' dir='ltr'><em>Ergo</em></span> 
     </span>
     <span class='ocr_line' id='line_1_26' title="bbox 128 3194 1245 3287; baseline 0.002 -25"><span class='ocrx_word' id='word_1_191' title='bbox 128 3195 200 3264; x_wconf 87' lang='lat' dir='ltr'><em>lieet</em></span> <span class='ocrx_word' id='word_1_192' title='bbox 221 3196 293 3264; x_wconf 81' lang='lat' dir='ltr'><em>istae</em></span> <span class='ocrx_word' id='word_1_193' title='bbox 316 3195 391 3264; x_wconf 85' lang='lat' dir='ltr'><em>duae</em></span> <span class='ocrx_word' id='word_1_194' title='bbox 413 3194 513 3263; x_wconf 83' lang='lat' dir='ltr'><em>bullae</em></span> <span class='ocrx_word' id='word_1_195' title='bbox 538 3218 605 3263; x_wconf 91' lang='lat' dir='ltr'><em>non</em></span> <span class='ocrx_word' id='word_1_196' title='bbox 618 3194 742 3264; x_wconf 80' lang='lat' dir='ltr'><em>fuerint</em></span> <span class='ocrx_word' id='word_1_197' title='bbox 756 3195 972 3287; x_wconf 70' lang='lat' dir='ltr'><em>promulgate</em></span> <span class='ocrx_word' id='word_1_198' title='bbox 990 3196 1052 3264; x_wconf 90' lang='lat' dir='ltr'><em>nisi</em></span> <span class='ocrx_word' id='word_1_199' title='bbox 1068 3197 1102 3264; x_wconf 92' lang='lat' dir='ltr'><em>in</em></span> <span class='ocrx_word' id='word_1_200' title='bbox 1117 3195 1245 3265; x_wconf 89' lang='lat' dir='ltr'><em>duobus</em></span> 
     </span>
     <span class='ocr_line' id='line_1_27' title="bbox 129 3301 1245 3395; baseline 0.004 -27"><span class='ocrx_word' id='word_1_201' title='bbox 129 3302 271 3371; x_wconf 86' lang='lat' dir='ltr'><em>ecclesiis</em></span> <span class='ocrx_word' id='word_1_202' title='bbox 295 3301 486 3388; x_wconf 69' lang='lat' dir='ltr'><em>mamonis,</em></span> <span class='ocrx_word' id='word_1_203' title='bbox 508 3301 721 3372; x_wconf 78' lang='lat' dir='ltr'><em>censebantur</em></span> <span class='ocrx_word' id='word_1_204' title='bbox 743 3303 856 3393; x_wconf 81' lang='lat' dir='ltr'><em>vigere</em></span> <span class='ocrx_word' id='word_1_205' title='bbox 871 3303 1067 3395; x_wconf 89' lang='lat' dir='ltr'><em>ubicumque</em></span> <span class='ocrx_word' id='word_1_206' title='bbox 1084 3311 1245 3372; x_wconf 87' lang='lat' dir='ltr'><em>terrarum</em></span> 
     </span>
     <span class='ocr_line' id='line_1_28' title="bbox 130 3409 1246 3502; baseline 0.002 -26"><span class='ocrx_word' id='word_1_207' title='bbox 130 3409 283 3501; x_wconf 85' lang='lat' dir='ltr'><em>degerent</em></span> <span class='ocrx_word' id='word_1_208' title='bbox 304 3410 468 3479; x_wconf 89' lang='lat' dir='ltr'><em>Lutherus</em></span> <span class='ocrx_word' id='word_1_209' title='bbox 490 3409 601 3499; x_wconf 83' lang='lat' dir='ltr'><em>ejusve</em></span> <span class='ocrx_word' id='word_1_210' title='bbox 626 3410 770 3478; x_wconf 65' lang='lat' dir='ltr'><em>asseclis.</em></span> <span class='ocrx_word' id='word_1_211' title='bbox 797 3411 910 3502; x_wconf 88' lang='lat' dir='ltr'><em>Neque</em></span> <span class='ocrx_word' id='word_1_212' title='bbox 933 3411 973 3478; x_wconf 93' lang='lat' dir='ltr'><em>de</em></span> <span class='ocrx_word' id='word_1_213' title='bbox 997 3410 1058 3478; x_wconf 88' lang='lat' dir='ltr'><em>hoe</em></span> <span class='ocrx_word' id='word_1_214' title='bbox 1074 3409 1157 3479; x_wconf 86' lang='lat' dir='ltr'><em>iacto</em></span> <span class='ocrx_word' id='word_1_215' title='bbox 1172 3419 1246 3479; x_wconf 84' lang='lat' dir='ltr'><em>tan-</em></span> 
     </span>
     <span class='ocr_line' id='line_1_29' title="bbox 130 3517 1247 3609; baseline 0.001 -23"><span class='ocrx_word' id='word_1_216' title='bbox 130 3539 228 3608; x_wconf 89' lang='lat' dir='ltr'><em>quam</em></span> <span class='ocrx_word' id='word_1_217' title='bbox 245 3518 313 3608; x_wconf 88' lang='lat' dir='ltr'><em>juri</em></span> <span class='ocrx_word' id='word_1_218' title='bbox 329 3517 471 3586; x_wconf 83' lang='lat' dir='ltr'><em>naturali</em></span> <span class='ocrx_word' id='word_1_219' title='bbox 491 3517 654 3585; x_wconf 87' lang='lat' dir='ltr'><em>contrario</em></span> <span class='ocrx_word' id='word_1_220' title='bbox 673 3519 840 3609; x_wconf 87' lang='lat' dir='ltr'><em>conquesti</em></span> <span class='ocrx_word' id='word_1_221' title='bbox 866 3524 941 3584; x_wconf 88' lang='lat' dir='ltr'><em>sunt</em></span> <span class='ocrx_word' id='word_1_222' title='bbox 955 3517 1133 3606; x_wconf 80' lang='lat' dir='ltr'><em>germanici</em></span> <span class='ocrx_word' id='word_1_223' title='bbox 1148 3517 1247 3587; x_wconf 80' lang='lat' dir='ltr'><em>aliive</em></span> 
     </span>
     <span class='ocr_line' id='line_1_30' title="bbox 130 3623 1244 3716; baseline 0.002 -25"><span class='ocrx_word' id='word_1_224' title='bbox 130 3623 280 3716; x_wconf 88' lang='lat' dir='ltr'><em>Episcopi</em></span> <span class='ocrx_word' id='word_1_225' title='bbox 307 3632 363 3692; x_wconf 92' lang='lat' dir='ltr'><em>aut</em></span> <span class='ocrx_word' id='word_1_226' title='bbox 382 3623 559 3715; x_wconf 87' lang='lat' dir='ltr'><em>Principes.</em></span> <span class='ocrx_word' id='word_1_227' title='bbox 584 3623 648 3691; x_wconf 89' lang='lat' dir='ltr'><em>Sed</em></span> <span class='ocrx_word' id='word_1_228' title='bbox 675 3623 811 3692; x_wconf 80' lang='lat' dir='ltr'><em>Carolus</em></span> <span class='ocrx_word' id='word_1_229' title='bbox 833 3625 876 3710; x_wconf 83' lang='lat' dir='ltr'><em>V,</em></span> <span class='ocrx_word' id='word_1_230' title='bbox 903 3645 1089 3715; x_wconf 88' lang='lat' dir='ltr'><em>supponens</em></span> <span class='ocrx_word' id='word_1_231' title='bbox 1104 3623 1244 3693; x_wconf 85' lang='lat' dir='ltr'><em>validam</em></span> 
     </span>
     <span class='ocr_line' id='line_1_31' title="bbox 130 3729 1248 3822; baseline 0.003 -23"><span class='ocrx_word' id='word_1_232' title='bbox 130 3729 318 3822; x_wconf 85' lang='lat' dir='ltr'><em>hujusmodi</em></span> <span class='ocrx_word' id='word_1_233' title='bbox 350 3730 658 3821; x_wconf 81' lang='lat' dir='ltr'><em>promulgationem,</em></span> <span class='ocrx_word' id='word_1_234' title='bbox 693 3731 781 3799; x_wconf 88' lang='lat' dir='ltr'><em>iliam</em></span> <span class='ocrx_word' id='word_1_235' title='bbox 814 3730 997 3799; x_wconf 85' lang='lat' dir='ltr'><em>executioni</em></span> <span class='ocrx_word' id='word_1_236' title='bbox 1030 3730 1248 3801; x_wconf 89' lang='lat' dir='ltr'><em>mandandam</em></span> 
     </span>
     <span class='ocr_line' id='line_1_32' title="bbox 130 3837 1248 3910; baseline 0 -2"><span class='ocrx_word' id='word_1_237' title='bbox 130 3840 254 3908; x_wconf 87' lang='lat' dir='ltr'><em>auxilio</em></span> <span class='ocrx_word' id='word_1_238' title='bbox 284 3838 409 3907; x_wconf 84' lang='lat' dir='ltr'><em>brachii</em></span> <span class='ocrx_word' id='word_1_239' title='bbox 437 3838 603 3906; x_wconf 80' lang='lat' dir='ltr'><em>smoularis</em></span> <span class='ocrx_word' id='word_1_240' title='bbox 628 3839 769 3910; x_wconf 88' lang='lat' dir='ltr'><em>curavit.</em></span> <span class='ocrx_word' id='word_1_241' title='bbox 799 3839 842 3906; x_wconf 90' lang='lat' dir='ltr'><em>Ut</em></span> <span class='ocrx_word' id='word_1_242' title='bbox 862 3846 971 3906; x_wconf 84' lang='lat' dir='ltr'><em>eutem</em></span> <span class='ocrx_word' id='word_1_243' title='bbox 995 3837 1114 3906; x_wconf 88' lang='lat' dir='ltr'><em>elarius</em></span> <span class='ocrx_word' id='word_1_244' title='bbox 1127 3840 1248 3908; x_wconf 90' lang='lat' dir='ltr'><em>intelli-</em></span> 
     </span>
     <span class='ocr_line' id='line_1_33' title="bbox 131 3946 1248 4039; baseline 0 -22"><span class='ocrx_word' id='word_1_245' title='bbox 131 3956 210 4038; x_wconf 82' lang='lat' dir='ltr'><em>gant</em></span> <span class='ocrx_word' id='word_1_246' title='bbox 229 3947 380 4037; x_wconf 81' lang='lat' dir='ltr'><em>gallicani</em></span> <span class='ocrx_word' id='word_1_247' title='bbox 405 3946 588 4037; x_wconf 86' lang='lat' dir='ltr'><em>systematis</em></span> <span class='ocrx_word' id='word_1_248' title='bbox 613 3947 754 4036; x_wconf 87' lang='lat' dir='ltr'><em>patroni,</em></span> <span class='ocrx_word' id='word_1_249' title='bbox 780 3968 878 4038; x_wconf 86' lang='lat' dir='ltr'><em>quam</em></span> <span class='ocrx_word' id='word_1_250' title='bbox 896 3946 1076 4039; x_wconf 85' lang='lat' dir='ltr'><em>periculose</em></span> <span class='ocrx_word' id='word_1_251' title='bbox 1095 3946 1160 4013; x_wconf 91' lang='lat' dir='ltr'><em>sint</em></span> <span class='ocrx_word' id='word_1_252' title='bbox 1180 3970 1248 4017; x_wconf 75' lang='lat' dir='ltr'><em>sum</em></span> 
     </span>
     <span class='ocr_line' id='line_1_34' title="bbox 133 4051 1251 4148; baseline -0.001 -24"><span class='ocrx_word' id='word_1_253' title='bbox 133 4053 328 4148; x_wconf 85' lang='lat' dir='ltr'><em>opinationis</em></span> <span class='ocrx_word' id='word_1_254' title='bbox 348 4055 555 4141; x_wconf 85' lang='lat' dir='ltr'><em>consectaria,</em></span> <span class='ocrx_word' id='word_1_255' title='bbox 584 4051 819 4122; x_wconf 85' lang='lat' dir='ltr'><em>transieramus</em></span> <span class='ocrx_word' id='word_1_256' title='bbox 838 4052 880 4123; x_wconf 85' lang='lat' dir='ltr'><em>ad</em></span> <span class='ocrx_word' id='word_1_257' title='bbox 907 4055 1079 4144; x_wconf 73' lang='lat' dir='ltr'><em>prasentia</em></span> <span class='ocrx_word' id='word_1_258' title='bbox 1105 4061 1251 4146; x_wconf 84' lang='lat' dir='ltr'><em>tempora</em></span> 
     </span>
     <span class='ocr_line' id='line_1_35' title="bbox 136 4162 1252 4256; baseline 0.003 -24"><span class='ocrx_word' id='word_1_259' title='bbox 136 4164 218 4234; x_wconf 87' lang='lat' dir='ltr'><em>hanc</em></span> <span class='ocrx_word' id='word_1_260' title='bbox 246 4163 594 4232; x_wconf 80' lang='lat' dir='ltr'><em>excommunicationis</em></span> <span class='ocrx_word' id='word_1_261' title='bbox 623 4164 657 4241; x_wconf 86' lang='lat' dir='ltr'><em>in</em></span> <span class='ocrx_word' id='word_1_262' title='bbox 688 4162 868 4231; x_wconf 86' lang='lat' dir='ltr'><em>Lutherum</em></span> <span class='ocrx_word' id='word_1_263' title='bbox 899 4163 1090 4232; x_wconf 87' lang='lat' dir='ltr'><em>sententiam</em></span> <span class='ocrx_word' id='word_1_264' title='bbox 1113 4189 1120 4230; x_wconf 93' lang='lat'>:</span> <span class='ocrx_word' id='word_1_265' title='bbox 1147 4162 1252 4256; x_wconf 77' lang='lat' dir='ltr'><em>linga-</em></span> 
     </span>
    </p>
   </div>
   <div class='ocr_carea' id='block_1_7' title="bbox 0 0 1561 4952">
    <p class='ocr_par' dir='ltr' id='par_1_7' title="bbox 0 0 1561 4952">
     <span class='ocr_line' id='line_1_36' title="bbox 0 0 1561 4952; baseline 0 0"><span class='ocrx_word' id='word_1_266' title='bbox 0 0 1561 4952; x_wconf 95' lang='lat' dir='ltr'><em> </em></span> 
     </span>
    </p>
   </div>
  </div>
 </body>
</html>
