3050 4946
543 479 624 528 senis
646 479 795 535 cuduntur.

542 859 685 930 CAPUT
708 860 797 930 XIX.

110 1117 152 1162 DE
175 1117 250 1163 sunu
276 1117 357 1172 QUOD
379 1117 499 1164 VOCANT
528 1116 729 1182 novissimum,
754 1118 786 1163 ΙΙ)
818 1117 872 1162 EST
904 1119 923 1164 Δ
949 1117 1063 1164 CLAUSO
1090 1117 1232 1164 CORPORIS
1338 1115 1341 1126 ’

379 1233 462 1280 tutus
488 1233 584 1288 USQUE
606 1234 646 1279 An
669 1235 853 1280 PRAESENTEM
878 1235 963 1280 olunt.

159 1477 403 1550 Considerando
425 1477 652 1568 chronologice
667 1478 758 1546 veria
778 1500 852 1570 quse
878 1479 919 1546 ab
940 1479 1072 1548 ineunte
1089 1477 1231 1547 Ecclesia

113 1589 284 1657 invaluere
299 1588 386 1679 jure,
403 1587 506 1655 solent
520 1596 667 1654 auctores
689 1586 744 1655 illa
761 1588 793 1654 in
809 1595 874 1656 tres
891 1588 1007 1656 clesscs
1026 1587 1231 1657 distribuere.

111 1697 176 1766 lus
189 1695 365 1787 oretiquum
379 1703 495 1763 vocent
511 1693 591 1761 illud
615 1694 702 1785 quod
722 1705 796 1762 ante
815 1696 1009 1764 Gratianum
1025 1697 1153 1786 vignit;
1179 1697 1234 1788 jus

112 1831 238 1878 novum
254 1807 342 1900 quod
367 1808 400 1874 in
420 1807 563 1898 Corpore
581 1806 667 1898 juris
682 1807 829 1874 cononici
850 1805 1030 1892 clauditur3
1047 1807 1101 1898 jus
1122 1809 1236 1876 novis-

113 1918 240 1984 simum
255 1913 343 2007 quod
359 1921 482 1983 constat
504 1913 708 1983 documentis
731 1926 803 2004 post
821 1914 969 1982 clausum
982 1913 1067 2005 juris
1090 1916 1235 1984 canonici

115 2025 246 2114 Corpus
271 2021 366 2090 editis
390 2043 492 2112 nsque
517 2018 558 2087 ad
585 2027 780 2110 praesentem
803 2020 902 2087 diem.
930 2020 1073 2089 Voluere
1103 2023 1235 2112 quidem

116 2140 268 2201 auctores
282 2139 376 2198 sectae
399 2127 617 2220 jansenisticae
636 2136 667 2194 et
686 2126 822 2217 quidam
844 2126 899 2194 olii
920 2127 975 2216 jus
993 2151 1115 2195 noctem
1133 2130 1237 2198 incos-

118 2241 207 2332 pisse
227 2238 268 2307 sb
288 2236 414 2306 Isidoro
437 2235 632 2313 Mercatore;
654 2235 710 2302 scd
737 2235 927 2303 immerito:
947 2236 1038 2304 nulla
1059 2261 1143 2306 nova
1167 2239 1238 2306 dis-

117 2349 242 2440 ciplina
266 2346 450 2414 introducta
470 2353 518 2412 est
543 2344 584 2413 nb
608 2343 745 2430 lsidoro,
768 2353 923 2435 utsupra
948 2345 1166 2433 ostendimus,
1182 2349 1238 2416 sed

119 2455 234 2547 spurio
263 2460 391 2522 tentum
421 2453 548 2520 invecto
585 2461 810 2519 monumenta.
843 2451 937 2520 Unde
976 2454 1108 2522 retineri
1144 2457 1240 2525 debet

119 2563 310 2632 communis
333 2562 517 2654 supradicte
542 2561 684 2651 partitio.
712 2559 837 2640 Quibus
859 2570 969 2629 sutem
992 2563 1138 2652 partibus
1157 2589 1240 2634 oon-

120 2681 185 2741 stet
198 2673 254 2764 jus
269 2670 487 2739 novissimum
503 2667 693 2759 singulatim
709 2676 757 2736 est
774 2667 1001 2736 indicendum.

169 2779 195 2847 l.
212 2779 289 2846 Post
311 2776 460 2845 clausum
481 2775 567 2866 juris
589 2773 735 2842 cononici
754 2797 884 2866 corpus,
901 2775 933 2842 id
957 2783 1017 2861 est,
1036 2785 1107 2868 post
1131 2787 1240 2847 extro-

121 2893 280 2976 vsgontes
293 2885 328 2952 in
344 2904 478 2974 corpore
501 2881 586 2973 juris
605 2881 767 2968 collectas,
785 2903 879 2951 novae
901 2883 935 2949 in
956 2883 1025 2951 dies
1046 2895 1242 2954 emanarunt

122 3021 144 3064 a
157 3003 269 3064 sancte
286 2992 368 3062 Sede
389 2991 647 3060 constitutiones.
666 2991 733 3059 Hes
747 3014 767 3060 a
781 2991 862 3059 viris
882 2991 988 3060 doctis
1004 2994 1125 3084 colligi,
1144 3005 1241 3087 atque

122 3103 237 3172 exeis
260 3100 436 3193 septimum
459 3099 585 3168 librum
606 3099 825 3167 Decretclium
852 3097 937 3167 effici
963 3100 1090 3170 curavit
1118 3100 1243 3194 Grego-

123 3211 196 3279 rius
219 3207 307 3276 Xlll.
331 3208 418 3276 Cum
442 3214 551 3274 sutem
572 3206 640 3297 ipse
664 3229 699 3274 re
723 3206 841 3275 iniecto
866 3206 1065 3296 decessisset,
1084 3216 1115 3275 et
1140 3232 1243 3302 neque

124 3341 201 3386 eam
213 3315 327 3385 Sixtus
340 3315 372 3384 V
386 3313 588 3400 absolvisset,
604 3312 665 3382 sub
681 3313 848 3382 Clemente
863 3313 942 3385 VHl
957 3322 1085 3383 tentum
1099 3317 1244 3385 collectio

125 3426 215 3518 typis
230 3423 383 3492 mandato
397 3432 455 3492 est.
473 3422 533 3490 Ast
553 3422 675 3491 obortis
695 3421 895 3514 quibusdam
917 3421 1164 3491 difficultatibus
1184 3447 1245 3516 op-

127 3541 311 3626 portunum
325 3532 432 3602 visum
451 3538 499 3599 est
517 3530 693 3598 editionem
717 3552 782 3596 non
802 3527 978 3619 divulgari,
997 3537 1029 3598 et
1044 3531 1247 3621 exemplaria

128 3639 310 3733 supprimi,
343 3639 388 3708 its
414 3647 450 3707 ut
486 3661 574 3706 nunc
613 3637 782 3706 rarissime
821 3636 886 3704 sint
916 3645 948 3704 et
978 3637 1105 3726 ingenti
1142 3639 1246 3729 pretio

129 3749 281 3820 emendo.
299 3748 423 3817 Eodem
441 3769 518 3817 vero
534 3757 681 3839 tempore
701 3747 817 3814 Petrus
838 3745 999 3814 Mathaeus
1014 3745 1246 3835 Lugdunensis

127 3856 380 3951 jurisconsultus
394 3857 540 3926 excrevit
554 3864 585 3924 et
602 3855 671 3946 ipse
687 3854 782 3922 illum
799 3855 924 3922 librum
939 3855 1116 3946 septimum
1130 3859 1248 3923 Decre-

132 3969 253 4038 tolium
268 3968 324 4060 qui
339 3967 477 4035 hebetur
492 3967 526 4033 in
545 3967 688 4056 Corpore
706 3964 791 4055 juris
805 3965 970 4050 cononici;
989 3963 1046 4032 sed
1067 3963 1148 4032 illud
1164 3987 1247 4056 opus

133 4087 353 4171 praeterquam
376 4074 461 4168 quod
486 4084 572 4144 cnret
595 4074 783 4143 auctoritate
809 4074 951 4165 publica,
975 4073 1085 4140 multis
1108 4072 1196 4140 vitiis
1218 4085 1249 4144 et

135 4185 369 4258 omissionibus
382 4183 518 4252 laboret.
