3042 4946
293 443 367 508 ’536
658 463 832 510 reserares
855 465 893 510 nn
917 465 1070 512 rrrucuurs

305 606 446 676 minores
479 604 612 675 ordines
643 605 829 675 conterendi
863 615 1052 698 potestatem
1078 608 1176 676 certis
1207 607 1428 699 presbyteris,
1506 649 1507 690 3

179 781 181 791 ,
302 717 394 785 verbi
409 715 526 806 gratia,
545 715 816 786 monasteriorum
831 715 1015 806 abbatibus,
1033 717 1194 802 tribuere3
1209 724 1306 809 atque
1322 717 1369 785 ita
1385 717 1432 784 de

303 824 387 894 lacto
400 823 605 917 dispositum.

345 934 498 1004 Jamvero
526 933 685 1025 ejusmodi
719 935 937 1004 institutiones
967 934 1100 1027 aliquod
1128 943 1205 1004 sunt
1234 935 1379 1004 instituti
1411 959 1432 1002 a

302 1041 433 1112 Christo
456 1041 626 1112 sacerdotii
640 1066 697 1113 seu
719 1044 884 1135 potestatis
899 1041 1023 1112 ordinis
1036 1043 1323 1135 complementum,
1341 1067 1430 1112 auc·
1506 1111 1507 1114 ,

301 1153 431 1222 toritate
451 1151 663 1222 ecelesiastica
680 1152 868 1238 evolutum;
890 1159 921 1220 et
938 1152 1152 1239 constituunt,
1169 1159 1207 1220 ut
1224 1159 1323 1245 patet,
1339 1154 1430 1221 suh-

302 1260 467 1330 sidiariam
494 1260 671 1354 quamdam
691 1260 816 1330 ordinis
833 1259 1061 1330 hierarchiam.
1085 1259 1313 1331 Evoluticnem
1328 1261 1427 1328 ittam

301 1371 413 1442 divina
432 1393 492 1442 sun
509 1371 710 1441 institutione
730 1371 916 1463 possibilem
930 1371 1072 1442 reddidit
1091 1371 1260 1454 Christum
1277 1373 1426 1440 existen-

302 1489 367 1550 tem
383 1479 458 1550 tecit
471 1479 619 1550 Ecclesia
634 1480 819 1550 auctoritas.

346 1590 529 1660 Prorosrrro
547 1595 593 1657 7⁸.
610 1628 654 1642 -
667 1589 787 1658 Eoolci
807 1589 909 1658 ctiam
926 1590 1040 1682 potuit
1060 1589 1246 1658 hierarchia
1263 1589 1427 1681 mupr'stc-

302 1699 366 1768 rii:
377 1710 407 1766 et
417 1700 531 1790 forsan
546 1697 752 1790 aliquatenus
766 1696 806 1766 de
817 1703 907 1789 lacto
922 1697 1056 1766 inducta
1069 1697 1136 1765 dici
1143 1708 1264 1790 potest.
1275 1737 1319 1751 -
1334 1698 1425 1768 Cum

301 1811 450 1879 Romano
464 1807 613 1877 Pontifici
628 1831 648 1876 a
661 1807 790 1876 Christo
804 1808 918 1876 collata
931 1808 973 1876 sit
989 1807 1085 1900 plena
1100 1815 1239 1900 potestas
1250 1809 1425 1878 universa-

302 1920 365 1986 tem
388 1916 563 1986 Ecclesiam
585 1915 736 2008 pascendi
755 1939 792 1984 ac
815 1916 963 2008 regendi,
984 1915 1044 1986 hoc
1060 1917 1132 2008 ipso
1151 1921 1183 1986 et
1196 1937 1295 2008 penes
1311 1919 1424 2009 ipsum

299 2029 374 2119 jure
386 2025 502 2096 divino
516 2023 636 2095 residet
649 2045 802 2117 suprema
815 2032 960 2117 potestas
976 2023 1164 2115 magisterii.
1181 2025 1263 2107 Quas
1279 2033 1423 2116 potestas

302 2159 378 2206 cum
403 2136 445 2206 sit
471 2157 636 2229 suprema,
662 2135 842 2204 infallibilis
865 2157 994 2228 quoque
1021 2135 1115 2203 sitin
1136 2135 1423 2204 decernendafide

302 2269 431 2318 neeesse
448 2255 507 2316 est.
530 2246 622 2315 Hanc
643 2253 752 2314 autem
774 2243 910 2314 docendi
927 2253 1116 2336 potestatem
1139 2267 1289 2332 summus
1306 2245 1424 2314 Ponti-

303 2357 357 2424 fex
379 2355 450 2426 aliis
470 2353 685 2424 exercendam
706 2355 906 2423 committere
926 2355 1028 2433 valet;
1045 2375 1113 2423 non
1126 2352 1260 2444 quidam
1273 2375 1349 2421 cum
1366 2353 1424 2422 in-

303 2463 505 2534 fallibilitatis
523 2463 697 2556 privilegio
715 2461 814 2554 (quod
826 2462 895 2553 ,ipsi
909 2483 950 2530 ex
965 2460 1076 2531 divina
1093 2460 1295 2530 institutione
1310 2484 1426 2554 perso-

302 2573 375 2642 nale
394 2572 453 2664 est)
471 2571 525 2640 scd
546 2572 606 2640 sub
628 2593 688 2640 sua
703 2569 884 2638 doctrinam
900 2577 931 2638 et
952 2569 1103 2639 docentes
1125 2571 1213 2662 ipsos
1231 2571 1369 2660 regendi
1387 2595 1425 2639 ac

302 2680 487 2772 corrigendi
497 2680 696 2750 auctoritate.
713 2676 887 2748 Possibiles
901 2700 980 2768 crgo
989 2687 1065 2748 sunt
1079 2678 1214 2771 qnidam
1228 2681 1353 2770 gradus
1362 2679 1424 2747 do-

303 2790 456 2878 centium,
468 2789 656 2858 auctoritate
663 2785 835 2879 apostolica
843 2793 963 2878 prater
970 2786 1145 2878 Episcopos
1154 2788 1423 2857 constitutorum.

346 2897 492 2968 Dicimus
502 2908 627 2989 praeter
641 2895 828 2986 Episcopus.
847 2893 929 2962 Nam
944 2893 1007 2986 ipsi
1022 2892 1136 2962 divina
1146 2895 1350 2964 institutione
1363 2918 1426 2988 po-

303 3009 358 3078 siti
386 3005 528 3077 suntad
555 3003 750 3099 pascendam
778 3002 954 3073 Ecclesiam
981 3003 1051 3084 Dei,
1080 3005 1140 3072 etsi
1161 3003 1384 3096 dependenter
1406 3029 1426 3074 a

303 3119 450 3188 Romano
477 3116 648 3202 Pontifice,
671 3121 703 3182 ct
730 3113 823 3206 prius
843 3113 884 3181 ab
906 3113 977 3205 ipso
996 3121 1125 3205 accepta
1144 3115 1309 3184 missione.
1329 3116 1426 3186 Unde

304 3223 538 3321 praesupposita
561 3223 618 3290 illa
643 3221 796 3290 missione
822 3243 886 3313 qua
912 3220 1011 3289 Sedes
1042 3222 1228 3313 Apostolica
1257 3223 1426 3293 diocesim

303 3334 402 3404 alicui
421 3333 580 3424 Episcopo
601 3338 757 3422 tanquam
781 3328 948 3398 ordinario
970 3329 1145 3419 regendam
1162 3331 1347 3419 committit,
1366 3333 1427 3402 hoo
1505 3369 1506 3416 3

304 3446 374 3537 ipso
391 3463 490 3535 penes
505 3440 703 3532 Episcopum
722 3439 816 3508 illum
830 3438 949 3508 residet
964 3438 1130 3507 ordinaria
1144 3446 1285 3531 potestas
1303 3443 1427 3533 magis·

303 3555 374 3623 terii
382 3579 391 3640 ;
410 3573 475 3621 non
490 3549 622 3644 quidem
637 3548 830 3638 infallibilis,
847 3548 903 3618 sed
920 3573 995 3641 quae
1009 3557 1118 3618 tamen
1132 3571 1208 3618 cum
1220 3572 1300 3620 vera
1312 3560 1428 3620 aucto-

304 3664 397 3731 ritate
411 3665 581 3731 exercetur
596 3657 657 3726 sub
670 3656 834 3724 infallibili
849 3657 1005 3726 Romanae
1021 3655 1114 3726 Sedis
1130 3658 1329 3748 magisterio.
1347 3660 1428 3729 Haec

305 3793 402 3863 porro
422 3767 612 3860 episcopalis
632 3766 813 3856 magisterii
835 3773 975 3858 potestas
993 3774 1024 3834 ct
1044 3767 1115 3859 ipsa
1130 3767 1313 3861 concipitur
1326 3771 1428 3839 variis

304 3878 460 3970 gradibus
478 3876 636 3946 committi
657 3897 762 3967 posse.
781 3875 876 3944 Unde
890 3876 974 3944 sicut
992 3875 1156 3968 possibilis
1171 3884 1220 3946 est
1235 3881 1427 3971 supra-epi-

304 3987 423 4080 copalis
448 3985 630 4054 hierarchia
652 3984 833 4074 magisterii
858 4007 898 4052 ex
925 3985 1115 4078 participato
1141 3987 1243 4056 variis
1269 3989 1427 4078 gradihus

304 4095 444 4165 Romani
469 4091 635 4162 Pontificis
655 4092 853 4181 magisterio,
875 4093 964 4162 itaet
986 4093 1274 4188 sub-episcopalis,
1292 4119 1333 4165 ex
1349 4119 1427 4189 par-

303 4206 434 4297 ticipato
448 4202 634 4294 magisterio
650 4201 814 4294 Episcopi.
