3072 4948
606 529 687 576 strare
719 527 868 578 caecator.
1227 507 1287 576 sss

180 693 196 731 o
219 675 256 735 nt
277 663 430 736 Ecclesia
454 665 658 761 disciplinam
680 692 738 762 per
758 671 947 740 universum
968 669 1080 740 orbem
1095 669 1283 762 amplificet.

180 801 198 840 a
221 773 257 842 ld
281 783 405 844 constat
428 797 469 844 ex
493 780 534 844 tt
559 780 787 848 constitutione
807 778 891 848 Sixti
907 779 952 864 V,
972 800 1070 870 quam
1089 799 1290 849 commemo-

181 911 198 947 α
223 905 358 951 mmus:
382 883 512 952 Habeat
533 885 648 956 itidem
667 887 885 978 Conpreyotio
909 886 1141 956 auctoretatem
1153 909 1290 978 promo-

182 1015 199 1056 «ι
223 991 318 1060 vmdr'
340 993 607 1082 reformationem
631 995 710 1064 cleri
732 1006 763 1063 et
781 994 911 1086 populi,
933 991 1055 1063 nedum
1070 995 1107 1063 io
1125 994 1220 1082 Urbe,
1237 993 1294 1064 sed

184 1125 200 1163 u
227 1100 329 1167 etiam
353 1100 386 1166 ia
403 1101 552 1170 moereo
568 1102 748 1170 christiano
762 1101 849 1183 orde,
871 1101 907 1169 in
922 1101 974 1170 tte
987 1123 1059 1192 qua
1068 1103 1236 1194 pertinent
1251 1102 1299 1172 od

183 1207 373 1276 «divinum
399 1210 525 1277 crottum
546 1207 815 1302 propaqandam,
844 1207 1047 1278 devotionem
1069 1209 1288 1291 excitandam,

182 1344 200 1380 a
224 1329 256 1384 ct
278 1339 385 1386 osores
404 1318 579 1387 christiani
595 1319 713 1411 populi
731 1315 778 1386 od
794 1317 1024 1410 praesmptum
1044 1315 1189 1410 ejusdem
1208 1321 1293 1388 Gon-

183 1451 202 1492 o
224 1426 293 1494 citii
313 1423 559 1516 componendos.
586 1427 719 1510 Quinto,
744 1426 771 1495 si
794 1425 1014 1500 controversia
1036 1423 1117 1494 forte
1133 1426 1292 1495 excitatur

184 1559 202 1596 o
225 1533 266 1600 ob
289 1556 328 1601 ea
347 1555 422 1622 quae
439 1535 642 1621 sanciuntur,
659 1556 725 1601 non
740 1532 871 1624 quidem
888 1531 927 1600 ad
943 1534 1089 1624 privatos
1105 1534 1291 1626 scriptores,

184 1669 202 1706 o
225 1640 279 1708 sed
307 1640 348 1708 ad
370 1641 473 1731 ipsam
497 1640 790 1730 Congregationem
815 1640 1000 1732 provocatio
1023 1640 1250 1732 interponitur.
1273 1667 1289 1705 a

184 1747 419 1840 (institutiones
433 1748 662 1829 ecclesiastice,
680 1747 842 1816 destitutio
860 1751 935 1833 107,
952 1751 1149 1838 numerat.)

604 2145 764 2228 SECTIO
799 2143 867 2226 Vi.
940 2077 944 2098 =

270 2357 313 2414 DE
331 2357 585 2416 CONSUETUDINE
605 2359 784 2423 QUATENUS
803 2359 896 2414 tunes
915 2359 1071 2418 canonici
1093 2361 1211 2420 FONTE.

229 2623 317 2690 Inter
338 2623 441 2690 fontes
463 2623 547 2712 juris
570 2621 715 2691 canonici
741 2646 805 2691 aion
821 2624 970 2694 infimum
986 2626 1092 2695 locum
1109 2625 1205 2696 habet
1218 2651 1296 2697 eon·

184 2729 322 2798 suetudo
351 2757 358 2797 :
391 2731 564 2798 innumera
589 2731 675 2798 enim
704 2741 780 2799 sunt
806 2755 880 2823 qum
911 2755 984 2801 cum
1012 2757 1054 2804 ex
1081 2737 1199 2827 scripto
1223 2737 1297 2828 jure

185 2839 396 2908 determinari
419 2861 485 2907 non
508 2840 646 2930 possint,
670 2863 712 2909 ex
734 2840 809 2932 jure
832 2865 897 2909 non
914 2845 1033 2935 scripto
1048 2867 1104 2913 seu
1120 2855 1297 2916 ocrisuetu-

185 2947 312 3015 dinario
332 2945 472 3038 judicari
496 2968 623 3015 neeesse
645 2956 704 3016 est.
730 2949 800 3018 Inro
818 2950 872 3041 jus
894 2951 1050 3041 scriptum
1073 2975 1160 3044 saepe
1182 2977 1202 3022 a
1221 2955 1296 3045 jure

184 3054 459 3123 consuetudinum
484 3053 637 3123 vincitur.
665 3055 842 3146 Utriusque
865 3079 943 3146 ergo
965 3059 1049 3126 ratio
1075 3057 1235 3146 habende,
1261 3083 1299 3129 ac

185 3162 280 3252 proin
297 3161 465 3252 utriusque
485 3161 663 3229 necessaria
680 3163 833 3251 cognitio.
853 3163 1004 3232 Dicemus
1023 3193 1029 3233 :
1058 3167 1090 3231 1ο
1106 3165 1146 3232 de
1161 3189 1297 3234 consue-

185 3269 309 3335 tudinis
332 3276 448 3335 nnture
468 3277 500 3335 et
520 3268 687 3358 speciebus
708 3270 825 3355 variis3
855 3273 888 3336 2⁰
910 3270 949 3338 de
976 3272 1079 3362 ipsius
1095 3272 1297 3362 legitimitate

186 3377 297 3445 sende
313 3377 475 3468 requisitis
490 3385 526 3444 ut
538 3377 606 3444 vim
622 3377 758 3464 habeat;
779 3383 811 3446 3⁰
827 3377 867 3445 dc
882 3381 985 3470 ipsius
1000 3380 1183 3466 effectibus3
1209 3386 1242 3448 4⁰
1258 3383 1297 3452 de

187 3487 289 3578 ipsius
305 3487 525 3576 abrogatione.
