3048 4954
671 473 846 520 retornus
869 473 908 518 DE
929 473 1083 552 rumonus

830 763 918 852 gv.

356 949 424 1012 Quid
440 951 467 1002 in
483 949 563 1001 dnbio
578 963 611 1000 cn
627 949 726 1016 utquid
743 950 873 1014 pertinent
885 962 970 1004 necne
986 949 1019 1002 nd
1036 962 1135 1000 novum
1151 951 1194 1014 jus
1209 947 1387 1012 gutlicmumt

358 1164 498 1234 Videtur
528 1163 681 1232 cundum
709 1187 769 1255 pro
796 1164 872 1254 jure
898 1165 1077 1234 communi.
1111 1163 1195 1234 Nem
1223 1185 1281 1256 per
1306 1161 1436 1232 bullum

185 1297 190 1324 ¹
314 1274 380 1356 Oui
403 1272 526 1342 Christi
551 1271 687 1340 Domini
709 1273 818 1362 primo
838 1279 870 1339 et
894 1281 969 1342 unte
984 1273 1095 1342 omnia
1107 1294 1258 1342 eversum
1272 1279 1322 1340 est
1336 1293 1436 1340 omne

307 1381 364 1471 jus
383 1380 617 1470 exceptionsle,
643 1379 713 1470 ipsc
733 1381 904 1450 eversione
928 1383 1077 1449 omnium
1101 1379 1318 1448 Ecclesicrum
1340 1380 1436 1470 prins

311 1488 545 1572 existentium
575 1497 607 1555 et
632 1487 695 1556 hoc
720 1489 791 1580 ipso
815 1487 987 1557 inductum
1011 1501 1059 1557 est
1076 1489 1131 1580 jus
1155 1509 1340 1558 commune.
1374 1487 1436 1555 Jus

311 1616 390 1684 ergo
411 1594 492 1662 illud
514 1617 687 1663 commune
714 1595 873 1685 possidet,
896 1597 1000 1666 donec
1021 1605 1146 1666 constet
1164 1597 1205 1664 de
1223 1595 1439 1684 derogatione

310 1707 422 1797 aliqua
447 1705 510 1796 ipsi
535 1727 593 1796 per
617 1704 849 1796 subsequentes
869 1716 961 1772 actus
986 1704 1081 1772 fecto.
1114 1703 1201 1792 Ergo
1223 1703 1376 1771 indubio
1392 1726 1435 1771 on

311 1815 505 1902 derogatum
528 1811 630 1880 inerit
649 1811 719 1901 juri
740 1812 907 1880 communi
926 1813 962 1879 in
989 1835 1074 1879 novo
1096 1819 1182 1880 stetu
1206 1833 1318 1879 rernm
1331 1811 1435 1878 eccle-

311 1921 514 1988 siasticarum
537 1920 572 1986 in
587 1918 715 2002 Gallio,
734 1918 971 2010 expectendum
993 1928 1062 2005 est,
1080 1919 1182 1987 donce
1204 1925 1436 1987 consistorio

310 2026 352 2094 de
373 2028 434 2095 ista
457 2026 679 2116 derogatione,
704 2037 736 2093 et
750 2027 873 2094 interce
893 2025 1059 2116 egendum
1083 2036 1115 2094 et
1130 2024 1373 2118 procedendum
1392 2048 1435 2094 cx

308 2135 383 2225 jure
409 2138 588 2206 communi.

354 2243 440 2312 Hinc
465 2245 645 2334 generatim
674 2245 751 2334 poni
785 2267 878 2335 posse
903 2246 1033 2314 videtur
1061 2270 1121 2338 pro
1147 2247 1261 2335 regula
1287 2247 1434 2338 practica
1515 2231 1516 2266 ³

311 2353 397 2420 circs
416 2351 472 2444 jus
494 2353 687 2421 canonicum
715 2351 910 2422 hodiernum
944 2354 978 2420 in
1011 2353 1115 2423 Gellia
1140 2385 1147 2422 :
1169 2354 1338 2424 Stondom
1355 2355 1437 2446 juri

310 2460 489 2538 communi,
514 2459 638 2549 quotics
660 2483 725 2527 non
745 2471 871 2528 constat
895 2461 926 2528 ci
947 2459 1142 2552 dcroqatnm
1158 2464 1259 2554 fiiisse
1282 2462 1350 2530 sion
1369 2485 1435 2554 per

309 2567 409 2635 Pium
429 2569 496 2646 VII,
514 2569 580 2636 sinc
594 2569 707 2660 αΙὶᾳιιο
718 2581 794 2658 post
807 2569 908 2638 Pium
930 2572 988 2639 VII
1008 2570 1154 2661 lenitimo
1170 2571 1279 2640 titolo.

816 2878 837 2968 g
860 2877 916 2946 vr.

309 3065 374 3125 Quid
398 3064 556 3115 censendum
573 3064 606 3113 dc
627 3063 763 3128 multiplici
786 3064 859 3127 prust
880 3068 971 3115 contra
984 3067 1027 3130 jus
1047 3077 1186 3116 commune
1205 3065 1258 3128 jum
1280 3069 1431 3131 stempore

356 3145 394 3196 Pit
419 3146 465 3196 vn
482 3146 510 3196 in
526 3143 615 3196 Galliis
635 3143 800 3209 introductu,
816 3157 869 3196 non
891 3145 1086 3196 contradicente
1106 3151 1196 3196 scnetc
1211 3145 1297 3196 Sedet
1316 3145 1432 3208 tttcmis·

355 3228 430 3292 sive.)

350 3437 443 3506 Hanc
465 3436 669 3528 questionem
693 3443 870 3505 tractemus
897 3434 1003 3520 infra,
1032 3435 1090 3502 ubi
1121 3434 1161 3502 de
1194 3433 1429 3504 consuetudine

305 3547 410 3636 (perte
433 3549 466 3628 2,
483 3553 559 3612 sect.
580 3549 612 3630 6,
630 3566 701 3635 cap.
720 3547 753 3630 t,
770 3544 792 3634 ᾗ
807 3543 858 3636 t);
886 3566 924 3611 ec
950 3552 1106 3634 praetcres
1132 3543 1212 3610 dnm
1231 3543 1371 3612 occurrit
1395 3547 1429 3610 in

305 3654 446 3721 decursu
488 3659 704 3739 tractatuum,
747 3674 807 3742 pro
838 3652 1050 3720 materiarum
1074 3659 1192 3718 natura
1221 3662 1253 3718 et
1284 3651 1427 3736 ordine,

303 3760 413 3850 aliqua
440 3759 629 3849 hujusmodi
659 3759 774 3827 Gallim
803 3755 1019 3849 expendenda
1048 3759 1182 3848 praxis,
1212 3758 1426 3850 quaestionem

304 3867 345 3934 de
359 3869 414 3936 itta
430 3869 464 3934 in
480 3867 667 3960 particulari
680 3867 895 3936 instituimus.

746 4089 986 4104 *a-
