3072 4948
303 517 364 582 lut
656 534 831 583 mauricus
853 537 892 582 nn
915 536 1068 584 rnmcrrns

298 677 413 767 tariis.)
446 679 478 744 3⁰
504 675 665 746 Mandata
695 679 873 769 apostolica
902 676 946 766 (id
975 687 1025 747 est
1048 679 1165 747 litterar
1188 678 1311 770 quibus
1333 677 1422 768 Papa

294 784 430 876 jubebat
447 783 504 851 tali
528 806 675 876 personae
701 786 843 854 conferri
861 785 1069 874 beneficium,
1094 787 1129 854 in
1147 785 1202 854 toli
1219 785 1355 854 ecclesia
1369 784 1422 851 vcl

297 893 332 958 in
355 891 410 958 tali
437 891 566 960 dioecesi
586 900 644 960 aut
664 893 833 983 provincia
855 892 1069 962 ecclesiastica
1085 915 1217 974 vacans,
1242 899 1300 960 aut
1313 891 1422 983 primo

213 1081 216 1090 ,
296 998 515 1088 vacaturum),
541 1021 616 1090 qnae
641 1007 751 1089 postea
773 1023 793 1066 a
815 1000 954 1068 concilio
970 1000 1163 1069 Tridentino
1185 999 1314 1068 sublata
1329 1005 1420 1082 sunt,

296 1107 331 1174 in
355 1107 550 1176 concordata
571 1104 763 1174 Franciscil
779 1129 845 1175 non
870 1109 1005 1176 omnino
1033 1107 1334 1200 supprimebantur,
1364 1104 1420 1172 sed

295 1224 422 1284 tanturn
442 1214 735 1304 restringebantur.
756 1214 895 1298 Quando
909 1238 1027 1307 nempe
1049 1216 1228 1307 Episcopus
1241 1215 1295 1282 vel
1311 1203 1422 1306 quivis

294 1323 376 1391 alter
402 1329 473 1391 erat
499 1321 633 1392 collator
660 1323 847 1391 ordinarius
874 1321 986 1392 decem
1013 1322 1261 1408 beneficiorum,
1294 1329 1423 1412 poterat

293 1430 383 1522 Papa
397 1429 438 1498 de
454 1452 521 1499 uno
536 1452 578 1496 ex
592 1430 658 1497 illis
672 1434 782 1499 decem
796 1431 963 1500 beneficiis
977 1453 1035 1522 per
1050 1429 1240 1500 mandatum
1262 1427 1422 1520 apostoli-

257 1543 260 1548 ’
292 1561 367 1607 cum
393 1537 565 1629 disponere
579 1564 588 1624 ;
618 1537 646 1606 si
662 1538 739 1630 quis
751 1547 861 1607 autem
875 1547 957 1606 esset
970 1537 1105 1606 collator
1117 1536 1304 1606 ordinarius
1319 1535 1422 1626 quin-

291 1647 449 1738 quaginta
467 1659 499 1714 et
517 1647 606 1715 ultra
630 1647 878 1733 beneficiorum,
898 1655 1024 1740 poterat
1045 1649 1134 1738 Papa
1151 1668 1210 1737 per
1227 1644 1421 1713 mandatum

291 1754 463 1846 disponere
483 1753 523 1822 de
539 1755 668 1823 dnobus
684 1781 692 1822 :
710 1755 900 1823 Statuimas
915 1767 946 1823 ct
966 1754 1162 1823 ordinamus
1176 1751 1266 1844 qaod
1282 1752 1422 1843 quilibet

292 1865 461 1930 Romania
483 1862 638 1952 Pontifex
662 1861 772 1950 (semel
791 1861 969 1930 dumtaxat
996 1876 1142 1953 tempore
1164 1860 1218 1928 sai
1235 1858 1422 1950 pontifica-

293 1971 370 2059 tus),
409 1969 536 2037 litteras
574 1969 608 2036 ia
636 1971 748 2058 forma
787 1969 943 2038 mandati
975 1971 1080 2059 juata
1104 1970 1253 2058 sororum
1280 1965 1422 2058 inferius

291 2089 445 2144 notatam
469 2076 548 2144 dore
566 2078 683 2168 possit,
707 2077 767 2144 boc
790 2075 889 2145 modo
911 2075 1058 2145 uidelicet
1075 2103 1085 2142 :
1100 2097 1205 2143 unum
1227 2075 1421 2144 collatorem

291 2183 466 2252 labentem
481 2184 690 2253 collationem
705 2184 813 2252 decem
829 2184 1069 2274 beneficiorum,
1087 2183 1123 2250 ia
1134 2204 1201 2250 ano
1213 2207 1227 2262 ‚·
1241 2181 1420 2251 labentem

290 2306 403 2362 autem
428 2298 467 2360 50
497 2293 725 2384 berseficiorum
752 2307 781 2361 et
807 2294 909 2375 altra,
938 2294 974 2360 ia
995 2292 1121 2362 duobus
1142 2289 1301 2381 beneficiis
1320 2291 1421 2360 dam-

291 2413 399 2482 lauat,
417 2421 557 2490 pacare
576 2400 690 2492 possit.
709 2400 881 2491 Praecipua
896 2400 1064 2488 derogatio
1078 2397 1279 2466 cancellaria
1295 2400 1422 2488 regulis

290 2518 359 2576 erat
388 2507 648 2576 reservationum
671 2515 741 2575 tum
768 2507 956 2598 specialium
969 2517 1039 2575 tum
1055 2506 1260 2596 generalium
1278 2507 1423 2576 sublatio

291 2614 326 2681 in
347 2615 464 2682 Patria
488 2613 636 2682 redacta.
657 2639 674 2678 a
698 2614 862 2683 Volumus
894 2637 1024 2706 quoqne
1046 2623 1077 2682 et
1099 2612 1303 2700 ordinamus,
1329 2617 1422 2706 quod

295 2722 371 2788 «in
400 2745 514 2810 reguo,
548 2721 747 2813 Delphinatu
777 2732 809 2791 et
838 2723 1002 2792 Comitatu
1033 2721 1210 2813 praedictis,
1237 2722 1276 2790 de
1299 2733 1423 2793 caetero

295 2851 401 2896 anon
428 2829 548 2897 dentur
569 2829 689 2920 aliquae
715 2830 833 2920 gratioe
859 2831 1102 2920 exspectativae,
1129 2853 1167 2898 ac
1190 2829 1344 2921 speciales
1367 2833 1422 2899 rel

298 2964 314 3002 a
338 2937 504 3026 generales
531 2939 765 3007 reservationes
785 2936 827 3006 ad
855 2947 1009 3008 vacatura
1030 2939 1201 3025 beneficia,
1222 2960 1282 3030 per
1301 2940 1372 3008 Nos
1391 2950 1424 3008 st

298 3070 315 3110 a
337 3042 457 3112 Sedem
472 3045 663 3136 praedictam
679 3069 744 3115 non
760 3045 850 3114 fiant.
871 3073 885 3110 o
905 3045 1017 3137 (Apud
1032 3045 1222 3134 Rebuffum,
1236 3046 1271 3112 in
1283 3067 1424 3116 concor-

294 3153 381 3235 data,
399 3151 477 3221 folio
495 3157 570 3239 586,
586 3153 663 3222 edit.
683 3154 855 3242 Lugduni,
881 3156 994 3244 1609.)

338 3262 433 3332 Unde
453 3261 495 3330 ad
516 3261 734 3352 questionem
754 3261 965 3352 propositam,
984 3257 1150 3352 quomodo
1166 3282 1282 3352 nempe
1296 3261 1425 3350 vigue-

294 3371 360 3437 rint
390 3371 425 3437 in
455 3368 559 3438 Gallia
588 3366 789 3434 cancellariae
826 3366 949 3456 regulae
985 3389 1087 3458 usque
1117 3365 1159 3434 ad
1186 3365 1422 3436 concordatum

295 3477 373 3544 anni
398 3479 496 3562 1801,
519 3472 708 3565 responderi
736 3482 865 3564 potest:
885 3496 938 3540 eas
964 3473 1108 3563 viguisse
1136 3473 1172 3540 in
1193 3473 1362 3563 integrum
1387 3477 1423 3543 in

298 3605 416 3672 magna
431 3582 612 3650 Galliarum
627 3589 735 3672 parte3
753 3581 788 3647 in
804 3581 941 3671 reliquis
956 3603 1034 3649 vcro
1046 3580 1194 3671 ejusdem
1205 3580 1299 3671 regni
1321 3581 1424 3652 ditio-

297 3692 407 3778 nibus,
435 3691 535 3758 tuisse
556 3691 602 3759 eis
624 3713 644 3758 a
663 3691 771 3758 Leone
790 3689 823 3756 X
846 3690 882 3757 in
905 3689 1072 3760 nonnullis
1094 3690 1298 3779 derogatum.
1325 3695 1373 3758 At
1387 3694 1424 3760 in

297 3799 436 3892 ipsomet
459 3799 654 3868 concordata
675 3822 742 3890 qno
766 3798 991 3889 derogationes
1012 3799 1079 3867 illae
1100 3800 1342 3886 sauciabantur,
1359 3823 1424 3891 ag-

298 3906 491 3975 noscebatur
515 3901 713 3998 principium
737 3906 882 3997 supremi
904 3906 990 3997 juris
1012 3905 1168 3997 ponb'ficii
1185 3906 1221 3972 in
1241 3907 1421 3994 beneficia;

296 4015 459 4105 siquidem
482 4011 590 4106 quoad
614 4013 771 4081 beneficia
793 4015 941 4082 vacantia
961 4014 996 4080 in
1016 4013 1121 4101 curia,
1142 4023 1174 4082 et
1187 4012 1295 4104 quoad
1309 4029 1422 4106 potes-

297 4131 394 4190 tatem
429 4121 630 4214 pontificiam
661 4121 851 4190 conferendi
879 4123 962 4214 jare
990 4121 1241 4213 preventioais,
1273 4123 1418 4192 Romani

295 4229 462 4298 pontificis
488 4229 707 4321 prerogativa
736 4230 855 4298 intacta
883 4229 1140 4322 relinquebatur.
1169 4229 1265 4311 Quod
1293 4231 1415 4300 identi-
