3048 4954
523 479 605 526 altars
628 480 778 526 canumet.
1167 463 1206 526 79

96 645 113 680 ι
137 615 378 686 ordinationem
402 615 593 688 duraturam
617 619 785 712 deinceps,
807 621 871 688 uisi
889 620 923 688 in
941 623 1054 712 saturo
1076 622 1208 691 couca‘da'c
1294 691 1298 700 ,

95 751 112 791 a
138 723 179 794 de
193 723 294 816 ipssa
308 726 450 796 notionis
462 749 614 796 corneacu
627 727 725 796 aliter
735 727 837 819 firerr't
849 727 1052 798 arderatum.

139 856 158 901 r
185 833 262 902 llaec
277 833 430 927 equidem
450 843 646 926 argumenta
668 834 700 904 id
724 835 862 928 probare
882 836 1046 927 intelligo,
1062 859 1127 907 non
1151 861 1208 909 so-

95 971 113 1008 a
137 943 205 1012 lora
229 943 397 1014 Romanos
415 943 610 1031 Pontifices,
629 967 734 1038 nequo
757 944 874 1014 dehere
897 944 1025 1014 levibus
1038 945 1079 1015 de
1105 949 1210 1018 causis

96 1079 114 1116 a
138 1053 340 1122 concordatis
361 1055 518 1146 derogare
530 1081 539 1141 ;
565 1075 670 1148 neque
693 1054 869 1122 censendos
889 1053 929 1122 iis
948 1054 1124 1142 contraire,
1146 1057 1209 1125 nisi

97 1187 115 1224 ι
138 1161 312 1252 specialem
326 1171 358 1231 et
380 1185 569 1254 expressam
584 1185 700 1232 corum
723 1185 760 1232 ac
772 1161 869 1254 justae
886 1183 991 1231 causa
1007 1163 1208 1233 mentionem

98 1295 114 1334 a
137 1267 275 1349 faciant;
289 1267 433 1361 adeoque
450 1271 647 1362 rescriptum
659 1268 816 1339 adversas
830 1269 1023 1338 concordata
1039 1269 1208 1340 obtentum

97 1404 114 1441 a
137 1377 208 1444 sinc
223 1377 285 1445 hac
305 1377 470 1446 mentione
499 1399 560 1469 pro
579 1377 776 1470 subrepticio
798 1377 991 1468 etjinvalido
1004 1377 1206 1465 habendum,

97 1511 112 1548 ι
138 1493 174 1552 ut
204 1483 344 1552 advertit
373 1485 469 1574 Engl.
505 1485 563 1576 (Ile
591 1485 758 1578 praebend.
786 1493 818 1554 et
839 1485 947 1577 digm,
975 1509 1008 1554 u.
1036 1487 1100 1576 hl).
1128 1486 1208 1568 Qua

97 1615 214 1660 asana
244 1590 391 1660 doctriua
414 1615 456 1659 ex
481 1591 560 1684 Ipsis
583 1593 681 1661 etiam
705 1615 915 1663 summorum
941 1595 1094 1664 Ecclesiae
1118 1617 1208 1686 prar-

96 1701 247 1769 asulnm
276 1700 417 1769 cracarlis
445 1699 585 1770 hahetur
610 1701 807 1793 perspicua:
839 1702 884 1770 sic
905 1702 993 1770 enim
1021 1703 1143 1772 Paulus
1162 1703 1206 1788 V,

96 1809 365 1878 «constitutione
400 1811 454 1876 En
481 1809 672 1901 pastoralis,
701 1807 838 1878 declarat
876 1833 933 1878 nec
962 1832 1031 1878 suar
1062 1833 1207 1903 unquam

94 1916 269 2000 amentis,
306 1939 365 1984 nec
395 1915 641 2008 predecessoris
668 1917 719 1984 sui
751 1917 849 1985 fuisse
877 1917 1080 1986 concordatis
1109 1919 1205 1987 dero-

96 2051 113 2088 a
137 2045 258 2114 gare...
289 2023 330 2090 Et
339 2023 410 2115 jam
432 2031 526 2092 auhn
542 2023 721 2114 Gregorius
747 2022 824 2092 XIII
850 2023 1076 2093 constitutione
1093 2023 1210 2116 tjunii

95 2160 112 2196 a
141 2135 224 2199 1572
260 2129 366 2218 edita,
397 2139 594 2200 contestatus
622 2139 670 2198 est
698 2153 744 2218 se,
777 2131 838 2199 suh
867 2153 1074 2222 quacumque
1102 2132 1210 2200 forma

95 2269 111 2304 a
137 2239 318 2330 scripserit,
336 2238 530 2308 concordata
546 2239 630 2307 nolle
644 2237 775 2307 ledere.

141 2377 158 2415 a
181 2348 405 2418 Nihilominus
428 2357 621 2415 tamennon
643 2344 825 2432 evIncitur,
848 2368 914 2414 nou
928 2367 1021 2436 posse
1037 2367 1206 2415 summum

94 2483 112 2520 a
135 2457 330 2526 Pontificem
355 2477 395 2524 ec
410 2453 620 2546 plenitudine
641 2475 708 2522 aaa
723 2453 897 2544 potestatis
910 2453 1112 2522 concordatis
1127 2477 1209 2524 con-

95 2591 113 2628 a
137 2565 301 2634 travemrc
325 2563 429 2655 iisqne
451 2562 625 2651 derogare,
650 2560 781 2652 quando
797 2561 886 2653 justa
909 2559 942 2629 id
961 2583 1058 2630 causa
1085 2563 1208 2652 exigit;

96 2703 114 2738 a
137 2684 237 2766 prout
251 2674 373 2768 passim
394 2681 574 2763 agnoscunt
587 2671 791 2742 ecclesiastici
801 2671 888 2763 juris
903 2671 1104 2763 interpretes.
1122 2673 1207 2741 Nam

97 2811 114 2846 a
138 2784 289 2852 Pontifex
313 2784 494 2870 Romanus,
522 2792 678 2877 tanquam
707 2805 806 2852 verus
828 2781 951 2852 Christi
966 2783 1001 2852 in
1015 2783 1209 2851 terrisvica·

98 2919 114 2956 a
139 2893 229 2981 rius,
244 2894 278 2962 in
293 2917 431 2986 persona
445 2895 546 2962 sancti
561 2894 648 2963 Petri
664 2916 729 2963 non
747 2901 874 2962 mutum
889 2893 1042 2984 accepite
1061 2892 1207 2978 Christo,

98 3023 214 3069 acum
239 3009 392 3092 potestate
417 3001 560 3069 clavium
581 3001 707 3091 ligandi
736 3009 832 3093 atque
862 3000 1031 3087 solvendi,
1053 3000 1211 3080 dominici

100 3134 116 3173 s
139 3107 233 3176 ovilis
248 3109 441 3199 pastoralem
457 3108 637 3178 custodiam
655 3132 691 3178 ac
705 3132 873 3178 summam
894 3109 1136 3200 prefecturam,
1154 3109 1209 3178 sed

101 3218 237 3286 setiam
276 3241 464 3310 supremam
509 3201 781 3310 dispensationem
820 3227 852 3286 et
892 3216 1209 3287 administrationem

103 3353 118 3386 a
140 3326 288 3393 omnium
306 3347 362 3418 per
376 3327 489 3396 orhem
510 3325 728 3395 christianum
749 3325 984 3395 beneficiorum
994 3375 1004 3412 ,
1017 3325 1209 3418 juriumque

105 3459 119 3496 a
141 3433 440 3503 ecclesiasticorum.
472 3435 563 3504 llanc
578 3432 717 3526 proinde
740 3459 908 3504 summam
928 3441 1138 3526 potestatem,
1152 3457 1210 3503 su-

104 3563 263 3632 «premar
279 3541 429 3611 Ecclesia
450 3543 687 3636 praefecturae
702 3541 831 3611 Christo
847 3544 916 3634 ipsc
933 3565 1098 3611 annexam
1113 3552 1209 3635 atque

107 3649 373 3740 «inhumatam,
402 3673 572 3744 nunquam
596 3653 641 3720 ita
665 3661 768 3744 potest
790 3651 941 3720 Pontifex
963 3673 983 3718 a
1002 3674 1036 3719 sc
1062 3649 1210 3720 abdicare

107 3766 196 3827 saut
216 3757 308 3827 alteri
323 3760 518 3852 cuicumque
541 3761 586 3829 ita
607 3759 871 3844 communicare,
899 3770 934 3827 nt
957 3781 1023 3827 non
1051 3757 1209 3849 majorem

107 3891 122 3930 a
142 3866 245 3936 adhue
259 3867 406 3938 retineat.
432 3895 449 3934 n
472 3869 594 3960 (Binor,
613 3871 799 3961 Apparatus
808 3867 953 3961 jurispr.
970 3891 1041 3936 coa.
1058 3889 1133 3960 pars
1147 3865 1207 3954 v1,

105 3996 166 4066 cap.
186 3979 217 4064 3,
233 3985 295 4045 art.
311 3979 343 4065 8,
359 3975 380 4068 ᾖ
393 3978 438 4066 6.)

142 4083 299 4178 Ohjicitnr
322 4091 366 4155 1⁰.
393 4086 546 4179 Priuceps
568 4095 695 4158 tenetur
708 4087 835 4178 legibus
848 4087 938 4175 snis3
955 4109 1034 4178 ergo
1056 4086 1144 4179 Papa
1158 4093 1210 4157 te-

106 4203 191 4263 netur
212 4195 403 4264 concordata
425 4197 609 4268 ohservare.
633 4198 878 4290 Respondetur:
907 4199 1060 4289 Princeps
1086 4206 1211 4270 tenetur
