3068 4948
323 431 386 500 tao
677 451 851 502 catenarus
873 427 912 502 or,
935 455 1089 504 nicaenus

322 595 422 667 Nobis
436 619 457 663 a
472 592 611 665 Domino
624 619 684 687 per
697 599 834 666 Petrum
847 597 1089 666 sanctissimum
1103 610 1134 666 et
1144 597 1328 690 principem
1344 589 1440 690 opos?

319 710 462 778 telonem
493 707 648 799 (Epistola
678 709 720 798 s).
752 709 854 777 Porro
880 708 926 776 sic
953 709 1148 778 constituere
1176 710 1381 800 presbyteros
1411 719 1440 776 et

320 815 472 886 diaconos
495 817 528 883 io
558 815 699 882 ecclesiis
729 815 920 900 civitatum,
948 826 1017 884 erat
1048 817 1112 884 illis
1144 817 1293 885 conferre
1315 818 1373 908 jus
1402 818 1439 884 ad

320 926 405 994 bona
427 925 560 993 illarum
585 925 795 992 eeclesiarum
825 925 1036 994 sustentando
1062 925 1149 994 clero
1174 927 1340 1017 deputata,
1372 949 1438 1012 seu,

319 1033 407 1126 quod
428 1033 517 1104 Idem
530 1041 599 1132 est,
616 1043 685 1102 erat
710 1034 858 1102 conferre
879 1033 1049 1122 beneficia,
1067 1043 1163 1128 prout
1182 1044 1260 1104 tunc
1283 1036 1439 1128 temporis

321 1145 502 1216 exstabant.

369 1283 385 1319 a
410 1253 595 1324 Vitalianus
615 1275 745 1346 quoque
771 1255 922 1323 Pontifex
944 1255 998 1338 (ait
1023 1255 1182 1342 menda,
1199 1256 1441 1346 Antisebronius

324 1391 340 1428 a
364 1361 557 1442 uindicatus,
576 1367 599 1428 t.
618 1361 674 1447 ΙΙΙ,
691 1383 724 1452 p.
743 1365 820 1447 279,
844 1361 922 1430 edit.
938 1362 1085 1447 Ceseuaa,
1106 1363 1204 1452 ¹77¹)
1225 1361 1343 1432 eadem
1364 1385 1441 1432 usus

324 1479 412 1538 aest
440 1469 640 1537 auctoritate.
673 1468 808 1538 Dedisse
835 1470 922 1538 enim
949 1470 983 1537 in
1013 1470 1175 1538 mandatis
1204 1469 1240 1538 S.
1267 1469 1440 1539 Theodoro

322 1607 338 1644 a
363 1577 590 1646 Gantuaricnsi
612 1577 867 1670 archiepiscopo,
885 1587 922 1647 ut
934 1579 1118 1669 Anglicauo
1138 1579 1271 1648 cuidem
1290 1579 1440 1648 ooeuobio

324 1719 340 1756 «
364 1691 513 1758 abbatem
524 1689 704 1781 praeficeret
716 1691 922 1759 Hadrianum
935 1689 1144 1774 Africanum,
1156 1689 1262 1758 fertur
1272 1713 1292 1757 a
1304 1689 1407 1758 Beda.
1421 1714 1436 1751 a

324 1799 477 1890 (Historia
500 1797 699 1887 Anglornm,
717 1797 775 1866 lib.
794 1798 854 1882 IV,
873 1821 900 1865 c.
920 1798 956 1886 ι.)

370 1933 385 1970 a
411 1906 524 1973 Exstat
543 1911 575 1973 et
596 1905 703 1974 Paulli
721 1906 736 1972 Ι
756 1905 953 1996 jusumque
974 1905 1128 1974 Ulchario
1151 1905 1332 1974 Scnoueusi
1356 1929 1440 1998 pra-

325 2043 341 2080 a
361 2022 488 2107 ceperat
505 2022 542 2082 ut
563 2014 732 2082 Marinum
757 2015 984 2105 presbyterum
1009 2013 1043 2081 in
1062 2013 1173 2106 aliqua
1193 2037 1267 2107 quae
1288 2015 1439 2106 primum

326 2153 342 2188 a
366 2130 494 2192 vacaret
508 2121 689 2190 Galliarum
705 2121 838 2190 ecclesia
853 2121 1054 2212 Episcopum
1069 2129 1281 2190 consecraret.
1308 2147 1327 2184 a

364 2233 505 2302 loannes
515 2228 592 2299 VIII
604 2229 645 2297 ad
660 2228 845 2296 Romanum
859 2228 1014 2296 Ravenna
1028 2228 1319 2319 Archiepiseopum
1338 2231 1440 2320 scrip-

321 2341 438 2410 sithoc
454 2335 576 2406 modo:
597 2337 757 2427 Deficncto
778 2336 914 2404 ecclesia
934 2336 1123 2406 Fauentina
1145 2337 1307 2429 Episcopo
1329 2337 1440 2427 proui-

322 2449 430 2517 dimus
458 2446 543 2512 dunc
570 2443 790 2522 Dominicnm,
818 2443 1033 2512 uenerabilem
1063 2443 1332 2512 archidiaconum
1361 2444 1440 2512 sedis
1516 2531 1517 2534 Ἴ

323 2556 434 2648 ipsius,
461 2553 584 2620 honore
605 2551 785 2642 episcopali
804 2550 943 2641 dipnum
968 2551 1114 2620 cautere.
1139 2555 1208 2620 Hoc
1232 2553 1441 2620 auctoritatis

321 2675 440 2732 nestrae
455 2671 579 2729 statuto
591 2659 747 2749 praesenti
760 2659 929 2727 dilectioni
946 2673 1043 2750 terecp
1027 2660 1251 2751 praecipimus,
1268 2672 1306 2728 ut
1322 2662 1441 2752 absque

298 2771 412 2854 ¹omni
431 2790 526 2836 moro
548 2767 600 2834 vel
613 2765 814 2856 prolatione,
842 2765 992 2834 eumdem
1016 2766 1286 2836 archidiaconum
1310 2767 1441 2836 studeas

320 2877 497 2949 ‚secundum
523 2897 648 2944 morem
680 2875 882 2967 Episcopum
918 2898 1103 2944 consecrare
1130 2876 1292 2967 (Epistolae
1327 2878 1416 2962 39,
1409 2899 1440 2943 m

321 2987 430 3056 codice
445 2983 611 3068 Carolioo,
626 2982 713 3072 apud
733 2983 915 3068 Duohcsne,
934 2992 957 3050 t.
975 2983 1031 3067 III,
1049 3005 1124 3072 pag.
1145 2983 1236 3073 tto).

363 3095 414 3163 Ex
429 3093 479 3160 his
494 3099 526 3159 ct
538 3091 610 3158 aliis
625 3111 699 3180 quae
715 3087 790 3156 addi
808 3098 938 3180 possent
959 3091 1194 3177 monumentis,
1217 3092 1338 3160 invicte
1356 3099 1439 3185 patet
1514 3119 1515 3122 ¹

319 3206 486 3274 Romanos
504 3197 692 3283 Pontifices,
709 3197 808 3287 longe
828 3205 902 3264 ante
922 3195 1074 3266 confictas
1095 3199 1136 3265 ab
1157 3197 1282 3267 Isidoro
1296 3199 1439 3268 famosas

318 3311 504 3390 decretales,
529 3329 598 3376 sese
624 3307 798 3396 ingessisse
823 3307 857 3374 in
880 3306 1067 3375 collationes
1090 3307 1343 3394 beneficiorum3
1374 3331 1438 3376 non
1513 3357 1514 3376 2

262 3485 263 3488 ,
317 3421 449 3513 «pridem
480 3415 610 3508 proprie
638 3415 841 3494 vacantium,
870 3436 945 3504 qaeu
974 3424 1053 3483 tunc
1076 3437 1140 3482 nou
1167 3417 1356 3502 exstabaut3
1385 3417 1463 3484 sed

316 3529 428 3621 (puelia
450 3525 622 3595 exstabant
646 3545 706 3614 pro
727 3529 885 3614 tempore.
917 3523 952 3590 Si
978 3533 1086 3592 autem
1114 3533 1240 3615 poterat
1267 3525 1437 3594 Romanus
1512 3569 1513 3630 3

317 3637 481 3720 Pontifex,
498 3631 630 3724 quaudo
648 3632 790 3716 volebat,
806 3632 847 3700 de
870 3633 1025 3701 beneficio
1047 3633 1193 3723 quolibet
1216 3635 1379 3724 privative
1397 3635 1435 3702 ad
1512 3631 1513 3696 ἒ

316 3747 521 3816 ordinarium
545 3737 734 3810 collatorem
756 3741 941 3832 disponere,
963 3751 1088 3833 poterat
1110 3751 1142 3811 et
1167 3742 1291 3834 aliquas
1316 3745 1436 3834 specics

315 3854 548 3922 beneficiorum
565 3858 685 3918 statuto
700 3851 845 3939 generali
859 3851 923 3918 eibi
939 3873 1116 3919 reservare.
1135 3853 1220 3920 Cum
1235 3873 1315 3940 ergo
1329 3862 1435 3942 postea

315 3962 457 4032 Romani
478 3961 665 4044 Pontifices,
681 3959 889 4046 generalibus
909 3960 1033 4048 regulis
1051 3959 1113 4027 sibi
1132 3959 1319 4050 aliquorum
1336 3961 1434 4028 hene-

316 4072 466 4138 ficiorum
486 4067 691 4136 collationem
717 4074 937 4152 reservarunt,
953 4089 1019 4135 non
1043 4088 1163 4135 novam
1187 4077 1218 4134 et
1238 4067 1430 4146 inauditam,

316 4177 370 4244 aed
386 4176 554 4266 antiquam
570 4181 601 4240 et
616 4172 758 4260 solitam,
775 4173 849 4240 licet
865 4173 947 4242 lorte
963 4183 1058 4242 antea
1079 4197 1144 4242 non
1166 4184 1233 4244 tam
1249 4175 1433 4268 frequenter
