3022 4950
226 529 263 590 tt
574 547 749 592 raimerus
775 549 811 590 nr
833 534 1006 594 narremus

264 688 506 756 Panncstr102·.
526 725 570 738 -
584 687 674 754 Finis
686 687 834 768 ultimus,
858 687 904 755 nel
922 710 1018 778 quem
1043 689 1141 754 konco
1159 689 1338 755 necessario

221 795 325 863 tendit
338 795 479 886 quolibet
494 805 570 862 actu
586 817 656 877 stro,
675 808 721 863 est
736 797 857 864 donam
870 797 1008 888 plenum
1023 818 1078 863 sen
1096 796 1277 886 infinitum.
1293 835 1339 846 -

221 904 327 972 Hcmn
341 903 427 971 enim
444 902 556 992 nequit
570 902 652 970 velle
666 904 789 995 aliquid
803 905 867 971 nisi
880 913 1040 994 qnatenus
1053 903 1117 994 ipsi
1133 903 1334 984 convenirem,

220 1011 253 1079 id
268 1019 328 1096 est,
352 1019 513 1103 qnatenus
528 1031 579 1078 res
594 1011 648 1077 illa
663 1033 762 1102 quam
777 1012 860 1098 vult,
878 1021 982 1103 potest
995 1012 1101 1080 venire
1115 1011 1224 1103 aliquo
1241 1011 1338 1079 modo

220 1119 254 1186 in
267 1141 370 1186 unum
382 1141 456 1186 cum
471 1119 553 1210 ipso,
567 1143 624 1188 seu
640 1120 748 1211 ipsum
762 1141 883 1209 augere
898 1129 929 1188 et
942 1118 1106 1210 perlicere.
1122 1118 1214 1188 Velle
1227 1127 1336 1186 autem

221 1225 342 1316 aliquid
358 1235 516 1318 quatenus
532 1228 738 1312 conveniens
759 1235 807 1296 est
827 1227 908 1296 illud
929 1228 1011 1297 velle
1025 1235 1187 1319 quaenus
1201 1225 1333 1294 bonum.
1427 1303 1432 1318 .

220 1335 347 1404 Bonum
368 1359 459 1424 ergo,
483 1336 571 1427 quod
594 1337 692 1405 homo
711 1337 745 1403 in
766 1337 876 1428 aliqua
898 1359 931 1404 re
951 1345 1043 1428 putat
1063 1335 1185 1418 adesse,
1210 1343 1259 1402 est
1272 1343 1337 1403 tcta

221 1443 301 1512 ratio
317 1443 358 1512 oh
373 1467 471 1535 quam
494 1453 595 1535 potest
610 1469 679 1514 rem
698 1447 787 1515 illam
807 1448 902 1534 velle,
925 1458 957 1516 et
977 1448 1019 1517 ad
1042 1449 1249 1518 obtinendam
1264 1471 1335 1516 eam

221 1574 327 1641 agere.
345 1551 438 1620 Unde
460 1552 544 1621 velle
567 1553 718 1622 idemest
735 1557 867 1625 cavelle
889 1556 1022 1625 dentem.
1044 1558 1116 1627 lam
1139 1579 1218 1626 vero
1238 1556 1336 1625 homo

221 1682 287 1727 non
307 1668 415 1752 posset
437 1661 520 1728 velle
544 1661 675 1752 aliquod
702 1664 825 1732 bonum
850 1666 1044 1755 particulare
1067 1687 1125 1734 eeu
1146 1665 1334 1752 limitatum,

220 1768 283 1836 nisi
296 1769 364 1859 jam
379 1769 471 1860 prius
489 1780 572 1838 esset
588 1773 623 1838 in
638 1772 708 1864 ipso
723 1795 917 1864 permanens
931 1775 1091 1867 appetitus
1106 1775 1186 1843 honi
1200 1795 1336 1864 genera-

220 1883 278 1951 tim
305 1884 436 1974 sumpti.
456 1884 493 1952 Si
505 1883 593 1951 enim
608 1882 797 1953 indifferens
815 1894 898 1954 esset
911 1885 1009 1954 homo
1023 1906 1101 1973 erga
1116 1884 1239 1952 bonum
1254 1905 1336 1974 qua-

220 2001 315 2059 tenus
345 1989 539 2082 simpliciter
563 1992 699 2079 honum,
727 1993 857 2084 quando
876 1994 1017 2062 occurrit
1043 1991 1152 2084 aliqua
1179 1990 1337 2082 particula

220 2099 311 2185 boni,
334 2121 398 2166 nnn
419 2099 459 2166 ad
474 2097 562 2166 illam
579 2100 797 2190 arripiendam
814 2124 881 2170 sese
897 2101 1138 2186 determinaret,
1159 2099 1239 2189 quia
1254 2104 1337 2165 esset

220 2233 240 2276 a
255 2207 380 2276 fortiori
396 2207 583 2275 indifferens
599 2231 677 2298 erga
693 2209 775 2278 illud
795 2211 917 2278 bonum
933 2209 1126 2301 particulare
1145 2197 1334 2276 :nonenim

220 2316 292 2386 vult
318 2315 417 2384 homo
438 2315 562 2384 honum
589 2315 774 2405 limitatum,
806 2317 878 2386 ideo
904 2318 982 2409 quia
1007 2326 1055 2384 est
1075 2317 1251 2385 limitatum
1278 2335 1336 2382 seu

219 2432 350 2516 propter
372 2423 443 2515 ejus
468 2423 625 2511 limitem;
654 2424 710 2492 sed
735 2447 752 2492 e
779 2434 891 2494 contra
912 2425 982 2493 vult
1011 2425 1133 2493 bonnm
1160 2423 1334 2491 limitatum

219 2542 350 2623 propter
372 2532 496 2600 bonum
521 2531 779 2624 quadrantium,
797 2555 863 2601 nnn
879 2541 1013 2624 propter
1027 2533 1151 2600 benum
1164 2529 1252 2622 quod
1268 2551 1335 2597 nnn

220 2642 361 2709 continet
374 2663 432 2709 seu
445 2649 578 2731 propter
592 2640 722 2708 limites.
737 2641 825 2730 Ergo
840 2641 991 2711 voluntas
1006 2641 1149 2711 hominis
1163 2651 1210 2709 est
1225 2661 1336 2709 essen-

222 2748 338 2816 tialiter
353 2757 384 2815 et
399 2755 625 2837 permanenter
643 2747 794 2816 voluntas
807 2748 886 2816 boni
909 2758 1069 2839 melenus
1085 2747 1169 2833 talis,
1185 2769 1242 2817 seu
1257 2748 1335 2816 boni

219 2856 341 2946 absque
361 2853 531 2941 limitibus,
549 2877 606 2923 seu
626 2855 703 2923 boni
719 2854 821 2946 pleni,
837 2857 970 2944 summi,
988 2856 1139 2941 absoluti,
1155 2855 1288 2923 infiniti.

263 2961 353 3030 ldcm
373 2962 507 3053 insuper
526 2962 602 3031 inde
621 2962 753 3053 probari
775 2971 880 3053 potest
900 2962 989 3054 quod
1007 2962 1047 3030 de
1069 2963 1151 3030 lactc
1166 2962 1336 3030 videamus

221 3072 371 3141 homines
387 3071 478 3140 nullo
491 3072 577 3140 bono
591 3071 684 3140 finito
700 3073 825 3163 expleri
845 3094 963 3164 posse,¹
980 3071 1036 3140 sed
1059 3093 1187 3164 semper
1208 3071 1249 3138 ad
1265 3094 1336 3142 ma·

216 3181 290 3274 jora
305 3180 467 3251 anhelare.
483 3179 572 3250 Istud
587 3204 665 3251 vern
684 3181 820 3266 bonum,
834 3181 875 3250 ad
888 3181 977 3272 quod
993 3180 1091 3250 homo
1104 3180 1336 3248 invincibiliter

220 3291 333 3374 tendit,
350 3299 382 3360 et
398 3291 467 3360 sine
487 3312 553 3382 quo
572 3291 645 3381 ejus
660 3313 716 3359 cor
729 3291 943 3382 irrequietum
960 3311 1088 3382 semper
1101 3297 1161 3375 est,
1180 3311 1254 3358 cum
1268 3309 1335 3356 nnn

220 3399 261 3467 sit
274 3397 467 3491 particulare
482 3420 539 3467 seu
553 3397 730 3467 limitatum
745 3397 882 3484 bonum,
899 3396 1063 3465 infinitum
1077 3393 1201 3465 bonnm
1216 3396 1257 3464 sit
1277 3418 1335 3463 ne-

220 3529 306 3575 cesse
320 3514 367 3575 est
384 3529 392 3570 z
409 3506 574 3574 infinitum
590 3513 699 3573 autem
720 3504 843 3573 bonum
870 3513 918 3572 est
941 3503 1027 3573 Deus
1046 3503 1135 3594 ipse3
1160 3502 1247 3572 unde
1263 3503 1336 3571 Au-

220 3617 370 3705 gustinus
386 3639 393 3680 :
408 3615 514 3707 feristi
534 3637 593 3684 nos
621 3614 668 3683 cd
686 3627 727 3695 te,
752 3614 903 3694 Domine,
925 3626 955 3681 et
977 3614 1190 3704 irrequietum
1214 3625 1260 3682 est
1280 3635 1335 3682 cor

221 3737 369 3794 nostrum
383 3724 480 3792 donec
495 3723 673 3814 requiescet
687 3724 723 3790 in
736 3736 777 3790 tc,

265 3833 446 3903 Pannosrno
463 3837 505 3901 3¹.
529 3871 575 3884 —
596 3836 705 3900 Potest
727 3832 826 3900 homo
853 3832 973 3899 bonum
981 3830 1122 3922 plenum
1140 3853 1196 3900 seu
1207 3834 1335 3923 persec-

222 3953 294 4009 term
319 3962 500 4032 supponere
520 3951 549 4006 et
574 3959 718 4029 quaerere
739 3938 773 4004 in
800 3937 892 4006 rebus
917 3938 1044 4008 menta.
1070 3977 1113 3990 —
1136 3937 1227 4006 Licet
1249 3939 1336 4006 Deus

222 4050 308 4118 solus
323 4050 365 4118 sit
377 4051 499 4118 bonum
523 4047 608 4114 illud
630 4047 776 4137 plenum,
797 4045 996 4115 voluntatem
1022 4047 1198 4115 humanam
1220 4046 1335 4115 satiare

222 4159 344 4244 valens,
363 4169 471 4228 umen
488 4154 633 4249 quandiu
654 4163 685 4222 et
707 4163 865 4245 qnatenus
887 4177 953 4224 nnn
972 4155 1167 4246 possidetur,
1196 4177 1262 4223 nnn
1288 4164 1336 4223 est

222 4267 261 4335 de
284 4269 366 4336 facto
390 4266 511 4335 bonum
534 4265 667 4356 plenum
692 4262 846 4332 hominis.
865 4263 902 4330 ln
918 4263 1068 4354 prasenti
1083 4271 1192 4332 autem
1211 4265 1281 4332 vita
1295 4264 1335 4332 de
