3064 4952
502 541 585 588 runis
608 541 758 588 cruourcr.
1125 523 1183 588 nr

74 707 90 742 c
116 685 169 748 tus
194 687 254 767 cst,
277 682 332 750 sed
356 681 543 766 seciorem,
572 691 608 752 ut
624 683 711 752 idem
727 683 924 774 spondanus
937 684 993 768 ait,
1012 683 1116 751 edicto
1129 707 1189 776 per

75 815 90 850 s
113 811 225 857 onmes
237 789 300 858 sihi
313 789 475 882 subjectas
482 791 671 884 provincias
683 791 922 884 promulpavit,
939 813 1054 884 nempe
1070 804 1107 859 ut
1116 815 1190 860 cm-

74 924 90 960 «
113 920 172 964 ner
189 910 306 988 porca
319 897 563 991 diliqentissime
576 899 828 982 custodirentur,
846 923 886 968 ne
901 900 1019 969 littere
1035 901 1191 970 interdic-

74 1031 90 1066 «
115 1004 217 1072 rionis
234 1006 357 1073 summi
371 1007 583 1098 Pontifices...
604 1007 639 1074 in
654 1006 807 1096 Anqliom
827 1005 1041 1097 deferrentur.
1062 1007 1190 1090 Quanto
1291 1059 1294 1066 1

73 1111 255 1199 «facilius,
285 1114 379 1204 regio
409 1124 527 1204 negato
556 1137 708 1200 assensu,
735 1113 919 1206 pontificias
947 1115 1192 1184 constitutiones

72 1245 88 1281 c
111 1218 245 1289 eludere
258 1242 352 1311 reges
368 1222 390 1289 ii
406 1222 607 1313 potuissent!
635 1249 651 1287 s

110 1327 202 1417 Ergo
229 1329 299 1398 haec
323 1329 388 1400 duo
408 1341 495 1398 certa
519 1339 607 1418 sunt,
628 1335 659 1397 1⁰
683 1331 836 1424 placitum
852 1331 980 1420 regium
996 1332 1031 1398 in
1046 1353 1108 1400 usu
1123 1355 1189 1401 non

67 1435 169 1504 luisse
192 1447 266 1506 ante
293 1461 449 1529 magnum
477 1439 617 1508 schisma
634 1437 832 1526 Occidentis,
860 1443 894 1506 2⁰
917 1446 996 1507 tunc
1016 1439 1091 1508 ideo
1117 1447 1192 1507 tan-

69 1553 141 1614 tum
164 1545 346 1616 adhibitum
367 1549 480 1634 fuisse,
503 1547 723 1616 consentiente
748 1547 882 1616 Urbano
905 1547 964 1634 VI,
994 1569 1035 1615 ne
1050 1545 1139 1616 falsis
1162 1557 1193 1616 et

68 1655 227 1723 falsorum
249 1655 413 1747 Papcrum
444 1655 541 1724 bullis
571 1655 799 1749 deciperentur
825 1655 957 1747 populi3
988 1677 1054 1725 non
1083 1664 1191 1726 cutem

69 1761 158 1852 quod
190 1762 354 1855 principes
382 1762 443 1831 sihi
470 1763 524 1854 jus
551 1764 756 1833 vindicarent
784 1761 823 1830 de
841 1762 1036 1831 authenticis
1063 1773 1095 1831 et
1113 1764 1191 1832 certi

68 1869 237 1938 Pontificio
260 1871 399 1940 Romani
415 1870 551 1939 decretis
561 1870 744 1963 judicandi,
762 1878 820 1940 aut
835 1893 884 1956 ea,
912 1877 1029 1961 negato
1046 1893 1191 1959 assensu,

68 1975 233 2045 irritandi.
266 1978 335 2045 Hoc
365 1978 462 2046 modo
490 1979 524 2046 in
551 1979 723 2048 Lusitania
750 1987 919 2070 coepcrunt
948 1980 1038 2068 regio
1072 1979 1190 2072 placito

69 2084 185 2176 subjici
210 2085 313 2154 hullae
335 2093 367 2153 et
391 2084 508 2154 littera
532 2108 750 2178 quecumque
777 2085 966 2177 pontificiae,
982 2094 1061 2156 teste
1076 2087 1192 2156 Garcis

6 2181 7 2184 ¹
68 2191 106 2260 de
131 2192 277 2262 Resinde
294 2193 340 2282 (in
368 2215 427 2262 suo
443 2193 602 2263 Chronico
615 2193 751 2263 Ioannis
773 2194 873 2284 regis,
890 2215 960 2285 cap.
989 2195 1041 2285 ol)
1060 2223 1066 2263 :
1088 2198 1188 2278 Quas,

69 2301 221 2368 orandus
234 2303 335 2392 (acto,
360 2301 547 2368 inveniebat
562 2323 626 2369 esse
640 2324 733 2368 ueras
749 2314 780 2368 ct
796 2300 916 2369 directe
929 2299 1098 2392 expeditas
1111 2325 1192 2371 can-

69 2410 220 2477 ceIIart'us
248 2411 373 2500 major,
406 2411 467 2478 ltus
496 2409 621 2482 clarebat
648 2409 813 2501 publicari
842 2409 945 2478 etad
970 2411 1190 2479 executionem

70 2517 196 2586 deduci.

110 2627 280 2696 Exstincto
305 2635 413 2696 autem
436 2627 619 2714 schismate,
639 2628 723 2696 hanc
751 2626 936 2696 facultatem
964 2626 1004 2695 de
1032 2628 1190 2697 constitu·

69 2735 212 2802 tionibus
238 2734 468 2825 cognoscendi,
497 2735 538 2802 ab
557 2735 691 2804 Urbano
712 2735 758 2804 VI
773 2756 969 2820 concessam,
986 2731 1191 2807 MartinusV

68 2847 211 2933 sustulit,
242 2853 274 2913 et
300 2846 403 2915 lactus
429 2847 585 2938 paulatim
614 2845 654 2914 ad
670 2847 838 2937 antiquam
854 2843 1123 2915 consuetudinem
1138 2867 1190 2912 re·

68 2954 166 3024 ditus.
195 2955 268 3046 Ipse
294 2953 476 3022 Galliarum
501 2976 559 3022 rex
580 2953 716 3022 Carolus
743 2953 804 3020 VII
839 2952 979 3044 (Ferret,
1012 2953 1124 3020 Troice
1151 2953 1190 3021 de

67 3063 88 3128 I
91 3063 184 3142 udus,
203 3063 227 3130 I.
244 3063 270 3149 l,
289 3085 318 3130 c.
331 3062 393 3152 iv),
411 3061 516 3131 edicto
530 3062 639 3130 sanxit
658 3068 694 3129 ut
709 3060 858 3128 Romano
871 3059 1022 3129 Pontifici
1038 3059 1189 3153 deinceps

6 3173 7 3176 ’
66 3173 177 3241 liceret
206 3195 265 3240 sua
295 3173 342 3240 uti
381 3179 551 3264 potestate,
580 3183 652 3238 tam
679 3170 715 3238 in
745 3169 973 3260 beneficiorum
999 3168 1184 3251 collatione,

68 3305 170 3372 qurum
189 3281 225 3348 in
237 3280 482 3372 jurisdictionis
507 3280 693 3372 apostolica
709 3278 903 3359 executione,
923 3277 1019 3346 modo
1034 3291 1065 3345 et
1074 3280 1187 3368 [orma

69 3391 184 3480 ceribus
199 3390 303 3481 felicis
325 3389 684 3460 numerisrumeris
704 3391 764 3457 VII
784 3402 815 3455 et
830 3387 997 3456 Benedicti
1009 3389 1093 3454 XIII
1105 3400 1187 3456 tcm-

63 3501 200 3590 poridus
213 3521 291 3566 cestu
303 3501 425 3590 ficerat,
443 3512 476 3566 et
488 3497 564 3565 aliis
576 3496 831 3589 quibuscumque
845 3494 954 3563 usibus
966 3507 997 3562 ct
1007 3494 1184 3563 mandates.

111 3606 267 3698 Hispanis
299 3605 427 3674 nullum
455 3605 554 3674 luisse
581 3613 654 3672 ante
682 3626 808 3672 annum
842 3606 925 3670 1493
960 3600 1070 3692 placiti
1103 3605 1188 3693 regii

69 3739 178 3803 uuum,
201 3714 318 3807 probat
338 3712 511 3803 postulatio
529 3710 724 3780 Ferdinandi
746 3711 822 3778 Vct
845 3709 990 3778 lsabcllae
1007 3712 1048 3780 ad
1064 3713 1185 3805 Papam

68 3825 294 3892 Alexandrum
311 3823 359 3891 vl
380 3821 514 3901 directa,
541 3843 606 3912 qua
626 3818 850 3905 obtinuerunt,
872 3818 914 3886 ad
936 3821 1185 3909 precavendam

68 3932 223 4001 falsarum
252 3929 531 4020 indulgentiarum
559 3930 594 3996 in
621 3949 724 4017 regno
757 3948 817 3995 suo
848 3926 1112 4018 publicationem,
1144 3954 1185 3999 ne

69 4039 217 4131 deinceps
237 4037 396 4131 publicari
412 4045 541 4128 possent
562 4035 787 4104 concessiones
806 4033 980 4125 pontificis
1008 4035 1186 4127 indulgen-

70 4149 186 4216 tiarum
210 4147 274 4215 nisi
292 4146 415 4238 priusa
435 4144 596 4235 gubernio
616 4143 784 4234 recognita
797 4141 980 4211 litterarum
997 4145 1184 4234 pontificia-

70 4277 144 4323 rum
166 4253 416 4322 authenticitate.
435 4252 471 4321 Si
486 4252 573 4320 enim
598 4258 740 4342 putasset
755 4249 982 4318 Ferdinandus
998 4249 1041 4336 V,
1055 4250 1117 4319 sibi
1129 4253 1185 4346 jus
