3068 4948
295 431 357 496 266
647 443 821 500 rnrrurl'rus
843 456 881 502 ou
904 455 1058 501 rnruurrrrs
1090 404 1098 432 ¹

295 615 371 662 nem
395 595 548 663 sustiueri
574 603 678 688 potest
706 595 793 665 istud
818 603 975 666 statutum
1001 617 1058 664 seu
1084 593 1173 664 illam
1200 595 1349 686 praxim,
1376 593 1408 663 ia

294 701 465 794 hypothesi
485 702 574 794 quod
596 725 709 774 revera
733 704 888 793 extiterit,
912 703 1065 791 vacasse,
1093 725 1160 772 uon
1187 724 1229 772 ex
1255 724 1294 771 eo
1320 701 1409 794 quod

293 819 500 901 reputaretur
520 811 560 880 de
581 811 655 903 jure
674 812 814 882 naturali
835 820 892 881 aut
912 810 1040 893 divino,
1063 810 1120 880 ssd
1135 810 1178 880 ob
1192 811 1410 880 circumstan-

293 918 354 985 tias
379 942 454 1010 qum
479 927 557 989 tunc
575 921 620 989 ita
641 919 819 990 suadebant
840 918 953 990 utilius
972 941 1052 988 esse.
1079 918 1174 988 Unde
1198 919 1332 988 mutatis
1346 919 1410 990 cir-

293 1027 494 1096 cumstantiis
521 1030 627 1119 potuit
659 1028 802 1120 legitime
840 1028 897 1097 illa
931 1027 1043 1120 praxis
1079 1026 1209 1096 mutari.
1245 1027 1411 1097 Debereut

292 1137 428 1227 proinde
444 1137 501 1228 qui
516 1160 558 1206 ex
572 1137 744 1231 ists'praxi
764 1145 1033 1230 argumentantur
1047 1137 1283 1225 demonstrare,
1299 1137 1409 1228 primo

292 1245 421 1335 praxim
444 1245 590 1315 extitisse
612 1248 694 1315 sicut
718 1246 807 1315 illam
833 1254 1034 1338 supponunt,
1054 1267 1170 1337 nempe
1190 1242 1230 1313 do
1243 1244 1328 1314 facto
1341 1268 1409 1315 uon

292 1351 391 1422 fnisse
409 1354 601 1443 obligatoria
622 1353 748 1424 decreta
766 1356 802 1424 in
822 1355 960 1448 siugulis
979 1353 1157 1445 proviaciis
1171 1375 1236 1422 nou
1253 1353 1409 1444 promul-

291 1469 384 1551 gats3
409 1470 440 1530 et
457 1462 611 1552 secundo,
638 1463 699 1533 hoc
717 1463 864 1555 probato,
885 1463 1040 1532 deberent
1058 1463 1191 1553 insuper
1209 1460 1349 1552 probare
1364 1461 1408 1528 ita

295 1576 450 1639 statutum
476 1570 587 1660 lauisse,
617 1594 682 1640 non
708 1569 809 1640 libere
838 1572 880 1640 ob
909 1571 1066 1662 majorem
1094 1569 1266 1638 utilitatem
1292 1569 1407 1660 positis

292 1675 391 1768 hujus
410 1681 566 1769 temporis
584 1678 845 1767 circumstantiis,
868 1676 924 1746 sed
939 1700 980 1746 ex
994 1699 1033 1746 eo
1048 1675 1136 1768 quod
1152 1675 1213 1744 hoc
1235 1684 1407 1768 reputare-

292 1795 346 1854 tur
362 1789 580 1857 uecessarium
596 1811 638 1858 ex
648 1789 721 1880 jure
739 1788 880 1856 naturali
898 1797 955 1856 aut
975 1787 1103 1855 divino.
1124 1785 1227 1854 Porro
1249 1794 1405 1856 neutrum

291 1896 430 1986 probant
450 1919 508 1966 nec
527 1897 664 1989 probare
684 1905 829 1989 possunt.
854 1897 929 1966 Uno
951 1895 1065 1980 verbo,
1091 1915 1306 1986 quaecumque
1322 1915 1405 1962 con-

290 2003 389 2093 gessit
408 2003 482 2072 Van
502 2005 609 2096 Espen
635 2013 667 2073 et
682 2006 753 2092 alii,
778 2027 853 2074 curn
868 2027 934 2072 non
949 2003 1101 2072 evincant
1113 2001 1281 2094 antiquam
1292 2001 1405 2071 Eocla-

290 2112 370 2181 siam
397 2116 598 2207 reputavisse
627 2117 841 2186 necessariam
869 2139 910 2185 ex
937 2117 1011 2207 jure
1039 2115 1154 2185 divino
1178 2122 1235 2183 aut
1263 2115 1405 2184 naturali

289 2223 583 2313 promulgationem
611 2224 721 2315 legum
746 2223 1034 2293 ecclesiasticarum
1053 2223 1087 2292 in
1108 2223 1248 2314 siugulis
1269 2222 1403 2314 provin·

289 2329 358 2419 ciis,
374 2331 456 2400 nihil
472 2333 606 2403 omnino
621 2333 770 2426 probant.

333 2440 515 2513 Prorosrrro
533 2447 562 2511 8.
581 2481 625 2495 -
640 2444 696 2510 Ec
715 2443 819 2534 prasi
835 2465 891 2510 sec
909 2442 1104 2510 ultimorum
1123 2441 1330 2523 secutorum,
1355 2464 1402 2510 se-

288 2551 399 2640 quitur
422 2551 606 2634 calumme,
622 2551 880 2645 publicationem
894 2552 931 2619 in
947 2549 1124 2643 prouinciis
1133 2573 1201 2620 non
1217 2573 1280 2620 csse
1296 2573 1402 2620 neccs-

287 2657 423 2724 sarinm.
440 2697 485 2710 —
497 2659 581 2728 Nem
596 2659 623 2726 si
640 2681 754 2728 verum
768 2667 817 2726 ast
826 2657 990 2751 quidquid
1004 2657 1111 2727 tenuit
1120 2656 1264 2727 Ereclesia
1274 2679 1335 2750 per
1345 2681 1402 2728 sex

289 2764 399 2855 priora
416 2767 548 2854 saecula,
572 2789 638 2835 non
653 2766 763 2835 minus
784 2788 900 2836 verum
915 2764 1065 2857 estquod
1081 2787 1139 2857 per
1152 2787 1209 2834 sex
1226 2767 1403 2857 posteriora

287 2871 406 2940 saecula
432 2874 549 2942 tenuit.
581 2873 721 2942 Ecclesia
748 2873 836 2942 enim
865 2895 1031 2964 nunquam
1050 2879 1167 2965 -potsst
1199 2894 1256 2940 nec
1285 2874 1403 2964 poterit

287 2987 396 3048 unere
409 2981 472 3049 nisi
490 2981 660 3050 veritatem
669 3009 678 3068 ;
695 2991 728 3050 et
741 2981 823 3050 sicut
839 2981 987 3051 Christus
1002 2981 1084 3063 tert,
1108 2994 1139 3048 et
1155 2978 1263 3062 leodic,
1287 2980 1357 3071 ipse
1374 2993 1401 3047 ct

286 3090 322 3157 in
344 3090 474 3172 sarculo,
503 3090 549 3159 ita
568 3089 708 3158 Ecclesia
727 3090 818 3177 olim,
841 3112 927 3159 nuuc
950 3099 982 3159 et
1003 3113 1106 3183 usque
1123 3091 1156 3158 iu
1172 3088 1272 3158 finem
1289 3089 1402 3160 muudi

286 3207 455 3290 permanet
472 3199 623 3268 columna
644 3199 800 3287 veritatis,
825 3199 912 3266 circa
932 3197 1051 3288 dogma
1065 3204 1096 3264 et
1108 3195 1290 3288 disciplinae
1302 3219 1402 3286 gene-

287 3305 364 3374 ralis
390 3307 601 3375 sanctitatem.
632 3305 696 3374 Sea
718 3329 737 3374 a
756 3329 812 3374 sex
829 3304 960 3374 saeculis
975 3304 1151 3375 Pontifices
1163 3303 1305 3373 Romani
1320 3304 1401 3373 obli-

287 3415 412 3504 gatoria
440 3414 555 3484 volunt
584 3423 615 3483 et
643 3413 807 3482 declarant
835 3413 964 3482 decreta
994 3435 1055 3482 sua
1074 3411 1196 3505 absque
1213 3411 1346 3503 speciali
1369 3413 1401 3479 in

286 3521 425 3611 siugulis
451 3522 626 3614 provinciis
649 3521 922 3614 promulgatione,
942 3530 974 3589 et
998 3519 1084 3588 idem
1103 3518 1208 3588 voluit
1228 3520 1401 3590 coucilium

286 3630 543 3719 Constanticnse,
571 3640 602 3700 et
620 3631 756 3700 assensit
779 3630 952 3699 concilium
975 3627 1217 3716 Tridentium,
1237 3637 1269 3695 et
1293 3628 1401 3697 laten-

286 3748 341 3808 tur
369 3739 430 3831 ipsi
453 3739 610 3809 Gallicani
641 3737 757 3808 Sedem
783 3738 965 3806 Romanam
984 3757 1050 3804 nou
1071 3758 1165 3827 posse
1189 3735 1343 3804 aberrare
1369 3736 1401 3804 iu

286 3845 436 3936 dogmate
457 3855 514 3915 aut
534 3845 703 3938 disciplina
724 3844 901 3915 universali
924 3843 999 3935 (nisi
1014 3842 1208 3911 brevissime
1222 3864 1281 3933 per
1296 3851 1401 3910 naus-

286 3955 439 4047 enoam);
465 3977 542 4045 ergo
567 3975 681 4023 revera
704 3961 740 4022 ut
760 3952 907 4044 obligent
925 3952 1014 4043 leges
1029 3950 1249 4020 ecclesiastices
1267 3949 1400 4020 uuiver-

286 4087 339 4132 sos
361 4063 483 4153 fideles,
513 4086 577 4134 uon
602 4062 779 4131 necessaria
795 4069 842 4130 ost
857 4062 892 4130 in
907 4059 1052 4153 qualibet
1067 4058 1235 4151 provincia
1250 4057 1399 4151 promul-

287 4173 385 4264 gatio.
