3072 4948
517 501 600 548 runis
621 502 771 548 canosini.
1135 487 1196 552 373

129 643 163 708 l·
186 640 271 722 Quid
293 642 336 710 da
355 641 511 732 prodicta
532 641 764 710 consuetudine
784 649 904 733 prater
920 644 988 734 jus,
1011 645 1039 712 si
1059 645 1100 713 sit
1122 653 1197 715 tan-

82 745 258 816 tummodo
287 747 386 818 dubie
416 747 646 817 rationabilis?
680 747 883 839 Supponitur
914 771 1044 842 semper
1075 753 1196 845 Papam

83 877 178 946 posse
209 855 302 924 lacile
328 856 506 925 reclamare
531 856 559 924 ei
585 855 673 926 velit.
707 855 844 926 Videtur
870 858 1075 948 probabilius
1100 885 1197 932 sum·-

82 985 180 1031 mum
207 962 399 1033 Pontificem
424 963 473 1032 illi
496 964 678 1033 consentire
696 973 727 1033 ct
749 965 817 1033 vim
840 964 992 1035 tribuere.
1021 969 1106 1037 Nam
1125 971 1200 1039 lioct

83 1079 347 1142 contravertatur
363 1079 476 1141 utrum
493 1073 535 1141 sit
549 1071 761 1157 rationabilis,
778 1081 886 1141 tamen
903 1095 979 1141 cum
994 1075 1082 1166 Papa
1096 1077 1199 1146 sciens

84 1190 117 1247 et
140 1179 251 1248 valens
274 1178 366 1248 facilc
390 1179 481 1248 illam
504 1178 676 1270 impedire,
698 1179 780 1248 nihil
798 1180 894 1264 dicat,
918 1183 1035 1252 merito
1051 1196 1199 1254 censetur

83 1287 177 1356 illam
199 1287 345 1378 judicare
374 1287 599 1356 rationabilem
625 1297 657 1356 ot
683 1287 731 1354 illi
755 1289 956 1367 musantirc3
981 1291 1072 1358 etin
1098 1292 1198 1360 dubio

84 1395 240 1464 standum
266 1402 314 1464 est
340 1395 447 1488 potius
473 1419 532 1488 pro
557 1396 804 1465 rationabilitate
829 1397 1073 1466 consuetudinis
1098 1422 1197 1492 quam

84 1504 186 1572 silens
199 1503 287 1596 Papa
302 1505 430 1590 tolera,
449 1505 531 1574 dum
550 1504 643 1574 facile
656 1504 812 1574 obsistme
828 1513 956 1596 posset;
979 1527 1057 1574 nam
1073 1508 1103 1576 si
1117 1518 1200 1576 esset

86 1611 185 1698 mala,
207 1633 252 1680 ex
274 1611 380 1682 officio
400 1612 493 1682 illem
510 1611 669 1703 impedire
685 1618 859 1697 tenemur,
875 1633 953 1682 cum
969 1633 1011 1682 ex
1026 1611 1198 1704 hypothesi

85 1718 119 1787 id
136 1718 230 1788 facile
244 1720 359 1788 valeat.

132 1829 165 1894 3⁰
186 1826 394 1896 Consuetudo
412 1837 525 1896 contra
541 1829 597 1919 jus
615 1834 704 1898 certo
716 1827 928 1914 rationabilis,
946 1828 1016 1896 vim
1030 1830 1200 1922 accipiter

84 1934 215 2004 silentio
240 1935 351 2027 Papae,
375 1936 588 2027 junctorum
615 1934 766 2004 facilitate
792 1935 1003 2006 reclamandi.
1028 1973 1072 1990 -
1097 1937 1199 2010 Casus

86 2041 208 2112 scilicet
231 2051 279 2110 est
303 2043 391 2112 iste:
420 2044 455 2112 in
477 2042 587 2134 aliqua
610 2041 743 2131 regione
762 2041 980 2112 introducitur
999 2045 1200 2114 consuetudo

87 2175 154 2220 non
178 2151 331 2221 servandi
350 2153 495 2244 aliquam
516 2173 728 2222 communem
749 2151 857 2240 legem
875 2151 1144 2240 ecdesiasticam3
1169 2166 1201 2224 ct

88 2260 131 2327 oh
157 2259 418 2328 circumstantias
445 2258 479 2328 in
504 2258 623 2350 quibus
647 2265 795 2328 voratur
820 2256 891 2328 haec
917 2257 1019 2346 regio,
1046 2267 1094 2326 est
1117 2269 1204 2330 certo

88 2367 167 2434 utile
188 2375 221 2434 et
242 2367 431 2436 rationabile
455 2388 512 2434 seu
532 2365 647 2434 saltem
666 2387 732 2434 non
749 2362 889 2449 malum,
905 2373 941 2432 ut
955 2365 999 2432 ita
1011 2373 1128 2454 agatur
1135 2393 1145 2453 ς
1170 2377 1202 2436 et

87 2476 178 2566 Papa
199 2476 303 2544 sciens
325 2483 357 2544 et
379 2473 490 2544 valens
513 2471 606 2542 facilc
626 2471 709 2540 hanc
730 2469 998 2540 consuetudinem
1020 2472 1144 2560 tollere,
1162 2474 1201 2543 dc

87 2583 145 2652 illa
166 2593 276 2654 tamem
299 2581 381 2652 silet.
411 2582 513 2650 Porro
536 2582 571 2648 in
593 2578 650 2648 tali
668 2601 747 2648 casu
765 2578 853 2670 Papa
871 2578 1051 2648 consentire
1065 2601 1202 2650 consuc-

87 2691 198 2760 tudini
224 2699 256 2760 ct
281 2689 329 2758 illi
353 2689 421 2758 vim
449 2687 591 2758 tribuere
615 2684 796 2756 censendus
820 2693 880 2756 est.
905 2685 992 2756 Nam
1015 2687 1112 2758 utiles
1134 2711 1203 2758 esse

87 2807 226 2890 possunt
247 2795 437 2888 hujcumodi
462 2794 723 2881 consuetudines,
750 2793 823 2863 licet
846 2794 912 2884 legi
933 2797 1102 2866 communi
1125 2819 1202 2869 con-

88 2907 221 2984 trariae;
242 2913 275 2974 et
295 2904 349 2994 jus
367 2903 561 2972 canonicum
583 2901 738 2993 supponit
759 2901 831 2970 illas
849 2923 943 2992 posse
958 2901 1025 2970 imo
1040 2911 1072 2972 et
1086 2901 1203 2974 debere

86 3014 225 3099 servari,
242 3012 387 3104 ¹quando
418 3019 494 3080 sunt
522 3008 729 3079 rationabiles
759 3019 791 3077 et
816 3008 961 3098 legitime
987 3012 1198 3103 praescriptae.

88 3122 178 3211 Ergo
200 3141 353 3190 summus
374 3117 523 3186 Pontifex
545 3115 676 3208 quaudo
696 3115 781 3203 silet,
796 3138 872 3184 cum
888 3116 981 3185 lacila
995 3115 1066 3186 illas
1080 3120 1202 3189 annul-

88 3230 156 3296 lare
179 3235 299 3318 posset,
324 3223 518 3296 sufficienter
539 3224 661 3292 indicat
681 3245 716 3292 se
732 3223 815 3294 velle
834 3223 908 3292 illas
923 3223 993 3293 vim
1008 3224 1137 3294 hahere.
1162 3227 1204 3296 Et

88 3339 123 3404 in
139 3337 201 3406 hoc
214 3335 312 3404 etiam
326 3333 521 3403 concordant
537 3342 695 3402 auctores.

135 3448 169 3512 Ρ
189 3442 275 3526 Quid
291 3464 382 3523 vero,
402 3443 430 3510 si
448 3440 647 3510 consuetudo
661 3449 773 3510 contra
789 3439 895 3529 legem
910 3441 952 3508 sit
965 3439 1062 3510 dubie
1077 3449 1203 3512 tantum

89 3551 303 3638 rationabilis,
326 3550 491 3642 supposito
513 3572 642 3640 semper
664 3550 791 3620 conscio
812 3549 913 3640 Papa,
932 3558 965 3618 et
983 3549 1111 3639 silente,
1128 3575 1204 3622 oum

89 3659 183 3730 facile
219 3659 320 3750 possit
351 3657 528 3727 obsisteret
558 3695 603 3710 -
630 3657 739 3726 Etiam
772 3665 850 3726 tunc
879 3655 1046 3748 probabile
1075 3657 1205 3730 videtur

90 3769 216 3860 Papam
238 3765 419 3836 consentire
437 3775 470 3834 et
489 3765 559 3834 vim
582 3762 810 3834 consuetudini
828 3763 982 3832 tribuere.
1008 3763 1094 3834 Nam
1112 3789 1155 3836 ex
1168 3791 1207 3838 eo

90 3874 180 3968 quod
203 3873 298 3944 lscile
321 3874 433 3965 possit,
459 3896 501 3942 ex
526 3871 711 3964 hypothesi,
739 3871 837 3940 talem
857 3871 1127 3942 consuetudinem
1148 3899 1208 3944 an-

92 3985 235 4069 nullare,
255 3993 288 4052 at
302 3981 531 4070 amersten,
548 3981 665 4050 merito
680 3980 839 4071 praesumi
853 3988 959 4073 potest
974 3981 1058 4050 hanc
1072 4005 1207 4054 consue-

94 4093 243 4164 tudinem
269 4093 335 4184 ipsi
362 4115 427 4160 non
455 4090 565 4190 videri¹
586 4090 854 4178 irrationabilem,
881 4099 912 4160 ct
936 4100 1106 4183 propterea
1129 4115 1207 4164 eum

95 4201 188 4274 silere
203 4209 235 4272 et
252 4222 447 4272 mosomum
462 4199 555 4272 tacite
573 4199 730 4269 tribuere.
