3050 4946
290 441 350 508 ltl
644 469 818 516 rnrcrsrus
842 469 880 514 or
902 469 1054 516 reinerus

286 629 468 696 conoscere.
491 609 708 700 (Sozomenes,
727 611 811 679 Hist.
828 611 920 690 eccl,
937 612 959 678 Ι.
980 615 1011 696 8,
1028 633 1056 679 c.
1076 609 1184 677 26.'Et
1197 609 1285 700 apud
1300 609 1404 678 Cous-

284 719 366 797 tant,
382 715 483 805 Epist.
503 717 598 785 Rom.
623 718 733 804 Pone,
756 719 812 788 fol.
838 721 927 808 799.)
944 718 1034 786 Idem
1051 717 1203 786 Pontifex
1217 718 1252 784 in
1273 717 1407 807 epistula

285 821 327 888 ed
355 823 573 916 Theophilum
602 827 864 896 Alexandrinum
892 827 1054 919 loquendo
1081 825 1121 894 de
1147 825 1328 894 canonibus
1349 826 1407 894 Ni-

286 930 386 997 eaenis
418 931 464 1000 sic
494 932 636 1002 affirmat
666 962 674 1002 :
707 937 815 1003 allum
849 936 935 1004 enlm
970 956 1128 1003 canonem
1164 937 1316 1002 conano
1345 957 1407 1000 non

285 1035 435 1107 admittit
458 1043 614 1110 Ecclesia.
631 1045 810 1133 (Constant,
833 1045 893 1113 col.
915 1043 1007 1132 790.)
1035 1043 1122 1132 Ergo
1138 1051 1285 1132 tempore
1305 1043 1407 1111 Inna

285 1146 382 1213 centii
397 1148 412 1214 l
426 1149 514 1218 solus
538 1159 685 1243 receptus
710 1149 845 1219 codexa
865 1150 1015 1220 Romana
1039 1149 1193 1232 Ecclesia,
1217 1156 1286 1216 erut
1306 1147 1408 1218 codex

285 1273 447 1324 canonum
476 1257 696 1346 Nicreuorum,
728 1282 809 1350 quos
843 1259 927 1328 solos
957 1257 1048 1348 sequi
1082 1256 1218 1324 debedat
1246 1257 1407 1324 catholica

287 1363 444 1432 Ecclesia.

331 1471 473 1542 Probent
496 1475 650 1545 Belleriui
670 1475 797 1562 tratres,
823 1479 854 1544 1ο
876 1475 949 1544 haec
969 1475 1069 1543 verba
1098 1475 1279 1543 Innocentii
1303 1473 1318 1541 l
1343 1496 1407 1542 nou

287 1577 405 1648 dehere
427 1582 560 1651 extendi
584 1583 626 1652 ad
639 1604 778 1654 cenonas
801 1583 1004 1676 synodorum
1024 1585 1209 1673 Ancyreum
1225 1589 1258 1650 et
1276 1582 1407 1650 Neocre-

287 1690 439 1758 sariensis
476 1716 551 1784 quaa
590 1694 754 1764 Nicaenam
790 1703 1033 1785 praecesserant,
1075 1691 1168 1782 quasi
1204 1714 1224 1758 a
1257 1692 1409 1760 Patribus

288 1794 430 1864 Nicaenis
458 1803 641 1870 confirmati
673 1802 809 1870 luissent
830 1809 862 1870 ct
889 1801 934 1868 sio
962 1797 1190 1892 aliquomodo
1216 1798 1344 1866 Nicaeni
1369 1799 1408 1866 eb

286 1901 474 1972 Innocentio
507 1909 616 1976 vocari
645 1910 827 1999 potuerint3
859 1913 891 1974 2·
924 1905 1144 1980 Antiochenos
1171 1929 1312 1975 canones
1343 1931 1407 1976 uon

288 2009 388 2079 luisse
412 2011 489 2080 olim
512 2014 553 2082 ab
568 2015 710 2086 Ecclesia
724 2018 873 2086 Romana
887 2025 1051 2107 receptam
1070 2019 1101 2084 3⁰
1116 2037 1159 2084 ex
1172 2015 1407 2086 Constantino-
1515 2097 1516 2104 χ

288 2118 431 2208 politano
451 2125 589 2194 concilio
610 2149 629 2193 a
648 2127 774 2195 Latinis
793 2149 860 2194 non
884 2132 1029 2216 receptos
1056 2123 1156 2192 luisse
1175 2145 1330 2208 cenonas,
1353 2123 1408 2192 sed

288 2235 415 2296 tantum
436 2233 633 2322 symbolum,
650 2244 682 2302 et
696 2235 757 2303 hoc
776 2233 963 2324 symbolum
984 2243 1147 2322 receptum
1165 2231 1265 2300 luisse
1282 2241 1409 2300 tentum

288 2346 360 2424 post
384 2339 568 2408 Concilium
588 2341 873 2426 Chalcedoueuse5
903 2345 933 2408 t⁰
949 2339 1081 2408 tandem
1105 2361 1289 2427 graecerum
1309 2361 1410 2430 syno-

288 2441 406 2512 dorum
437 2469 575 2518 cuuoues
603 2473 623 2517 a
647 2449 771 2518 Latinis
802 2471 868 2517 non
893 2448 1026 2538 coepisse
1051 2447 1198 2536 allegari,
1226 2447 1289 2514 nisi
1318 2456 1411 2515 sento

288 2551 409 2620 soeculo
426 2554 485 2642 (Dc
499 2556 646 2646 antiquis
661 2557 782 2624 collect.
796 2557 887 2646 jucis
901 2578 990 2636 can„
1014 2575 1090 2644 pars
1106 2555 1139 2639 2,
1162 2577 1190 2622 c.
1212 2558 1242 2639 1,
1258 2555 1279 2644 ξ
1294 2557 1340 2644 2).

329 2656 488 2750 Ohjicitur
506 2667 549 2730 1⁰.
566 2703 610 2715 -
625 2663 778 2755 Synodus
791 2672 883 2732 sexte
898 2663 959 2731 suh
971 2661 1170 2753 Symmacho
1180 2661 1282 2752 Papa,
1296 2663 1334 2730 iu
1345 2687 1411 2755 que

286 2763 437 2836 Pontifex
460 2769 514 2838 ille
537 2771 583 2839 sic
607 2772 745 2862 loquens
767 2770 959 2840 inducitur:
982 2769 1072 2836 Unde
1087 2781 1118 2836 ct
1134 2769 1362 2839 locationibus
1378 2773 1412 2839 in
1516 2763 1517 2788 ³

290 2874 475 2964 Gnnqrcnsr'
487 2880 631 2949 Ecclesia
647 2879 826 2971 apostolica
841 2878 1038 2946 auctoritate
1051 2877 1233 2946 occiditis...
1250 2879 1411 2969 scnytam
1516 2897 1517 2904 ’

190 3033 194 3044 ,
287 2979 771 3078 caletor.Resp0ndetur,i110
796 2985 929 3076 quidem
952 2994 1045 3054 textu
1065 2986 1220 3053 incertam
1236 3007 1412 3054 evasuram

286 3101 480 3178 praesentem
508 3093 636 3180 thesim,
661 3097 688 3162 si
708 3094 914 3162 authenticus
937 3103 1039 3174 essel;
1063 3102 1095 3161 at
1115 3095 1251 3162 omnino
1264 3101 1314 3160 ast
1329 3115 1412 3182 sup-

284 3196 455 3284 posititius.
478 3201 622 3271 «Mirum
634 3224 711 3272 vero
722 3203 864 3270 maxime
878 3201 993 3268 accidit
1011 3201 1113 3288 (aiunt
1128 3200 1309 3289 Ballerini),
1330 3201 1413 3269 doc·
1516 3289 1517 3294 ἵ

288 3329 305 3367 u
330 3306 469 3377 tissimus
488 3310 634 3379 homines
661 3333 727 3379 nou
748 3311 907 3379 detexisse
930 3333 1002 3378 eam
1026 3320 1151 3378 sextam
1166 3307 1332 3399 synodum
1348 3310 1413 3377 sub
1516 3295 1517 3346 l

290 3441 307 3480 c
331 3417 529 3508 Symmacho
544 3418 781 3510 supposititiam
796 3442 878 3524 asse,
895 3427 927 3486 et
942 3419 984 3486 ab
996 3417 1122 3486 lsidoro
1133 3417 1314 3485 Mercatore
1323 3439 1414 3486 uouo

290 3550 307 3588 «
330 3525 450 3594 saeculo
465 3529 650 3612 confictam3
668 3549 709 3594 cx
721 3549 786 3617 qua
797 3535 967 3616 propterea
983 3525 1065 3592 nihil
1082 3526 1117 3592 in
1130 3546 1198 3591 rem
1212 3531 1413 3613 prmsentem

288 3661 304 3698 c
329 3636 528 3728 auctoritatis
542 3635 617 3705 elici
633 3645 736 3726 potest
760 3663 776 3700 u
798 3635 880 3725 (loco
895 3635 1006 3720 citato,
1024 3657 1057 3702 n.
1078 3637 1145 3720 10).

328 3743 488 3834 Objioitur
505 3749 548 3812 2⁰.
565 3783 609 3796 ·-
624 3745 728 3812 Vetus
753 3744 944 3812 Graeoorum
974 3742 1076 3812 codex
1114 3741 1164 3830 (de
1190 3761 1259 3831 quo
1288 3761 1406 3830 supra,

286 3853 307 3943 ξ
327 3855 358 3943 2)
388 3853 491 3922 multo
515 3863 590 3920 ente
610 3852 768 3920 saeculum
786 3860 916 3919 sextum
936 3847 1043 3918 lueret
1057 3849 1093 3916 in
1105 3848 1243 3920 latinam
1256 3847 1411 3936 hnguem

283 3962 471 4044 transletus,
499 3969 533 4030 ut
553 3966 711 4028 testentur
733 3957 808 4026 dum
830 3956 1055 4028 translationes
1077 3977 1152 4048 quae
1169 3955 1284 4024 Prisca
1299 3967 1331 4022 ct
1347 3953 1413 4022 lsi-

285 4067 426 4138 doriano
445 4068 511 4138 dici
533 4065 647 4134 solent.
673 4065 761 4155 Ergo
782 4065 851 4156 jem
874 4075 949 4132 ante
972 4063 1132 4134 saeculum
1148 4071 1279 4132 sextum
1295 4061 1332 4130 iu
1345 4083 1414 4130 usu

286 4187 378 4246 erant
400 4177 487 4268 apud
509 4177 641 4248 Latinos
659 4196 798 4246 canonas
824 4173 919 4244 multi
943 4181 1063 4264 prater
1084 4171 1247 4245 Niceros.
1265 4209 1310 4224 -
1324 4171 1412 4240 Res·
