3068 4948
253 457 315 522 298
608 479 781 524 saturnius
805 480 843 524 nu
866 480 1018 526 enrucrrus

251 618 292 686 ad
312 619 510 710 Episcopum
530 619 802 696 Aurelianensem
832 621 1026 711 pertinebat,
1043 619 1175 688 cuidam
1198 617 1377 688 Guillelnro

250 725 404 812 conferri,
421 733 452 792 et
476 725 669 795 mandatum
692 726 775 796 illud
795 727 1043 819 exsequendum
1070 727 1229 819 Episcopo
1249 727 1377 794 Torna-

251 831 338 902 censi
353 832 518 923 Stephano
532 835 753 904 commiserat.
771 834 866 918 Quod
880 859 958 904 cum
973 836 1158 927 perfecisset
1172 833 1375 926 Stephanus,

251 945 298 1012 sic
311 941 351 1010 de
369 965 404 1011 re
426 943 481 1010 illa
503 945 654 1013 meminit
669 945 775 1035 (epist.
794 945 824 1034 3)
845 973 852 1012 :
872 945 1111 1036 Subsequenter
1133 957 1163 1010 et
1188 954 1377 1012 constanter

252 1051 448 1118 auctoritate
459 1051 614 1120 mundati
624 1053 708 1122 milri
717 1054 872 1145 injuncti,
884 1053 989 1122 eidem
999 1054 1130 1144 (nempe
1143 1051 1374 1122 Aurelianensi

252 1158 411 1251 Episcopo
434 1183 544 1229 coram
571 1161 746 1251 canonicis)
766 1161 924 1253 prohibui
946 1183 986 1229 ne
1009 1160 1071 1228 elii
1097 1171 1277 1250 antequam
1300 1158 1375 1240 tibi,

252 1267 440 1358 beneficium
463 1271 497 1336 in
518 1269 647 1338 ecclesio
666 1270 883 1360 Mopdunensi
900 1272 1058 1362 conferret
1066 1294 1079 1350 ,·
1096 1281 1126 1336 et
1142 1267 1315 1348 canonicis,
1336 1291 1378 1335 ne

252 1374 357 1444 alium
371 1399 472 1468 qnam
488 1389 519 1446 te
534 1379 727 1446 canonicum
743 1379 960 1471 reciperent...
985 1379 1091 1444 Homo
1106 1377 1161 1444 ille
1176 1374 1374 1456 obedienter,

252 1495 288 1550 ut
304 1485 394 1566 solet,
413 1485 587 1577 respondit,
605 1499 634 1553 et
655 1485 852 1554 mandatum
878 1486 1014 1554 Domini
1032 1487 1132 1576 Papae
1150 1507 1214 1551 sese
1232 1483 1378 1574 comple-

254 1603 368 1658 turum
382 1593 549 1684 promisit.

296 1698 412 1768 Eidem
439 1701 635 1770 Tornacensi
654 1705 813 1795 Episcopo
837 1711 1034 1795 praeceperut
1059 1701 1247 1770 Alexander
1269 1701 1314 1768 lll
1340 1711 1378 1768 ut

253 1805 321 1874 filio
343 1807 511 1897 cujusdam
534 1811 635 1877 Lusii
652 1811 691 1879 de
709 1812 862 1880 Arclrerio
885 1811 1048 1880 conferret
1073 1817 1195 1878 certam
1218 1809 1379 1877 debonis

253 1914 404 1982 Eeelesiae
420 1917 602 2006 portionem
611 1944 620 2004 ;
637 1941 738 2010 quem
762 1929 872 2010 postea
887 1917 993 1988 voluit
1011 1916 1100 1986 idem
1117 1939 1271 1986 summus
1286 1917 1378 1984 Pon-

253 2020 331 2090 tifex
349 2023 382 2090 in
396 2022 646 2094 determinatam
668 2027 815 2116 pecuniae
831 2050 1000 2096 summam
1017 2025 1226 2093 commutari.
1246 2025 1292 2092 De
1307 2047 1378 2115 quo

253 2130 465 2201 Tornacensis
481 2133 661 2227 Episcopus
676 2136 717 2203 ad
730 2137 921 2207 Romanum
935 2134 1116 2203 Praesulem
1132 2133 1297 2226 rescripsit
1313 2132 1379 2202 hoc

254 2240 352 2308 modo
368 2268 375 2308 :
389 2241 441 2310 Au
454 2244 549 2312 unius
559 2244 718 2334 jussionis
732 2267 842 2313 vocem
861 2255 985 2325 uestra,
1003 2247 1115 2323 Peter,
1135 2241 1376 2332 obtemperans,

250 2349 322 2438 filio
350 2350 449 2418 Lucii
471 2351 511 2419 de
533 2353 697 2434 Arclterio,
722 2354 805 2420 sicut
830 2375 972 2443 praesens
996 2374 1110 2420 coram
1134 2349 1222 2418 vobis
1243 2350 1378 2440 promi-

252 2477 371 2538 seram,
391 2459 503 2527 absens
530 2459 678 2528 exhibere
699 2460 824 2540 curavi,
848 2459 998 2550 quamuis
1020 2459 1061 2526 sit
1087 2457 1175 2526 vobis
1197 2456 1294 2525 aliter
1308 2481 1379 2546 per·

253 2564 325 2653 ejus
348 2566 468 2634 uicinos
491 2569 624 2636 intimos
650 2569 853 2637 intimatum.
883 2571 1059 2637 Frumento
1083 2579 1114 2634 et
1133 2566 1208 2634 vino
1228 2565 1381 2634 stabilivi

254 2695 340 2755 eum,
364 2689 399 2742 ut
426 2677 529 2745 altero
553 2679 803 2768 confirmaretur
830 2699 885 2744 cor
910 2675 1065 2758 bominis,
1092 2675 1196 2744 altero
1223 2674 1378 2764 letifica-

253 2780 375 2848 tionem
389 2785 533 2852 sentiret.
548 2789 717 2854 Mutatum
732 2798 777 2854 est
792 2784 991 2854 mandatum
1007 2797 1038 2851 et
1050 2797 1272 2874 approbatum
1280 2807 1378 2874 pree-

252 2901 354 2980 cepto,
368 2903 405 2958 ut
416 2893 648 2982 quotidianum
660 2895 782 2962 victum
793 2894 828 2961 in
840 2894 1037 2962 immensam
1043 2893 1194 2984 pecuniae
1205 2914 1377 2960 summanr

252 3011 480 3082 converterem,
500 3013 530 3068 et
545 3000 653 3070 decem
668 3001 786 3070 solidos
803 3001 998 3069 Porisienses
1013 3023 1077 3091 per
1091 3000 1235 3090 sinpulos
1250 3021 1379 3066 menses

249 3127 353 3195 puero
368 3129 587 3176 numerarem.
612 3113 750 3178 Factum
774 3122 812 3176 ut
832 3109 1020 3201 imperasti·
1036 3131 1110 3176 cnm
1126 3121 1155 3174 et
1172 3108 1240 3174 lraec
1255 3119 1285 3174 et
1302 3107 1340 3174 ol
1347 3108 1354 3119 '

252 3235 462 3305 quaecumque
481 3217 658 3305 jusseritis
681 3241 738 3308 epo
762 3231 792 3286 et
813 3219 935 3308 fratres
956 3216 1061 3284 nostri
1082 3215 1320 3306 permisimus
1342 3229 1378 3282 et

252 3322 387 3390 libenter
401 3324 560 3414 suscipere
577 3339 608 3392 et
623 3325 802 3393 liberaliter
817 3323 1009 3415 adimplere.
1032 3324 1126 3391 Sciat
1147 3321 1278 3390 interim
1300 3325 1379 3388 Pa-

252 3431 390 3502 ternitos
403 3434 512 3500 Vestra
526 3455 584 3500 nos
596 3434 628 3500 in
641 3433 838 3524 quibusdam
847 3433 969 3500 clericis
981 3430 1167 3500 exhibendis
1173 3453 1234 3521 per
1244 3429 1381 3520 alienos

252 3538 401 3608 dominos
416 3563 502 3610 meos
521 3541 711 3612 Cardineles
725 3541 908 3609 consimilia
928 3563 1027 3608 onera
1041 3539 1209 3608 sustinere.
1239 3567 1255 3602 u
1269 3538 1319 3604 Ex
1336 3561 1382 3607 ca

252 3648 386 3738 epistola
402 3651 487 3740 (quae
504 3659 551 3718 est
569 3652 621 3742 62)
637 3651 702 3718 duo
717 3658 864 3717 constant
880 3647 920 3716 ad
938 3648 1084 3716 historin
1107 3648 1212 3715 lucem
1233 3645 1380 3735 diligen-

252 3764 301 3822 ter
323 3757 637 3828 animadvertenda:
663 3761 693 3823 1⁰
714 3765 904 3825 consuetum
934 3755 1034 3824 luisse
1058 3754 1117 3823 sub
1144 3753 1301 3822 lladrieni
1326 3754 1379 3824 tv

253 3874 284 3933 et
301 3865 479 3935 Alexandri
494 3868 538 3935 111
559 3875 714 3958 tempore,
732 3877 768 3934 ut
786 3889 922 3934 romana
937 3865 1037 3934 Curie
1053 3862 1204 3932 mandata
1220 3861 1260 3928 ad
1277 3862 1380 3954 Epis-

253 3997 350 4066 copos
371 3975 553 4067 expediret,
576 3997 641 4042 non
659 3974 754 4043 modo
769 3973 808 4042 de
822 3973 989 4042 beneficiis
1002 3995 1077 4041 cum
1092 3979 1249 4065 perpetuo
1262 3969 1375 4058 titulo,

252 4105 308 4150 seu
329 4082 368 4152 de
390 4081 575 4175 praebendis
594 4082 810 4171 conterendis,
830 4104 946 4150 verum
961 4080 1058 4148 etiem
1073 4077 1377 4147 decertiseleemo·

253 4191 343 4282 syrtis
356 4191 407 4258 vel
425 4189 629 4261 manualibus
643 4189 853 4282 pensionibus
867 4213 907 4256 ex
923 4187 1097 4279 epicopalis
1106 4185 1247 4254 ecclesie
1260 4207 1377 4253 mensa
