3022 4950
508 485 591 532 sunus
613 485 764 532 caucam.
1155 473 1195 536 39

88 625 198 694 «inde
223 625 280 716 jus
305 625 455 716 gentium
481 627 684 720 appellatur,
716 630 794 722 quia
828 651 866 700 eo
890 630 965 722 jure
986 653 1102 701 omnes
1129 633 1196 702 iere

88 758 102 796 a
122 739 233 822 gantae
246 740 430 804 utuntur.»

123 839 225 910 Porro
253 842 403 932 gentium
438 842 652 935 appellatione
684 865 750 914 non
785 845 1014 937 intelliguntur
1038 855 1198 941 quotquot

83 956 188 1018 extant
201 959 316 1039 gentse
336 950 371 1018 in
387 950 475 1020 orbis
491 951 630 1041 ambitu,
645 951 702 1020 sed
724 975 772 1022 eae
792 961 922 1024 tantum
935 977 1011 1048 quae
1035 955 1197 1026 invitaet

85 1058 225 1128 moribus
238 1059 416 1130 honestatis
429 1059 578 1132 studium
591 1070 689 1155 atque
702 1063 854 1156 peritiam
876 1063 1091 1157 profitentur;
1110 1065 1197 1136 uude

84 1187 144 1235 non
163 1167 491 1261 comprehenduntur
501 1177 614 1259 gentes
627 1167 776 1240 barbare
792 1179 825 1240 et
839 1171 1027 1264 incognite.

22 1297 24 1348 t
123 1275 295 1346 Notionem
310 1276 436 1369 dejure
451 1276 601 1368 gentium
622 1277 805 1348 accuratius
830 1287 863 1347 et
884 1277 1001 1350 iuniori
1024 1282 1109 1374 stylo
1131 1290 1199 1351 tra-

83 1383 159 1454 didit
170 1385 303 1455 Pichler
315 1385 385 1476 (Jus
400 1385 608 1476 canonicum,
625 1387 875 1480 Prolegcmene,
892 1411 926 1458 n.
945 1389 999 1481 17)
1019 1417 1026 1460 :
1047 1391 1197 1462 «Scien-

86 1519 101 1556 «ι
121 1491 213 1576 dum,
232 1495 292 1584 ait,
315 1497 348 1562 1ο
367 1493 516 1563 homines
531 1494 706 1587 tripliciter
720 1494 919 1566 considerari
937 1519 1030 1591 posse
1048 1527 1055 1568 :
1072 1499 1193 1591 primo,

86 1609 279 1694 aqrmtenus
300 1609 377 1672 sunt
395 1609 554 1672 creaturae
580 1602 753 1673 rationales
759 1631 768 1690 ;
786 1611 819 1672 et
834 1604 895 1673 sub
919 1605 981 1675 hac
1003 1607 1127 1678 ratione
1141 1631 1197 1678 re·
1250 1645 1253 1660 ·

87 1735 101 1774 a
120 1719 242 1802 guntur
259 1711 341 1804 jure
364 1710 525 1780 naturali.
552 1709 717 1798 Secundm
743 1719 907 1805 quatenus
928 1722 1008 1783 sunt
1028 1714 1116 1786 cives
1139 1738 1197 1787 seu

87 1845 101 1882 a
122 1819 270 1890 membra
288 1819 427 1912 alicujus
448 1819 695 1892 communitatis
713 1820 932 1913 particularis,
960 1845 1078 1914 nempe
1098 1824 1198 1918 hujus

89 1927 171 1996 «vel
193 1927 283 1997 illius
304 1927 517 2021 principatus,
539 1937 595 1998 aut
620 1929 829 2021 reipublicae3
857 1939 889 1998 et
908 1929 970 2000 sub
992 1930 1054 2000 hac
1074 1932 1199 2003 ratione

86 2063 100 2102 a
119 2044 277 2130 reguntur
286 2037 368 2129 jure
385 2035 474 2106 ciuili
484 2036 618 2130 proprio
632 2035 690 2105 tali
708 2035 906 2130 principatui
919 2037 972 2106 vol
989 2039 1190 2131 reipublicae.

88 2173 102 2212 a
122 2147 244 2236 Tertio,
261 2155 422 2240 quatenus
437 2141 515 2216 sunt
533 2147 620 2217 cives
641 2169 698 2216 eeu
723 2148 875 2217 membra
890 2148 989 2218 totius
1009 2152 1198 2219 communi-

87 2257 191 2325 atatis
204 2253 379 2341 humanae3
403 2261 434 2324 et
454 2255 515 2325 sub
538 2254 598 2324 hac
622 2255 748 2326 ratione
772 2255 907 2346 regendi
929 2266 1005 2327 aunt
1015 2258 1097 2350 jure
1119 2281 1199 2350 gera·

87 2391 101 2428 a
122 2366 215 2447 tium,
231 2363 274 2434 ad
285 2363 474 2434 felicitatem
489 2385 548 2458 per
557 2363 795 2434 commercium
809 2365 1010 2458 populorum
1024 2367 1196 2458 gentium-

87 2497 180 2566 aque
203 2473 356 2544 omnium
379 2471 539 2543 ordinato.
572 2472 745 2568 Siquidem
769 2473 895 2566 populi3
923 2481 998 2544 utut
1026 2476 1062 2544 in
1089 2476 1198 2546 varias

86 2611 99 2650 a
119 2583 300 2675 provincias
314 2581 429 2668 divisi,
445 2583 587 2652 retinent
599 2581 744 2676 aliquam
759 2583 921 2653 unitatem
942 2584 1197 2679 societatemque

85 2717 100 2755 a
122 2691 278 2762 moralem
303 2699 334 2760 et
352 2689 518 2783 politicam
542 2690 627 2759 iuter
642 2713 689 2779 se,
713 2691 886 2761 fundatam
907 2691 944 2761 in
956 2703 1120 2786 precepto
1137 2717 1196 2764 na-

85 2799 213 2868 «turoli
241 2798 351 2868 mutui
372 2797 495 2867 amoris
514 2805 546 2867 et
568 2797 695 2867 auxilii.
718 2797 831 2891 Neque
853 2799 942 2868 enim
967 2807 1098 2888 nature,
1121 2801 1195 2870 licet

86 2907 273 2994 «liberalis,
294 2906 397 2976 ullam
420 2913 552 2998 gentem
575 2914 624 2976 tot
642 2907 870 2999 prerogativis
890 2930 928 2976 ac
948 2908 1049 2979 tontis
1070 2907 1197 2978 divitiis

87 3041 101 3080 a
119 3015 284 3102 instruxit,
301 3022 340 3082 ut
360 3016 390 3082 ei
406 3013 446 3082 ad
460 3013 657 3106 completam
672 3013 859 3082 feliutatem
876 3013 960 3084 nihil
973 3013 1116 3096 deesset;
1138 3018 1193 3086 sed

87 3150 100 3186 a
119 3125 202 3194 bona
224 3146 262 3192 ac
276 3121 364 3191 dona
384 3144 444 3191 sua
459 3121 505 3190 ita
520 3120 655 3214 provide
678 3121 857 3208 distribuit,
874 3129 912 3191 ut
925 3133 1039 3213 gentes
1056 3122 1196 3215 singular

88 3232 274 3324 «juvamen
287 3238 319 3298 et
334 3229 527 3321 praesidium
548 3238 703 3298 mutuum
724 3230 766 3298 ab
784 3229 856 3298 aliie
872 3251 1022 3322 querere
1043 3253 1197 3323 cogeren-

88 3350 184 3428 «tur‚
208 3339 262 3410 vel
285 3340 473 3410 necessitate
488 3340 540 3409 vel
556 3340 696 3410 utilitate
712 3347 861 3432 urgente.
885 3339 928 3410 Et
953 3338 1031 3410 hinc
1052 3362 1135 3433 opus
1150 3353 1198 3410 est

88 3448 189 3539 ajuro
203 3470 270 3541 quo
292 3454 404 3539 gentes
427 3447 464 3515 in
484 3447 602 3516 ordine
621 3447 663 3516 ad
685 3448 748 3517 hoe
775 3456 931 3518 mutuum
959 3450 1196 3520 commercium

88 3583 101 3620 a
120 3557 350 3648 dirigerentur,
367 3555 534 3626 mediante
553 3557 662 3650 aliqua
678 3558 895 3628 conventione
908 3559 962 3628 vol
977 3580 1133 3651 expressa
1147 3561 1198 3628 vel

88 3692 101 3730 a
121 3668 214 3737 tacita
226 3666 380 3737 omnium
395 3675 452 3736 aut
467 3665 584 3736 saltem
605 3667 752 3760 plurium
772 3661 936 3757 gentium.
963 3667 1016 3737 Ex
1035 3667 1096 3737 hac
1119 3691 1199 3738 eon-

88 3802 101 3838 ι
121 3774 270 3844 ventione
285 3796 486 3866 consurgens
499 3774 555 3867 jus
564 3776 747 3869 appellatur
756 3776 812 3868 jus
823 3776 994 3867 gentium;
1009 3775 1103 3868 cujus
1116 3776 1201 3846 obli·

89 3907 101 3946 a
120 3882 205 3973 gotio
219 3879 355 3975 qnidam
369 3903 436 3952 non
454 3881 623 3952 inducitur
640 3883 682 3954 ab
697 3879 777 3976 ipsis
791 3883 957 3974 gentibus,
971 3882 1027 3952 vel
1042 3883 1196 3975 singulis,

90 4015 102 4054 a
121 3991 172 4061 vel
186 3989 350 4061 universis
365 3991 456 4083 (cum
471 3991 507 4060 in
521 3991 643 4084 seipsae
656 3998 849 4085 potestatem
860 4013 883 4058 n
941 3990 1081 4060 habeant
1093 3992 1201 4084 legis-

91 4126 104 4162 ι
125 4099 274 4188 lativam,
287 4099 343 4169 sed
357 4099 497 4192 singulos
513 4107 589 4168 sunt
603 4121 769 4192 supremae
785 4108 876 4193 potes
941 4121 970 4188 s,
986 4121 1046 4168 nec
1061 4100 1132 4169 aliis
1143 4125 1201 4171 seu

24 4249 26 4300 g
92 4207 227 4278 «simul
255 4229 312 4278 seu
339 4208 477 4280 seorsim
511 4207 653 4300 sumptis
680 4207 861 4301 subjectu),
892 4195 949 4276 ied
978 4206 1146 4278 inducitur
1173 4219 1204 4276 et
