3022 4950
530 507 612 555 suers
635 508 786 555 canosiae.
1176 493 1217 556 et

102 669 142 718 ex
157 655 287 740 peccato
301 648 453 739 originali
467 656 498 717 et
511 649 726 740 cupiditatum
742 649 853 718 fomite
867 649 1059 742 impeditam
1081 650 1174 720 valde
1188 663 1219 721 et
1304 631 1306 636 ⁵

102 757 314 844 debilitatam,
327 757 534 828 revelationis
548 755 732 828 christiana
744 779 805 849 ope
819 757 861 826 ad
876 757 1122 827 conuenientem
1134 759 1219 851 juris

102 865 260 934 naturalis
272 865 438 934 notionem
454 865 684 956 acquirendam
701 865 893 956 indiguisse,
911 865 1093 936 concedunt
1107 889 1219 936 omnes
1336 853 1342 862 ⁸

103 981 249 1042 auctores
264 973 423 1043 catholici.

146 1083 185 1148 ll.
203 1081 326 1150 Contra
338 1081 518 1152 doctrinam
533 1083 623 1152 illam
643 1083 859 1152 cummuniter
874 1091 1034 1176 receptam
1051 1084 1217 1174 excogita·

104 1197 172 1258 tum
195 1197 245 1258 est
264 1191 374 1282 paucis
400 1191 520 1260 abhinc
543 1191 639 1259 annis
657 1199 799 1283 systema
818 1189 996 1284 quoddam,
1020 1189 1217 1261 traditiona-

102 1299 190 1366 lismi
216 1298 285 1389 jam
319 1299 450 1368 nomine
485 1298 649 1389 designari
679 1299 822 1368 solitum.
856 1297 1066 1370 Contendunt
1098 1299 1218 1369 scilicet

100 1405 188 1474 illins
213 1405 375 1499 opinionis
401 1408 530 1498 patroni
554 1414 697 1476 mentem
722 1407 865 1476 bominis
891 1429 948 1499 per
969 1431 1002 1476 se
1025 1407 1127 1476 solam
1149 1429 1218 1477 esse

100 1514 192 1604 quasi
218 1514 362 1583 tabulam
385 1537 503 1602 rasam,
532 1515 567 1584 in
594 1538 659 1608 qua
682 1515 771 1584 nulla
799 1514 995 1584 inscribatur
1018 1515 1137 1584 veritas
1161 1539 1217 1584 seu

101 1619 252 1690 distincta
269 1623 358 1692 notio
377 1623 441 1691 nisi
468 1645 526 1715 per
544 1623 774 1693 revelationem
795 1634 827 1691 et
847 1624 888 1692 ab
908 1623 1101 1693 extrinseco.
1127 1625 1218 1693 luris

102 1751 178 1819 ergo
206 1730 368 1798 naturalis
393 1731 565 1823 principia,
596 1733 679 1799 sicut
703 1739 734 1798 et
758 1730 814 1799 illa
838 1731 933 1800 etiam
965 1753 1038 1822 qum
1064 1731 1218 1800 dicuntur

100 1835 284 1906 immediate
300 1837 474 1920 euidentia,
493 1838 740 1931 primojhomini
756 1837 955 1908 innotescere
969 1861 1027 1930 per
1040 1839 1216 1908 revelatio-

100 1967 173 2014 nem
212 1969 272 2014 sen
300 1947 496 2017 locutionem
526 1947 738 2039 primitivam·
759 1946 935 2039 quamdam
966 1948 1156 2017 instruentis
1185 1956 1218 2018 et

101 2054 279 2134 attestantis
300 2055 373 2124 Dei.
403 2055 494 2124 Hane
519 2055 718 2148 primitivam
742 2054 971 2124 revelationem
990 2056 1125 2124 societas
1149 2056 1217 2124 hu-

102 2183 197 2229 mana
222 2161 468 2232 suceedentibus
493 2163 757 2254 generationibus
781 2170 937 2254 perpetuo
961 2163 1166 2250 transmisit3
1185 2171 1218 2232 et

102 2293 140 2338 ex
155 2271 345 2342 notionibus
368 2273 414 2340 sio
438 2273 555 2366 cuique
576 2295 636 2365 per
656 2272 806 2340 socialem
823 2271 1028 2341 traditionem
1043 2273 1218 2342 transfusis

103 2379 276 2448 coalescere
297 2379 412 2448 dieunt
436 2380 577 2450 fundum
602 2379 708 2469 illum,
726 2401 824 2472 quem
844 2380 1009 2448 rationem
1028 2381 1216 2448 naturalem

103 2509 264 2556 vocamus.
292 2487 345 2556 Ad
370 2487 458 2580 quod
486 2487 690 2579 probandum
713 2495 869 2579 tunquam
890 2487 1093 2578 praecipuum
1116 2510 1216 2578 ergu-

104 2602 247 2664 mentum
277 2605 397 2685 urgent
427 2596 548 2665 factum
577 2595 682 2682 illud,
713 2594 913 2687 experientia
945 2594 1214 2686 comprobatum,

104 2727 216 2795 nempe
240 2704 408 2774 hominem
429 2704 469 2771 ab
492 2704 583 2772 omni
608 2725 743 2796 prorsus
768 2703 913 2772 humana
940 2704 1089 2772 societate
1110 2703 1217 2771 seclu-

104 2835 173 2879 sum
196 2812 321 2881 nullam
344 2834 438 2903 posse
462 2811 629 2904 acquirere
649 2812 749 2880 etiam
770 2811 952 2903 primorum
980 2811 1215 2902 principiorum

104 2919 277 2988 notionem.
294 2919 389 2988 Unde
400 2920 497 3011 juxta
511 2929 654 3010 systema
676 2919 771 3002 illud,
792 2919 847 3010 jus
865 2918 1013 2987 naturale
1035 2940 1102 2986 non
1116 2918 1215 2986 inno-

104 3027 190 3094 tescit
201 3049 260 3118 per
273 3027 341 3096 vim
357 3025 556 3118 percipiendi
571 3026 698 3095 homini
714 3025 846 3094 cuilibet
861 3025 1034 3094 individuo
1048 3024 1214 3116 propriam

104 3143 130 3202 et
153 3136 346 3224 naturalem,
372 3135 427 3204 sed
446 3157 505 3227 per
520 3134 697 3204 revelatum
718 3135 869 3226 primitus
885 3143 916 3202 et
932 3142 1041 3226 postea
1055 3155 1216 3226 propaga-

105 3255 168 3313 tum
194 3247 254 3314 Dei
276 3246 439 3338 loquentis
457 3246 689 3314 testimoninm.
717 3244 909 3337 Oppositum
933 3266 1011 3312 vero
1035 3242 1213 3312 doctrinam
1278 3287 1281 3294 .

105 3353 293 3444 impugnant
308 3362 461 3446 tanquam
473 3353 759 3422 rationaliatamm
773 3373 884 3421 errore
896 3350 1047 3420 inlectam
1062 3359 1093 3418 et
1105 3350 1216 3420 natho-

103 3459 161 3528 lico
174 3461 319 3551 dogmati
336 3461 527 3554 oppositam.
1257 3540 1262 3548 ¹

144 3570 316 3660 Opinionis
340 3569 428 3637 illius
447 3568 625 3638 contutatio
647 3567 689 3636 ad
716 3567 921 3660 disciplinam
945 3566 1163 3658 theologicam
1185 3576 1216 3637 et

103 3677 355 3771 philosophicam
371 3677 534 3770 praecipne
549 3676 689 3768 pertinet
703 3705 711 3756 ;
727 3674 814 3744 unde
829 3675 881 3744 bie
894 3697 996 3766 pauca
1010 3683 1137 3743 tantum
1152 3675 1216 3743 ad·-

38 3795 41 3858 ζ
104 3786 306 3855 notabimus:

145 3899 176 3961 1⁰
192 3894 431 3985 Distinguenda
455 3903 504 3964 eat
527 3892 640 3962 sedulo
665 3893 802 3985 quaestio
822 3892 1044 3984 possibilitatis
1068 3917 1088 3962 a
1110 3915 1217 3986 quas·

104 4003 184 4070 hone
209 4003 296 4070 lacti.
320 4002 413 4084 Quod
435 4000 476 4068 de
504 4000 589 4070 lacto
618 4000 745 4092 primns
771 4000 942 4070 bominum
965 4023 1082 4093 parens
1104 4024 1124 4070 a
1144 4001 1216 4084 Deo

104 4110 218 4176 lectore
232 4133 304 4194 suo,
323 4110 393 4177 sive
415 4109 504 4176 intus
520 4108 740 4194 illuminante,
756 4109 826 4176 sive
841 4110 882 4178 ab
895 4109 1078 4178 extrinseco
1092 4117 1123 4176 et
1138 4131 1214 4176 ver-

105 4216 149 4284 bis
164 4217 372 4286 sensibilibus
393 4239 516 4306 organa
538 4225 695 4286 creaturae
716 4241 784 4288 suae
804 4219 968 4310 pulsante,
990 4218 1091 4286 multa
1115 4216 1215 4288 edoc-
