3048 4954
515 525 598 574 rurus
620 527 770 576 ccuomcr.
1157 511 1196 575 83

127 669 159 732 3·
171 665 306 735 Certum
327 675 387 753 est,
404 667 466 736 sub
488 669 619 736 nomine
639 667 725 760 juris
748 667 912 758 gallicani,
931 670 1032 737 multa
1048 669 1081 736 in
1096 669 1200 738 Gallia

86 774 337 864 aparlamentis,
354 799 374 844 a
388 776 534 866 regibus,
556 785 588 844 et
602 799 622 844 a
631 775 840 866 janseuistira
857 784 943 844 secta
966 785 1080 846 contra
1103 801 1200 846 sanc-

86 889 149 948 tam
172 881 290 952 Scdem
310 892 516 977 propugnata
535 895 567 953 et
587 893 745 976 usurpata
764 884 878 970 luisse,
904 907 979 976 quae
1001 884 1093 954 nullo
1114 886 1200 976 legi-

85 989 163 1057 timo
176 989 358 1061 fundantur
371 993 485 1079 utulo;
504 1015 579 1085 quaa
596 991 734 1083 proinde
750 1013 817 1061 non
834 992 892 1083 jus
912 995 1127 1083 constituunt,
1143 997 1199 1064 scd

86 1105 206 1165 butum
235 1098 378 1188 lugenda
407 1099 591 1170 schismatis
620 1110 651 1168 et
688 1100 876 1168 rebellionis
905 1123 985 1192 erga
1012 1087 1200 1194 supremam

85 1207 230 1276 Ecclesia
245 1211 469 1280 auctoritatem
480 1209 670 1280 tentamina.

126 1320 159 1382 l·
180 1315 328 1396 Quatuor
344 1317 472 1386 articuli
487 1317 714 1386 declarationis
734 1317 814 1386 clari
829 1317 983 1408 gallicani
1002 1319 1081 1388 anui
1099 1323 1197 1408 1682,

82 1433 155 1492 sunt
173 1427 271 1494 etiarn
295 1428 430 1495 omniuo
453 1451 473 1494 a
498 1436 584 1496 recta
605 1427 690 1518 juris
709 1427 863 1518 gallicani
888 1428 1019 1498 notione
1038 1429 1195 1498 arcendi:

82 1556 154 1602 uam
166 1535 216 1603 illi
229 1535 358 1604 articuli
373 1537 459 1605 circa
472 1536 625 1627 dogmata
640 1536 794 1628 quaedsm
810 1547 997 1619 versantur,
1016 1539 1108 1608 verbi
1122 1561 1201 1630 gra-

82 1644 134 1731 tia,
150 1667 194 1712 an
208 1645 298 1736 Papa
312 1647 354 1713 sit
367 1645 560 1734 infallibilis,
577 1668 619 1714 an
641 1646 684 1713 sit
699 1668 799 1737 supra
823 1646 999 1715 concilium
1021 1650 1200 1716 mcumeni-

81 1775 153 1818 cum
168 1761 202 1820 et
216 1775 316 1843 supra
328 1775 479 1822 canones.
496 1753 599 1822 Porro
614 1753 806 1845 hujusmodi
822 1755 977 1844 dogmata
995 1756 1086 1824 nullo
1101 1757 1199 1824 modo

81 1871 215 1951 possunt
228 1864 423 1932 constituere
435 1863 568 1956 aliquod
580 1861 635 1953 jus
650 1862 848 1951 gallicanum
862 1890 869 1930 :
886 1886 962 1932 nam
976 1865 1034 1932 illa
1049 1865 1202 1956 dogmata

80 1969 130 2036 vel
145 1993 224 2038 vera
237 1980 315 2038 sunt
328 1971 361 2038 iu
377 1995 423 2056 se,
447 1971 498 2039 vel
515 1970 597 2038 lalsa
623 1970 782 2058 reivers,
799 1993 866 2039 uon
884 1972 989 2062 magis
1005 1973 1132 2042 faciunt
1144 1974 1200 2064 jus

80 2078 111 2144 iu
136 2077 254 2165 Gallia,
280 2102 378 2170 quam
401 2081 436 2148 in
458 2079 585 2170 reliquo
613 2083 680 2146 toto
713 2077 893 2146 christiano
925 2080 1003 2147 orbe
1023 2109 1029 2148 :
1053 2081 1079 2148 si
1103 2081 1197 2168 falsa,

79 2207 182 2275 neque
197 2184 307 2277 quoad
320 2185 458 2254 Gelliam
471 2187 527 2278 jus
541 2185 737 2253 constituere
752 2193 900 2276 possunt.
920 2187 961 2254 Et
975 2187 1064 2278 quod
1080 2188 1201 2257 dicitur

79 2292 116 2358 de
131 2302 274 2384 quatuor
289 2295 360 2362 istis
382 2293 541 2378 articulis,
559 2292 735 2362 dicendum
751 2294 875 2383 pariter
888 2294 979 2362 venit
992 2294 1032 2362 de
1046 2296 1200 2364 omnibus

78 2401 283 2470 consectariis
305 2401 468 2493 practicis,
493 2423 568 2493 quae
589 2400 630 2468 ab
651 2399 731 2491 ipsis
754 2398 974 2469 deducuntur.
1001 2402 1126 2494 Nempe
1146 2405 1198 2474 vel

78 2529 181 2598 neque
201 2507 306 2576 Gabia
329 2509 448 2600 poterit
470 2509 540 2575 istis
561 2507 769 2576 consectariis
790 2507 841 2574 uti
863 2516 1017 2600 tanquam
1030 2509 1105 2599 jure
1121 2532 1194 2596 suo,

79 2617 127 2684 rel
151 2616 307 2708 quaslibet
329 2616 394 2685 alia
423 2617 510 2685 natio
536 2617 585 2684 uti
610 2614 724 2683 ecdem
755 2614 851 2684 titulo
874 2637 910 2684 ac
933 2615 1040 2684 Gallia
1062 2619 1193 2709 poterit.

78 2724 163 2814 Ergo
179 2747 285 2817 neque
309 2733 449 2816 quatuor
472 2723 521 2791 illi
545 2723 688 2806 articuli,
718 2744 823 2814 neque
844 2745 957 2791 eorum
983 2727 1194 2816 consectaria,

74 2835 202 2902 etiamsi
221 2857 300 2903 vere
323 2833 399 2920 siut,
425 2841 562 2924 possunt
589 2831 785 2900 constituere
804 2829 859 2921 jus
891 2830 1023 2923 aliquod
1053 2835 1195 2902 ecclesiis

76 2943 188 3012 Gallim
201 2943 390 3035 proprium3
409 2951 548 3032 suntque
564 2939 701 3031 proinde
720 2947 840 3008 arecta
855 2941 987 3009 notione
998 2941 1083 3032 juris
1098 2944 1194 3032 galli-

75 3057 146 3123 cani
159 3051 303 3123 arcendi.

114 3163 244 3247 Quibus
259 3161 462 3254 praenotatis,
488 3158 528 3226 sd
545 3166 663 3226 rectam
680 3157 765 3247 juris
786 3156 938 3247 gallicani
965 3156 1190 3230 definitionem

70 3273 137 3364 jam
152 3273 257 3341 facilis
272 3293 413 3361 gressus.
431 3271 490 3338 lus
506 3268 628 3337 scilicet
650 3267 846 3358 gallicanum
864 3266 978 3358 nequit
991 3267 1056 3336 nisi
1067 3270 1102 3336 in
1116 3273 1190 3361 qui·

72 3381 211 3450 busdam
242 3377 506 3468 derogationibus
529 3375 598 3466 juri
628 3375 796 3443 communi
826 3374 1014 3442 consistere.
1047 3376 1192 3468 Deroga-

72 3492 175 3560 tiones
189 3498 298 3558 summ
313 3486 504 3578 hujusmodi
520 3483 642 3575 duplici
657 3483 754 3552 modo
777 3482 888 3550 induci
908 3492 1056 3573 possunt.
1082 3485 1189 3554 Nimi-

71 3623 144 3669 mm
158 3601 212 3669 vel
227 3599 384 3689 legitime,
406 3596 459 3664 vel
474 3595 656 3685 illegitime.
682 3593 784 3662 Debet
811 3615 890 3682 ergo
913 3591 1060 3661 delinitio
1080 3596 1187 3686 primo

71 3709 226 3779 exhibere
252 3708 307 3800 jus
334 3706 532 3798 gallicanum
560 3713 714 3794 tanquam
741 3701 984 3790 derogationem
1011 3705 1187 3793 quamdam

69 3820 134 3909 juri
159 3815 339 3900 communi,
370 3823 402 3882 et
431 3813 505 3881 dein
535 3810 654 3878 addere
684 3817 807 3896 notam,
837 3831 912 3899 quae
941 3809 1185 3898 derogationem

70 3927 151 3995 banc
179 3925 361 4013 distinguat
388 3943 406 3990 a
435 3919 699 4008 derogationibus
726 3917 919 4006 illegitimis,
951 3939 1026 4008 quae
1055 3919 1183 3990 nullum

68 4033 130 4124 jus,
159 4035 217 4103 sed
244 4030 453 4102 rebellionem
483 4035 609 4096 mutum
633 4025 876 4092 constituerent.
905 4025 978 4092 Jam
1006 4047 1084 4093 vero
1109 4038 1184 4098 nota

72 4143 122 4210 illa
137 4142 265 4213 desumi
282 4139 396 4230 nequit
412 4137 475 4204 uisi
496 4136 537 4203 ab
551 4133 739 4203 auctoritate
757 4133 869 4224 aliqua
882 4133 1094 4201 ecclesiastica
1109 4159 1183 4228 quae

73 4250 311 4344 derogationem
331 4245 522 4339 praedictam
543 4242 723 4332 legitimam
749 4241 853 4309 iacere
871 4241 993 4329 valeat5
1021 4250 1053 4310 et
1071 4257 1184 4321 aucto-
