3022 4950
542 481 624 528 surra
646 481 797 530 oenomai.
1209 463 1226 522 t

111 624 291 714 presertim
306 630 338 691 et
359 623 452 691 libris
468 623 502 689 in
519 621 639 713 quibus
659 621 785 714 dejure
800 622 891 690 civili
905 622 1085 692 disseritur.
1104 623 1229 692 Volue-

110 741 190 800 runt
212 731 331 800 scilicet
354 731 449 800 multi
476 739 623 800 auctores
651 731 820 801 acatholici
838 730 966 824 jurium
990 731 1128 800 aedilicia
1150 753 1227 800 con-

111 845 236 907 struere
255 837 536 931 praescindendae
555 839 624 908 neo
647 847 743 930 atque
763 862 783 906 a
801 839 913 908 divina
933 839 1082 909 homiues
1107 838 1227 929 ligante

112 946 288 1016 voluntate.
325 947 409 1015 Hine
438 947 498 1016 alii
527 956 657 1040 pactum
688 948 775 1016 inter
803 948 951 1018 homines
979 949 1016 1016 in
1043 949 1226 1017 societatem

113 1065 262 1125 coeuntes
292 1065 450 1150 tanquam
482 1057 677 1148 primarium
710 1055 947 1146 obligationum
978 1054 1226 1126 fundamentum

114 1171 248 1253 ponunt.
282 1163 349 1232 Alii
376 1163 418 1232 ab
450 1161 511 1233 isto
535 1163 699 1256 principio
722 1171 879 1254 tanquam
907 1161 1142 1232 fundamentali
1169 1183 1229 1230 or-

114 1267 271 1356 diuntur,
299 1271 402 1340 teneri
428 1269 606 1362 quemlibet
629 1293 667 1338 eu
698 1271 803 1338 vitare
826 1291 900 1362 quae
933 1269 1064 1338 utilitati
1088 1268 1227 1360 publicae

112 1379 209 1448 noxia
234 1387 322 1464 aunt,
348 1386 381 1447 et
404 1378 480 1446 hinc
505 1401 636 1447 omnem
663 1378 825 1471 profluere
847 1376 960 1446 dicunt
981 1375 1223 1466 obligationem.

112 1485 179 1556 Alii
193 1509 254 1578 pro
266 1487 504 1577 obligationum
525 1487 676 1555 omnium
692 1487 781 1556 fonte
795 1486 931 1556 laudant
944 1485 1081 1554 rationis
1093 1491 1227 1553 natura-

111 1591 162 1679 lis,
179 1594 232 1662 vel
247 1583 473 1680 conscientiam
484 1594 537 1662 vel
552 1602 678 1663 naturae
698 1595 872 1663 dictamen.
890 1593 993 1661 Porro
1011 1613 1087 1660 cum
1100 1613 1227 1682 semper

111 1699 318 1769 sacerdotalis
349 1700 493 1770 muneris
518 1701 616 1770 fuerit
640 1723 752 1770 sanam
782 1699 964 1770 doctrinam
993 1697 1108 1768 docere
1134 1719 1228 1766 erro-

111 1829 226 1900 resque
249 1808 435 1900 profligare,
457 1816 527 1879 tum
548 1817 659 1877 nostro
686 1831 758 1878 aevo
775 1807 1043 1901 jurisprudentia
1065 1805 1227 1874 canonicae

111 1917 262 1986 studiosis
271 1919 451 2011 presertim
461 1919 620 1988 incumbit
632 1917 1036 2011 predictupseudojurium
1046 1923 1228 1984 commenta

112 2035 265 2096 evertere.
283 2028 358 2097 Non
372 2051 451 2118 ergo
466 2029 567 2096 otiosa
583 2028 766 2119 reputanda
778 2037 825 2096 est
841 2028 910 2097 baec
923 2027 964 2095 de
977 2024 1132 2118 primario
1144 2023 1227 2093 obli-

111 2136 277 2222 gationum
292 2135 439 2204 omnium
455 2136 668 2205 fundamento
682 2135 881 2229 disceptatio.

157 2247 188 2312 i.
218 2245 255 2312 ln
283 2267 320 2312 ea
348 2251 457 2313 aarum
482 2244 528 2312 sio
558 2243 782 2336 procedemus.
815 2248 847 2310 1·
869 2241 1118 2312 contutabimus
1148 2239 1229 2308 lalsa

112 2357 296 2440 systemata.
326 2355 361 2418 2·
389 2351 558 2442 Principia
589 2351 740 2443 quaedam
770 2350 972 2419 stabiliemus
1000 2369 1142 2441 quorum
1166 2369 1227 2438 ope
1298 2375 1310 2385 ·

113 2459 260 2527 deveniri
285 2461 386 2550 possit
409 2458 450 2528 ad
480 2461 670 2551 primariam
701 2460 930 2550 obligationem
959 2459 1105 2526 omnium
1136 2457 1227 2548 prin·

113 2564 243 2656 cipinm.
276 2571 309 2633 i·
333 2566 549 2636 Probabimus
571 2566 695 2636 homiui
719 2567 905 2636 incumbere
930 2565 1160 2655 obligationem
1185 2564 1225 2632 ad

115 2673 216 2742 Deum
243 2674 397 2743 tendendi
424 2683 580 2766 tanquam
616 2675 715 2745 linem
750 2675 915 2744 ultimum.
949 2679 984 2742 l·
1011 2672 1227 2744 Ostendemus

114 2781 341 2870 obligationem
365 2782 448 2852 hane
469 2803 538 2851 esse
560 2783 752 2875 primariam
773 2783 1004 2872 obligationem
1026 2781 1174 2852 omnium
1195 2790 1226 2848 et

114 2887 343 2980 cujuscumque
367 2887 455 2979 juris
484 2889 746 2960 fundamentum.

634 3225 703 3318 §a

115 3439 279 3504 Retessuntur,
290 3443 347 3492 tum
359 3439 422 3492 run
439 3445 466 3492 et
479 3439 664 3492 anticatholica
677 3443 825 3507 systemata,
840 3445 896 3491 tum
915 3441 1009 3506 aliquas
1020 3441 1159 3505 opiniones
1168 3453 1225 3504 quae

342 3531 415 3582 licita
426 3533 514 3582 tumen
528 3531 687 3584 sustinentur
700 3532 728 3582 io
738 3531 837 3582 scholia
850 3529 997 3582 catholicis.

155 3776 341 3846 Puorosrrro
353 3777 396 3844 1⁸.
408 3815 452 3829 -
464 3778 671 3870 Principium
685 3777 924 3868 obligationum
938 3799 1005 3846 nou
1021 3775 1228 3845 constituitur

111 3905 168 3974 per
189 3896 327 3974 pactum
354 3883 460 3951 ullum
485 3885 604 3954 sociale
631 3886 717 3953 inter
731 3945 733 3950 .
746 3885 892 3952 homines
916 3885 1049 3953 initum.
1075 3883 1225 3953 -Nam

114 3999 204 4059 antea
229 4013 327 4082 quarn
343 3991 471 4060 ineatur
491 3991 679 4083 hujusmodi
700 4000 843 4086 pactum,
864 3991 916 4062 vel
937 3991 1061 4062 malum
1084 3999 1132 4059 est
1151 3991 1226 4060 talio

115 4111 205 4190 pacta
219 4101 355 4188 violare,
379 4100 432 4168 vel
455 4122 541 4184 non;
559 4101 588 4167 si
603 4100 706 4191 prius,
724 4123 803 4189 ergo
826 4121 891 4168 nou
907 4121 948 4167 ex
971 4109 1063 4190 paeto
1077 4098 1147 4189 ipso
1162 4099 1226 4166 ho-

116 4209 217 4276 mines
234 4217 386 4277 tenentur
399 4207 479 4275 illud
495 4229 636 4295 servare,
649 4207 703 4276 sed
717 4231 758 4275 ex
773 4206 926 4276 anteriori
943 4205 1051 4298 aliquo
1066 4206 1227 4298 principio
