3072 4948
601 499 684 546 suus
705 499 856 548 canonici.
1221 477 1278 542 tlt

168 637 276 706 minus
308 637 387 706 scita
410 660 509 729 quam
536 647 684 708 accurato
710 639 936 708 transferendo
959 646 991 710 at
1021 638 1283 710 annotationibus

167 741 406 837 locupletando,
425 747 623 818 nostratibus
636 747 769 818 obvium
786 747 869 816 tacit.

520 1403 664 1497 PARS
706 1403 930 1497 TERTIA.

262 1634 659 1730 nnrun1scsuou1c1
687 1669 933 1730 avonnuoun
961 1671 1179 1730 tusconen.

209 1941 247 2008 ln
268 1941 385 2032 primo
412 1943 510 2036 hujus
537 1952 691 2014 tractatus
714 1950 805 2035 purte
831 1943 977 2013 diximus
1000 1945 1041 2013 de
1062 1953 1178 2013 natura
1198 1944 1283 2037 juris

165 2051 336 2140 canonici;
358 2051 394 2119 in
417 2051 556 2120 secrmda
576 2071 654 2120 varo
675 2072 806 2120 cauum
822 2051 893 2142 ejus
908 2051 1112 2140 efficientem,
1130 2073 1188 2121 seu
1203 2052 1282 2120 lon-

165 2166 213 2227 tes
234 2181 253 2226 a
273 2159 393 2250 quibus
420 2157 565 2228 dimanat
588 2158 762 2228 adivimus.
792 2157 885 2226 Nunc
910 2166 1018 2226 sutem
1039 2181 1104 2249 qua
1126 2160 1283 2229 accessio-

163 2291 258 2356 num,
288 2269 552 2337 immutationum
583 2275 615 2336 et
642 2267 903 2336 vicissitudinum
933 2265 1029 2353 serie,
1057 2267 1207 2358 aprima
1230 2268 1282 2336 sui

164 2378 300 2448 exordio
317 2382 360 2448 ad
380 2400 440 2447 nos
456 2401 559 2472 usqua
574 2401 631 2472 per
651 2385 754 2447 totum
771 2378 967 2446 soculorum
981 2384 1120 2446 tractum
1135 2375 1283 2446 defluxe-

164 2489 222 2577 rit,
252 2487 454 2582 aliquantula
479 2489 593 2558 saltem
618 2496 665 2556 est
693 2487 885 2556 lustratione
911 2485 1064 2555 historica
1093 2485 1282 2578 disquiren-

164 2597 256 2666 dum.
282 2598 321 2665 In
339 2619 436 2688 quem
458 2619 593 2690 scopam
615 2618 744 2664 necesse
760 2617 827 2664 noo
841 2594 902 2663 erit
918 2595 1149 2686 perimmensa
1163 2616 1283 2664 monu-

163 2713 350 2775 mentorum
373 2705 659 2774 ecelcsiasticnrum
686 2711 785 2772 strata
812 2704 943 2793 vagari3
971 2701 1028 2772 aad
1054 2703 1186 2772 unicum
1215 2703 1282 2771 tare

162 2813 240 2881 satis
260 2813 323 2881 arit
339 2813 427 2904 juris
444 2812 590 2882 canonici
612 2812 837 2880 collectionum
862 2811 946 2903 (quae
967 2809 1042 2879 aliae
1062 2809 1135 2879 aliis
1154 2832 1282 2890 succes-

162 2923 244 3012 sere)
268 2924 434 2993 tramitem
456 2933 488 2992 et
509 2923 604 2993 filum
628 2922 741 2992 sedulo
763 2923 927 3015 persequi.
945 2921 1008 3006 Qui
1024 2921 1144 2991 scilicet
1156 2922 1282 2992 codices

104 3111 107 3116 Δ
160 3031 233 3123 ipsa
255 3031 306 3099 sui
329 3053 416 3124 penu
438 3038 470 3099 et
487 3031 702 3117 successione,
725 3037 846 3099 certato
868 3053 904 3099 ac
920 3031 1078 3100 sinceram
1095 3031 1177 3099 sacri
1196 3031 1283 3124 iuris

161 3138 331 3207 historiam
357 3137 515 3206 ditissime
547 3135 726 3207 recondunt
754 3145 786 3206 et
815 3137 1004 3206 anthentica
1029 3160 1108 3206 voca
1136 3136 1278 3208 edicunt.

160 3247 227 3316 Nec
255 3245 436 3338 discipline
473 3245 695 3315 ecclesiastica
732 3243 894 3315 studiosos
927 3246 1036 3337 pigeat
1067 3245 1282 3316 summarium

160 3353 273 3424 sdtem
292 3354 333 3423 de
352 3353 543 3445 hujusmodi
563 3353 807 3422 collectionibus
830 3354 995 3422 notionem
1019 3352 1081 3422 sibi
1109 3353 1283 3443 diligenter

160 3485 368 3556 comparare3
398 3487 436 3532 ea
463 3465 552 3533 anim
578 3466 606 3532 si
634 3472 776 3550 careant,
803 3462 882 3533 dum
910 3462 1028 3531 multas
1053 3471 1164 3556 postca
1186 3472 1283 3556 atque

159 3573 370 3663 gravissimas
387 3573 475 3665 juris
497 3573 694 3666 quaestiones
715 3573 865 3658 adibunt,
881 3573 916 3639 in
935 3593 1098 3640 summam
1113 3571 1280 3644 offendent

160 3682 346 3772 caliginem,
377 3703 453 3774 qua,
485 3704 526 3750 ne
561 3681 781 3772 legitimarum
814 3679 999 3748 discernant
1031 3679 1281 3750 conclusionum

158 3789 341 3879 veritatem,
358 3789 446 3860 haud
460 3803 536 3860 raro
550 3790 806 3883 praepedieutur.

202 3897 330 3981 Quibus
358 3907 467 3967 autem
497 3905 607 3967 nostra
635 3897 708 3966 baeo
735 3896 775 3966 da
800 3896 886 3988 juris
915 3896 1064 3966 canonici
1097 3897 1283 3968 evolutione

158 4003 310 4098 synopsis
338 4004 494 4074 historica
523 4005 636 4098 jejuna
664 4005 764 4074 nimis
793 4004 971 4092 videretur,
1002 4011 1114 4096 utpote
1137 4028 1212 4098 quae
1240 4029 1280 4076 ex

157 4135 256 4205 scopo
279 4111 373 4182 nobis
395 4113 562 4204 proposito
581 4113 676 4182 certis
694 4111 806 4181 debuit
829 4112 987 4182 limitibus
1001 4113 1168 4200 coarctari,
1186 4136 1277 4205 prae-

158 4233 208 4292 ter
221 4231 288 4292 tum
304 4222 407 4292 multu
427 4245 447 4290 a
470 4221 642 4291 Ballerinis
665 4221 820 4290 fratribus
842 4221 977 4314 aliisquo
1000 4219 1136 4292 eruditis
1159 4222 1219 4291 bac
1241 4222 1281 4291 de
