3048 4954
558 507 640 556 euers
663 509 814 558 cononici.
1183 493 1243 560 109

132 675 148 712 a
170 647 252 742 qu’il
271 647 374 742 pretlt
396 649 426 717 le
450 658 605 736 serment,
628 657 659 716 et
681 651 781 742 qn’nn
803 651 1029 720 reniermerait
1047 673 1082 718 ee
1104 658 1246 720 serment

132 784 150 822 c
173 756 256 826 dens
271 779 317 824 nn
337 755 485 826 discours
508 781 550 826 an
567 759 709 850 premier
729 759 854 847 consul,
872 759 896 828 il
915 783 933 827 a
950 758 1028 828 fallu
1052 781 1115 851 que
1135 757 1165 827 lc
1183 759 1247 828 Le-

134 892 150 928 c
173 873 229 954 gat
243 865 349 957 pretet
364 887 409 934 un
425 875 567 934 serment
589 867 714 958 separe.
733 867 879 954 Ensuile,
897 889 932 934 ce
953 867 1056 934 meme
1074 877 1250 935 sermenta

137 1001 153 1038 r
176 974 225 1054 ete
250 975 404 1065 rapporte
428 972 510 1041 dans
537 973 567 1042 le
590 975 756 1044 Moniteur
776 974 874 1043 dune
888 973 1034 1042 moriere
1048 997 1244 1044 rncxscrs.»

133 1083 166 1145 3ο
180 1079 404 1150 Confirmatur
417 1103 458 1150 ex
471 1081 665 1150 allocutione
679 1083 906 1174 consistoriali,
922 1087 987 1156 diei
999 1090 1041 1154 tl
1055 1087 1132 1154 maii
1149 1089 1246 1173 1802,

132 1189 168 1256 in
181 1211 247 1280 qua
261 1188 309 1256 sio
323 1189 404 1259 Pius
419 1189 482 1260 Vll
497 1217 504 1258 :
525 1191 710 1261 «Conscius
724 1191 779 1260 ille
798 1193 992 1282 (Cardinalis
1006 1195 1158 1286 Legatus)
1176 1217 1250 1263 sen-

136 1323 153 1362 c
177 1319 273 1364 snum
299 1306 502 1386 nostrorum,
522 1297 579 1390 qni
600 1307 677 1367 sunt
699 1323 812 1369 omnes
833 1303 875 1371 ad
890 1326 955 1372 una
975 1303 1157 1396 spiritualia
1172 1327 1251 1373 con-

14 1505 15 1510 ,
138 1438 154 1475 r
177 1409 277 1495 versi,
302 1416 334 1476 et
358 1407 549 1497 religionem
573 1407 607 1474 in
631 1407 735 1476 Gallia
759 1409 1006 1495 restituendam,
1030 1420 1154 1480 eertum
1176 1411 1251 1480 iecit

139 1545 155 1584 c
177 1516 389 1608 guberuium,
407 1537 578 1606 nunquam
600 1515 636 1583 in
649 1539 709 1585 suc
723 1515 895 1606 legationis
912 1541 1045 1587 munere
1060 1526 1250 1588 attentatum

139 1655 155 1692 c
179 1629 221 1696 iri
236 1641 352 1696 contra
370 1629 455 1718 juro
475 1627 627 1718 pudendi
645 1650 685 1696 ac
699 1629 855 1710 notiom's,
874 1642 1003 1698 statuta
1022 1653 1061 1698 cc
1076 1642 1250 1699 consuetu-

140 1763 159 1802 a
181 1735 309 1804 tudines
335 1735 532 1828 reipublice,
565 1757 664 1827 seque
694 1736 734 1804 ad
766 1737 917 1826 gubernii
949 1739 1187 1830 beneplacitum
1216 1739 1250 1806 in

141 1845 294 1914 «eodem
325 1867 459 1913 munere
481 1845 748 1936 continuaturum
774 1869 855 1932 esse,
884 1855 981 1938 prout
1008 1871 1048 1915 ex
1075 1848 1249 1916 enunciata

141 1981 159 2017 c
180 1953 303 2044 sylloqe
315 1974 509 2042 cognoscere
523 1951 698 2042 potestis.»
727 1951 775 2020 lbi
791 1953 891 2021 refert
906 1954 1058 2023 Pontifex
1074 1955 1153 2046 quid
1170 1956 1252 2024 Car-

137 2058 257 2128 diualis
271 2061 415 2152 Caprara
430 2057 626 2151 promiserit.
652 2058 746 2142 Quod
763 2061 791 2127 si
805 2082 919 2128 revera
933 2063 1135 2152 promisisset
1150 2061 1252 2130 libcr-

138 2179 248 2236 tctum
269 2167 420 2236 Ecclesiae
438 2167 611 2258 gallicane
626 2168 919 2255 conservationem,
937 2169 970 2236 id
992 2170 1113 2261 (utpote
1127 2171 1255 2267 {preaci—

139 2277 253 2368 puum)
270 2298 336 2344 non
352 2273 494 2342 siluisset
507 2275 585 2342 Pius
602 2275 683 2358 Vll;
700 2297 759 2342 nee
770 2277 948 2344 remisisset
961 2277 1002 2344 ad
1019 2276 1138 2345 dictam
1153 2279 1254 2370 syllo-

144 2407 247 2474 cgen
278 2383 561 2470 documentorum,
591 2382 626 2449 in
653 2406 719 2474 qna
742 2391 831 2452 extat
859 2385 1002 2452 formula
1030 2386 1256 2477 promissionis

141 2492 261 2582 absque
275 2499 438 2584 praetensa
451 2489 508 2558 illa
524 2490 696 2582 sponsione
712 2514 779 2558 nort
799 2490 983 2584 derogandi
990 2493 1144 2561 Ecclesiae
1155 2493 1255 2584 polli-

141 2621 230 2668 ccnee
244 2599 459 2668 libertatibus.
476 2604 509 2666 l·
520 2597 665 2668 Tandem
679 2599 923 2689 pronuntiatem
939 2599 1071 2667 inissea
1088 2598 1257 2669 Cardinali

142 2709 284 2800 Capram
301 2709 489 2794 formulam,
518 2731 583 2776 non
609 2708 738 2800 qualem
755 2706 857 2776 edidit
873 2707 1015 2778 diarium
1030 2709 1060 2776 le
1072 2709 1254 2792 Moniteur,

14 2877 15 2910 ,
142 2815 197 2884 scd
212 2815 319 2907 qualis
332 2816 446 2884 Romae
474 2814 560 2883 edita
582 2824 642 2900 est,
670 2815 764 2906 plene
785 2823 910 2884 constat
932 2839 973 2886 ex
991 2817 1087 2885 citata
1101 2818 1257 2887 relatione

135 2924 239 2992 diarii
263 2925 363 2992 remi
378 2925 419 2992 de
444 2925 478 2992 la
500 2923 660 3015 Religion,
685 2933 716 2992 et
742 2947 783 2992 ex
805 2925 1009 2994 documentis
1032 2927 1257 2994 archiviorum

144 3033 329 3120 ministerii,
347 3033 388 3101 ad
402 3056 477 3125 quoe
490 3033 576 3102 idem
592 3031 733 3101 diarium
749 3033 897 3118 remittit.

675 3300 734 3373 VI.

547 3491 686 3544 Conclusio
700 3491 863 3556 paragraphi.

145 3745 149 3754 .
193 3685 242 3757 Ex
257 3685 403 3755 deductis
416 3687 488 3755 hmo
501 3685 683 3776 colligenda
698 3685 834 3753 veniunt
849 3683 1105 3754 :1⁰aCardinali
1120 3685 1264 3778 Capreis

150 3796 277 3864 nullum
293 3793 423 3884 proprie
438 3793 593 3862 emissum
616 3801 664 3860 est
685 3793 930 3884 juramentum,
947 3792 1004 3859 sed
1025 3792 1165 3885 simplex
1182 3817 1262 3885 pro-

150 3901 270 3970 missio.
286 3901 324 3969 ln
339 3900 482 3969 formula
495 3902 583 3969 enim
600 3900 728 3991 abipso
753 3899 886 3966 recitata
905 3898 1021 3966 nullibi
1037 3899 1180 3967 occurrit
1198 3923 1264 3969 vox

148 4009 185 4097 je
193 4009 286 4099 jure,
308 4007 364 4077 sed
385 4015 509 4076 tantum
532 4030 610 4094 vox,
627 4007 668 4097 je
676 4018 835 4098 promets.
859 4005 999 4075 Cautum
1023 4028 1140 4098 nempe
1161 4007 1266 4076 luerat

155 4125 190 4184 ut
203 4116 333 4185 nullum
348 4115 472 4207 abipso
484 4115 928 4205 exigereturjurcmeutum,
941 4115 996 4181 sed
1012 4113 1175 4184 sufficeret
1183 4139 1267 4207 pro-

157 4225 262 4294 missio
276 4224 310 4291 in
326 4224 470 4292 oratione
489 4223 529 4290 ad
554 4223 698 4314 primum
722 4223 887 4292 consulem
911 4224 1045 4309 inserta,
1068 4222 1107 4314 je
1128 4247 1167 4291 ree
1184 4223 1272 4318 ferai
