3072 4948
593 486 675 536 turre
697 481 853 538 ricomer:
1064 494 1070 505 ¹
1213 467 1274 538 lit

160 623 268 693 lorum
291 626 516 696 tantummodo
538 629 702 698 nitebatur
725 628 765 696 ad
791 650 884 696 snam
902 625 1132 699 adstruendam
1148 637 1275 698 senten-

159 735 250 804 tiam.
280 737 345 819 Qui
374 761 449 807 cnm
478 739 609 808 Victore
639 741 728 831 Papa
755 739 895 824 stabant,
922 738 1109 809 traditiones
1132 739 1220 807 Petri
1245 747 1276 808 et

160 844 288 913 Pauli:
319 847 478 938 quicum
510 848 692 940 Polycrate,
721 871 741 916 a
766 849 890 918 loanne
920 857 951 915 et
979 848 1130 940 Philippo
1159 848 1276 918 tradita

159 949 342 1042 allegabunt
370 953 550 1042 (Eusebius,
573 955 657 1024 Hist.
680 956 774 1040 ecel,
796 979 825 1023 c.
849 957 889 1022 23
910 955 1275 1043 etet).1tem‚saeculo

161 1061 266 1147 tertio,
291 1061 327 1130 in
352 1065 570 1132 controversia
594 1063 634 1132 de
654 1063 845 1156 baptismate
866 1063 1094 1133 haereticorum
1115 1064 1275 1152 iterando,

159 1169 201 1236 ab
215 1177 352 1263 utraque
367 1181 457 1263 parte
471 1171 512 1240 ad
532 1173 661 1261 regulas
675 1171 905 1262 Apostolorum
921 1180 1131 1263 provocatum
1146 1181 1205 1240 est.
1223 1170 1275 1241 Ad

158 1277 288 1346 easdem
304 1301 479 1368 provocare
493 1280 616 1348 solebat
633 1280 855 1348 Tertullianus
874 1279 1010 1368 (Contra
1029 1281 1173 1362 haereses,
1192 1305 1220 1349 c.
1240 1286 1282 1349 l,

158 1425 203 1439 —
217 1392 266 1455 De
279 1389 479 1480 Praetempt,
498 1413 525 1456 c.
547 1393 601 1476 20,
619 1393 657 1456 21
678 1398 709 1457 et
726 1388 793 1478 36).

204 1495 287 1564 Hinc
315 1495 505 1566 concludere
536 1495 610 1564 licet
639 1495 833 1586 Apostolicis
861 1494 1089 1564 traditionibus
1119 1505 1273 1588 tanquam

158 1604 258 1672 unico
277 1604 351 1695 jure
378 1605 531 1672 canonico
553 1603 730 1672 Ecclesiam
754 1603 845 1670 initio
862 1612 981 1672 rectam
998 1617 1093 1694 atqie
1112 1605 1275 1694 guberna-

159 1721 225 1780 tam
241 1713 351 1782 luisse.

207 1821 310 1890 «Sed
341 1823 522 1892 labentibus
550 1823 656 1908 annis,
686 1845 761 1890 cum
790 1821 891 1889 mirlta
920 1819 1065 1916 qnotidie
1097 1821 1277 1891 inciderent

163 1957 179 1993 c
203 1952 278 2020 qnae
305 1929 426 2019 regulis
445 1929 648 2020 indigebant,
674 1928 817 2020 oportuit
838 1929 993 2018 evulgare
1008 1951 1166 2015 canones;
1187 1930 1274 2020 quod

163 2064 180 2104 a
200 2038 320 2106 lactum
347 2037 387 2105 ab
415 2039 556 2106 Ecclesia
582 2047 642 2126 est,
675 2060 739 2105 non
768 2036 864 2104 modo
896 2037 1108 2107 Constantino
1133 2039 1276 2128 impera-

163 2175 179 2212 «
203 2154 284 2233 tore,
302 2168 389 2231 cnm,
408 2147 514 2237 quiete
529 2155 560 2214 et
577 2145 808 2236 tranquillitate
822 2144 974 2212 Ecclesiae
990 2145 1075 2230 data,
1093 2167 1152 2215 sua
1170 2147 1274 2214 chris-

163 2283 179 2318 a
206 2255 300 2323 tinnis
331 2255 431 2324 libore
465 2254 625 2347 permissa
665 2253 782 2342 religio
808 2261 867 2339 est,
898 2253 954 2320 aed
983 2252 1078 2320 etiam
1108 2276 1182 2321 eum
1210 2255 1275 2344 ipsi

163 2389 179 2428 o
204 2363 415 2432 Ethnicorum
439 2362 519 2453 jugo
542 2368 775 2453 premerentur.
805 2360 889 2428 Hinc
912 2367 1005 2428 aucto
1029 2361 1063 2426 in
1085 2361 1153 2427 dies
1176 2383 1274 2429 cano·

163 2497 179 2535 «
204 2493 283 2539 num
305 2492 455 2556 numero,
482 2470 588 2536 visunt
611 2477 659 2536 est
683 2492 738 2538 eos
761 2491 801 2537 ex
826 2468 937 2537 multis
959 2467 1106 2535 conciliis
1127 2468 1275 2536 collectos
1387 2561 1388 2564 Ἴ

163 2605 179 2642 «
203 2579 239 2645 in
268 2601 372 2646 unum
403 2599 521 2668 corpus
549 2577 715 2664 conferre3
749 2577 848 2668 idque
879 2577 1022 2667 primum
1039 2577 1083 2643 in
1111 2577 1273 2665 orientali,

163 2695 281 2756 «turn
298 2689 332 2756 in
352 2687 541 2765 occidentali
561 2687 702 2756 Ecclesia
724 2687 920 2755 factumest.
946 2712 963 2751 r
986 2687 1125 2778 (Devoti,
1140 2687 1272 2755 Institu-

159 2797 261 2865 tz'ones
276 2797 450 2878 canonicae,
469 2797 613 2886 proleg,
627 2819 697 2887 cap.
718 2801 750 2882 5,
768 2796 789 2886 ᾖ
805 2795 851 2885 2.)

613 3099 755 3169 CAPUT
777 3102 820 3169 ll.

204 3331 242 3376 bn
269 3331 364 3378 S‘l'A’l'U
395 3332 477 3380 tuuis
506 3332 647 3380 cenomcl
671 3334 702 3380 ΙΝ
732 3333 864 3378 ORlENTE
887 3333 925 3376 ΑΒ
948 3331 1049 3378 lNl'l'llS
1072 3331 1167 3386 USQUE
1190 3331 1229 3376 Ab

644 3449 792 3495 PHOTIUM.

201 3636 429 3738 lamberundo
445 3675 476 3734 et
492 3666 585 3734 tertio
598 3665 717 3732 saeculo
733 3663 853 3732 conditi
870 3665 998 3731 inerant
1012 3665 1161 3734 nonnulli
1176 3689 1274 3736 cano-

160 3799 217 3844 nes
236 3799 255 3844 a
271 3776 404 3866 synodis
420 3773 671 3867 particularibus
688 3775 721 3840 in
740 3773 830 3858 Asia,
852 3771 961 3862 Syria,
979 3772 1164 3860 Palaestina,
1180 3773 1274 3842 aliis-

159 3909 221 3977 que
245 3886 334 3952 locis.
365 3884 428 3952 Sed
449 3905 587 3952 canones
610 3882 670 3966 illi,
694 3889 803 3972 utpote
831 3903 850 3947 a
875 3879 1008 3970 synodis
1028 3881 1276 3971 particularibus

159 3991 249 4080 editi,
278 4014 336 4058 nee
358 3993 425 4059 vim
446 3991 480 4058 in
501 3989 653 4058 omnibus
675 3989 816 4056 Orientis
836 3987 981 4056 ecclesiis
998 3987 1151 4073 habuere,
1170 3991 1277 4057 necin

160 4123 263 4169 unum
291 4101 490 4169 coaluerunt.
522 4099 639 4167 Habita
664 4105 739 4166 sunt
765 4105 877 4187 postea
902 4097 1038 4165 eoncilia
1063 4099 1275 4190 Ancyraunnr

159 4216 192 4277 et
226 4209 485 4276 Neocaesarienae
518 4229 604 4275 anno
643 4209 718 4294 314,
761 4214 793 4273 et
829 4205 1002 4273 Nieaenurn
1041 4209 1275 4276 oeoumenicum
