3068 4948
574 479 657 527 rums
679 482 831 528 aaronica.
1196 467 1258 530 283

132 617 279 685 mentari
308 617 347 686 ad
379 617 614 688 vindicandum
648 620 816 712 Episcopis
849 622 904 713 jus
933 621 1102 692 resistendi
1131 623 1258 715 legibus

130 723 360 793 ecclesiasticis
374 726 604 796 Romanorum
625 727 838 797 Pontificum.

186 836 218 899 3⁰
232 833 368 902 Certum
389 843 438 904 ast
457 858 551 928 posse
578 837 696 905 merito
718 838 877 929 praesnmi
901 841 1010 930 quoad
1027 840 1183 932 quasdam
1202 841 1259 910 de·

131 947 226 1008 creta
250 940 472 1032 disciplinaris
492 965 704 1014 summorum
735 944 946 1032 Pontificum,
971 947 1059 1038 ipsos
1080 948 1168 1017 nolle
1191 949 1259 1018 haec

130 1047 265 1118 decreta
280 1071 349 1120 esse
363 1051 560 1144 obligatoria
582 1053 647 1121 nisi
669 1063 884 1146 acceptentur.
904 1055 999 1125 Unde
1014 1058 1162 1149 seqnitur
1178 1059 1259 1127 bena

133 1161 217 1222 tunc
250 1179 344 1246 posse
378 1158 554 1250 Episcopos
589 1158 822 1249 obligationem
854 1160 1052 1252 suspendere
1081 1185 1140 1254 par
1171 1187 1258 1232 non-

131 1264 390 1356 acceptationam
419 1287 476 1334 seu
508 1265 616 1356 potius
643 1288 702 1358 per
730 1265 958 1358 acceptationis
988 1267 1197 1356 dilationem,
1229 1281 1260 1338 ct

133 1373 273 1441 interim
304 1372 574 1466 supplicationem
604 1373 644 1442 ad
675 1382 820 1442 sanctmn
858 1373 976 1444 Sedem
1011 1375 1164 1465 dirigere.
1196 1379 1260 1446 Pro

133 1479 337 1572 quibusnam
364 1502 443 1549 vero
467 1480 604 1550 decretis
632 1481 807 1573 pontificiis
830 1481 978 1572 legitima
1003 1483 1044 1550 sit
1072 1484 1141 1554 baec
1169 1507 1260 1576 prae-

134 1589 295 1678 sumptio,
314 1610 374 1681 pro
394 1589 514 1681 quibus
534 1613 613 1678 non,
629 1589 813 1681 aliqualiter
828 1612 928 1681 supra
948 1590 1257 1680 indicavimuspsed

134 1693 235 1764 valde
248 1694 388 1764 dubium
404 1695 580 1788 aliquando
596 1719 665 1766 esse
680 1705 795 1790 potest.
844 1772 848 1780 ,

187 1809 219 1872 l·
237 1803 310 1873 Non
336 1803 513 1896 requiritur
532 1805 599 1873 ulla
625 1804 823 1898 principum
837 1806 1045 1876 saecularium
1071 1809 1258 1901 acceptatio,

135 1912 203 1980 nisi
219 1912 302 1980 lorte
323 1935 476 1980 summus
499 1911 650 1981 Pontifex
670 1935 729 2005 per
746 1914 880 2006 aliquod
902 1914 1136 1984 concordatum
1151 1917 1192 1986 ad
1207 1919 1260 1986 vi-

136 2019 238 2088 tanda
263 2019 390 2110 majora
417 2019 504 2088 mala
535 2023 578 2088 ita
609 2022 803 2090 concesserit
828 2049 835 2088 :
859 2022 933 2090 talis
961 2031 1072 2091 autem
1098 2025 1260 2093 concessio

136 2127 285 2220 aliquam
307 2149 437 2218 semper
452 2127 486 2194 in
509 2133 683 2196 summum
702 2128 895 2198 Pontificem
917 2129 1106 2198 violentiam
1128 2133 1257 2222 arguit;

137 2238 312 2308 nonenim
336 2236 427 2305 fieret
450 2237 477 2305 si
501 2237 653 2330 princeps
675 2249 731 2308 aut
755 2239 895 2331 populus
910 2263 986 2332 qun
1007 2241 1126 2308 debent
1148 2250 1260 2310 ancto-

137 2347 230 2416 ritati
246 2344 422 2438 pontificiae
436 2367 501 2413 nou
518 2344 728 2436 denegarent.

187 2463 218 2524 5⁰
234 2458 337 2527 Multa
349 2457 478 2528 decreta
491 2458 658 2550 pontificia
674 2467 810 2550 possunt
822 2481 891 2527 essa
907 2459 948 2527 de
961 2483 999 2528 eo
1014 2460 1127 2550 legum
1142 2483 1260 2550 genere

138 2590 215 2660 quae
229 2589 288 2658 per
301 2566 551 2636 desuetudinem
574 2576 630 2634 aut
652 2566 922 2635 consuetudinem
943 2568 1140 2636 contrariam
1163 2570 1261 2639 abro-

139 2683 272 2767 gentur.
304 2675 344 2742 Et
370 2673 443 2744 ideo
471 2675 575 2743 multa
599 2682 736 2766 possunt
758 2697 799 2742 ex
823 2697 862 2744 eo
887 2674 983 2744 titulo
1009 2698 1075 2744 nou
1098 2699 1167 2746 esse
1188 2678 1258 2768 jam

140 2783 344 2873 obligatoria,
366 2781 435 2850 sive
459 2781 663 2874 peccaverint
684 2781 753 2851 sive
773 2804 852 2868 non,
872 2783 930 2874 qni
953 2783 1046 2852 initio
1067 2784 1174 2874 legem
1196 2808 1261 2853 non

140 2901 366 2964 servaverunt.
383 2891 479 2962 Unde
500 2913 567 2960 non
588 2892 665 2960 satis
683 2898 732 2960 est
746 2899 783 2958 ut
803 2890 913 2983 aliqua
935 2892 1070 2962 exsistat
1090 2893 1257 2984 obligatio,

140 3002 282 3071 inveniri
304 3001 425 3070 sivein
449 3022 584 3091 corpore
603 2999 699 3090 Juris,
719 2999 787 3068 sive
810 3008 916 3087 extra,
932 2999 1067 3092 aliquod
1092 3000 1260 3071 decretum

140 3111 349 3204 pontificium
380 3111 424 3179 ita
453 3117 615 3190 statuens,
647 3109 702 3178 sed
741 3109 1040 3198 recognoscendum
1069 3118 1117 3179 est
1145 3119 1261 3180 utrum

140 3218 340 3288 consuetudo
377 3217 609 3308 obligationem
648 3217 866 3307 abrogaverit.
906 3216 960 3285 Sic
995 3219 1116 3310 pariter
1148 3220 1261 3286 multae

140 3329 228 3418 legas
243 3325 373 3396 concilii
389 3325 575 3394 Tridentini
599 3333 687 3394 certo
711 3348 777 3394 non
797 3325 910 3414 vigent
928 3325 1026 3394 etiam
1050 3325 1085 3394 in
1105 3327 1184 3395 locis
1203 3326 1258 3395 ubi

140 3435 345 3526 publicatum
361 3433 437 3502 luit.

186 3547 219 3610 6θ
241 3541 282 3610 llt
301 3541 347 3609 sic
369 3540 532 3610 intellecta
551 3541 644 3632 (sicut
664 3541 754 3609 illam
779 3539 966 3629 intelligunt
988 3539 1162 3609 orthodoxi
1183 3541 1261 3610 doc-

141 3655 237 3742 tores)
255 3648 440 3740 legislativa
461 3649 631 3718 Pontificis
654 3648 796 3718 Romani
821 3655 973 3739 potestas,
997 3647 1135 3715 minime
1157 3649 1260 3717 videri

140 3751 235 3827 debet
260 3757 468 3827 convenienti
495 3756 678 3826 auctoritati
704 3755 941 3847 Episcopornm
965 3755 1101 3824 adversa
1125 3763 1180 3824 aut
1200 3755 1261 3825 de-

140 3887 272 3957 rogans.
290 3865 326 3933 Si
341 3867 432 3933 enim
449 3863 578 3934 diaecesi
594 3887 663 3933 suae
687 3864 800 3932 minus
822 3863 913 3931 utilis
928 3862 981 3932 lex
998 3863 1109 3956 aliqua
1125 3863 1260 3954 pontill-

141 3974 189 4042 cia
214 3973 376 4064 generalis
399 3973 497 4042 alicui
521 3973 681 4064 Episcopo
709 3972 779 4040 visa
805 3971 917 4058 luerit,
946 3978 1035 4063 patet
1061 3993 1191 4063 semper
1221 3973 1260 4040 ad

142 4089 287 4150 sanctem
315 4078 435 4149 Sedem
467 4080 581 4150 ralatio
609 4085 640 4148 ct
666 4079 872 4171 supplicatio.
902 4078 938 4148 Si
963 4102 1054 4164 vero,
1080 4079 1262 4149 rationibus

145 4189 315 4282 expositis,
339 4211 448 4257 errare
477 4188 676 4281 Episcopum
711 4187 878 4256 existimet
905 4196 936 4256 et
963 4186 1085 4277 judicet
1109 4211 1264 4256 summus
