3048 4954
301 461 338 526 88
653 479 827 524 reserares
849 479 887 526 oa
910 479 1061 525 rainerius

298 625 428 694 etiamsi
441 645 485 692 ce
499 645 572 691 cere
586 635 686 690 essent
700 621 822 690 nultius
833 642 907 688 cnm
921 633 1073 712 soporato
1088 621 1252 690 territorio
1268 633 1298 690 et
1305 621 1418 714 jnris-

297 733 447 814 dictione,
466 731 582 800 boberi
596 729 732 798 debeant
748 731 780 798 in
789 743 962 821 posterum
976 743 1137 822 tunquam
1148 753 1213 798 non
1223 731 1368 823 amplius
1379 732 1419 798 in

291 843 404 936 primo
420 842 567 934 ipsorum
583 853 672 908 stotn
684 841 872 921 existentes,
891 839 970 931 quio
984 853 1043 908 ont
1057 841 1242 908 omnimode
1255 841 1395 909 extincti
1406 897 1416 920 ‚

296 963 356 1019 ont
379 952 415 1018 in
436 971 557 1017 novom
573 951 720 1039 sormam
746 946 954 1038 ccdiqendi...
978 950 1052 1017 Non
1070 947 1273 1016 obstantibus
1357 971 1420 1016 eo-

297 1059 448 1129 rumdem
466 1059 673 1127 ecclesiarum
683 1081 746 1150 per
761 1081 818 1126 nos
837 1081 1085 1150 sccppressoncm
1099 1071 1130 1126 et
1142 1059 1363 1127 catinstornm

295 1171 430 1240 stotntis
443 1181 473 1236 et
485 1165 767 1236 consuetudinibus
781 1168 883 1235 etiom
894 1167 1219 1249 immemorabitibns,
1233 1169 1422 1259 privileqiis

297 1302 433 1372 qnoque,
452 1276 599 1359 indultis,
619 1276 884 1359 concessionibus,
902 1287 961 1344 etc.

341 1391 391 1458 Ex
416 1411 482 1480 quo
504 1395 597 1456 textu
621 1387 668 1456 sio
688 1410 827 1475 arguere
844 1388 946 1456 lieet:
968 1392 1000 1455 1·
1015 1390 1151 1459 Decreta
1166 1391 1227 1459 isto
1237 1390 1421 1482 percelebri

296 1501 448 1569 extinctae
465 1505 541 1565 sunt
556 1517 668 1565 ornnes
690 1504 766 1564 tunc
784 1497 959 1564 existentes
974 1496 1154 1566 Galliarum
1174 1499 1329 1567 eeclesia.
1346 1501 1421 1568 Hoc

296 1609 382 1676 clare
404 1613 529 1674 constat
549 1613 618 1672 tum
648 1603 756 1671 verbis
779 1604 877 1695 ipsis,
896 1605 1161 1696 Supprimimus‚
1188 1607 1419 1692 annullamus,

293 1729 452 1809 perpetuo
467 1714 705 1804 ectinqninrns,
725 1721 794 1782 tum
810 1737 906 1802 scopo
920 1736 1017 1806 quem
1034 1714 1097 1782 sibi
1112 1715 1311 1806 proponebat
1323 1739 1419 1784 sum-

298 1847 371 1891 mus
386 1823 552 1908 Pontifex,
567 1844 667 1889 novas
679 1821 802 1888 scilieet
815 1820 966 1888 eeclesias
979 1820 1112 1889 creandi
1128 1820 1161 1888 in
1174 1830 1241 1889 toto
1256 1822 1420 1914 reipubli-

297 1956 344 2000 eae
360 1931 537 2016 territorio,
553 1929 640 2023 quod
655 1929 725 1997 fieri
747 1929 912 2020 nequibat,
931 1930 994 1996 nisi
1013 1951 1090 1997 vere
1110 1931 1293 2023 suppressis
1307 1940 1339 1999 et
1357 1955 1420 2000 ex·

296 2041 404 2109 tinctis
420 2039 595 2131 prioribus.
613 2039 765 2106 tamvero
779 2038 824 2104 sie
841 2037 991 2104 extinctis
1003 2038 1156 2106 omnibns
1167 2039 1347 2109 Galliarum
1363 2063 1420 2108 ec-

297 2149 414 2233 clesiis,
433 2146 544 2214 debuit
559 2144 621 2214 hoc
636 2145 706 2235 ipso
723 2145 821 2213 simul
837 2144 984 2213 desinere
998 2153 1029 2212 et
1044 2145 1193 2235 extingui
1208 2146 1351 2238 priscum
1363 2147 1421 2238 jus
1513 2177 1514 2248 ᾗ

297 2257 511 2346 gallicanum.
529 2253 613 2321 Nam
626 2251 680 2343 jus
697 2252 790 2339 illud,
810 2260 920 2344 utpote
940 2252 1205 2339 ecclesiasticum,
1221 2253 1306 2321 nihil
1327 2254 1418 2323 aliud

296 2373 365 2434 erat
384 2386 482 2455 quam
496 2360 550 2452 jus
566 2361 780 2452 ipsarummet
794 2358 1000 2428 eeclesiarum
1017 2359 1154 2446 Galliae3
1172 2383 1230 2454 nec
1250 2361 1422 2430 differebat

297 2497 317 2541 a
341 2474 415 2564 jure
439 2470 619 2555 communi,
648 2478 679 2537 et
697 2468 894 2558 gallicanum
919 2468 982 2536 diei
1008 2476 1145 2559 poterat,
1168 2470 1231 2538 nisi
1256 2472 1421 2561 quiescat

298 2581 368 2648 istis
395 2578 509 2648 Gallice
533 2577 677 2646 ecclesiis
697 2577 885 2667 proprium:
908 2599 987 2666 ergo
1000 2577 1211 2668 pereuntibus
1233 2578 1298 2646 illis
1311 2580 1421 2648 ecele-

298 2688 366 2774 siis,
385 2686 490 2777 perire
506 2684 689 2751 debuerunt
703 2683 780 2773 jura
794 2682 873 2774 ipsis
891 2685 1026 2775 propria
1041 2693 1084 2770 et,
1100 2693 1137 2753 ut
1150 2686 1195 2754 ita
1211 2687 1329 2774 dicam,
1342 2709 1421 2779 per-

299 2794 433 2864 sonalia.
451 2793 518 2862 Noc
534 2789 661 2858 dicatur
677 2812 779 2858 novas
790 2799 911 2858 erectas
929 2792 1077 2860 eeclesias
1094 2795 1187 2884 quasi
1201 2794 1296 2863 titulo
1311 2795 1422 2864 baere-

298 2901 407 2970 ditatis
423 2899 565 2993 potuisse
576 2898 652 2988 jura
675 2897 746 2965 haec
765 2899 921 2990 accipere.
938 2899 1041 2968 Nova
1063 2903 1149 2968 enim
1166 2902 1310 2970 eeclesiae
1332 2927 1423 2976 nuuc

298 3010 473 3079 existentes
498 3013 575 3073 sunt
594 3006 727 3072 omnino
749 3005 888 3075 diverses
914 3030 933 3073 a
954 3008 1136 3098 prioribus,
1160 3009 1287 3077 etiamsi
1310 3011 1423 3104 aliqua

300 3118 413 3187 eodem
438 3115 505 3184 fere
533 3113 695 3182 territorio
721 3113 1008 3183 circumscribatur
1033 3139 1071 3184 ae
1092 3116 1195 3207 prius.
1220 3117 1304 3186 Nam
1326 3130 1423 3210 post-

299 3249 398 3320 quam
421 3223 511 3316 prior
529 3221 672 3289 extincta
690 3230 751 3307 est,
773 3245 887 3290 verum
904 3223 1014 3291 furtin
1029 3223 1090 3292 isto
1112 3225 1279 3294 territorio
1295 3228 1421 3296 nullam
1512 3273 1513 3322 3

300 3333 494 3405 remansisse
518 3329 702 3411 ecclesiam3
727 3330 813 3398 unde
833 3331 965 3424 quaudo
995 3354 1079 3402 nova
1098 3341 1209 3422 postea
1232 3344 1338 3404 erecta
1352 3347 1419 3423 est,

300 3444 413 3514 eodem
429 3441 525 3509 modo
540 3448 645 3509 erecta
663 3448 712 3508 est
722 3463 759 3508 ao
769 3441 797 3507 si
813 3441 993 3530 erigeretur
1013 3441 1193 3532 inregione
1208 3444 1320 3535 inqua
1335 3469 1423 3514 nun·
1512 3437 1513 3462 ³

301 3574 398 3644 quam
416 3549 504 3617 nllus
516 3548 719 3640 episcopatus
734 3547 905 3615 extitisset.
931 3547 997 3616 Nee
1019 3549 1163 3638 fingatur
1181 3550 1257 3641 jura
1276 3553 1423 3643 partiou-

301 3660 382 3727 laria
406 3681 464 3726 seu
490 3656 662 3748 privilegia
686 3655 823 3747 alicujus
840 3655 982 3724 eeclesiae
1004 3655 1165 3726 inbaerere
1187 3660 1350 3729 territorio
1366 3663 1424 3754 ip-

303 3768 389 3853 sins;
417 3765 477 3833 hoc
500 3764 588 3832 enirn
612 3762 731 3832 falsum
757 3771 805 3831 est
821 3789 829 3830 :
844 3763 1018 3854 privilegia
1042 3765 1130 3832 enim
1155 3767 1298 3836 eeclesia
1323 3769 1424 3839 alicui

301 3873 445 3967 propria,
464 3871 625 3940 inbaerent
640 3871 689 3938 ilti
705 3870 847 3940 ecclesia
863 3880 1025 3963 quatenus
1040 3872 1108 3960 toli,
1124 3873 1158 3941 id
1174 3883 1232 3961 est,
1251 3899 1309 3967 per
1327 3877 1425 3947 talem

300 3984 432 4052 titulum
458 3981 649 4049 canonicum
676 3979 846 4066 existenti3
873 3979 960 4050 unde
979 3982 1079 4050 semel
1106 3980 1271 4051 destructa
1290 3987 1424 4056 ecclesia

301 4091 413 4184 aliqua
437 4087 545 4182 quood
567 4087 701 4157 titulum
729 4111 825 4156 suum
848 4089 1056 4175 canonicum,
1082 4091 1210 4159 nullum
1227 4104 1374 4163 remanet
1389 4097 1423 4163 in

303 4200 405 4292 ipsius
419 4197 581 4267 territorio
604 4196 658 4286 jus
672 4194 751 4264 huic
766 4197 910 4265 eeclesia
934 4199 1116 4289 proprium.
1135 4200 1237 4270 Nemo
1250 4192 1317 4272 non
1337 4205 1424 4272 videt
