3048 4954
553 489 634 536 smns
657 487 807 536 canonici.
1195 465 1233 532 77

119 625 212 698 illius
239 631 384 722 supremi
406 627 549 698 Pastoris
581 628 738 722 sapientia
756 635 795 710 ¹et
818 626 1014 716 benignitas,
1045 627 1102 719 qui
1130 626 1240 696 docuit

121 737 386 914 piompatiendum
415 736 558 808 infirmis
586 746 619 807 et
643 760 709 808 nou
736 735 995 828 extinguendum
1025 735 1239 827 fumigantem

151 869 243 916 uum.

633 1033 732 1126 em.

172 1219 261 1271 Utrum
276 1233 393 1272 summus
408 1219 526 1273 Pontifex
544 1219 626 1286 possit
640 1219 822 1286 quodcumque
836 1219 880 1282 jus
893 1217 1047 1271 eouonteum
1063 1215 1192 1270 nationale

626 1309 737 1362 irritare.

171 1499 357 1570 Psorosmo
385 1501 414 1568 f.
441 1535 485 1552 —
508 1501 617 1568 Potest
640 1497 774 1566 irritare
789 1498 848 1590 jus
867 1497 1048 1580 nationale,
1071 1497 1161 1590 quod
1174 1498 1242 1589 ficit

125 1608 171 1676 ad
183 1608 280 1676 initio
296 1630 424 1676 merum
433 1605 658 1699 priuilepium.
675 1605 861 1676 —Merum
884 1605 1096 1698 privilegium
1120 1606 1172 1675 hio
1186 1605 1241 1684 di-

126 1716 236 1784 oimns
262 1739 321 1808 per
348 1715 584 1810 oppositionem
611 1712 653 1782 ud
680 1721 884 1782 contractum
914 1735 1089 1784 onerosum
1114 1714 1243 1808 dequo

126 1822 217 1892 infra
237 1850 246 1891 t
263 1821 394 1916 quando
418 1845 535 1915 nempe
555 1821 721 1912 derogatio
740 1821 809 1911 juri
833 1822 1002 1890 eommuni
1022 1843 1172 1892 concessa
1195 1834 1243 1893 est

126 1931 271 2000 eoelestis
303 1931 440 2023 alicujus
468 1931 619 2018 mooun,
648 1951 715 1998 non
744 1929 785 1998 ob
811 1928 942 2021 aliquod
967 1951 1050 2000 onus
1069 1930 1158 2023 quod
1182 1932 1244 2000 sibi

128 2041 369 2132 imponendum
393 2041 544 2134 promisit
566 2039 621 2108 illa
652 2039 757 2126 natio,
784 2038 840 2107 sed
866 2062 947 2131 pure
978 2047 1010 2108 et
1034 2039 1241 2131 simpliciter,

125 2151 183 2243 jus
198 2151 282 2221 illud
297 2153 460 2222 nationale
480 2176 519 2222 ee
538 2173 627 2222 mero
646 2152 818 2243 privilegio
837 2173 1003 2221 vocamus.
1028 2152 1244 2242 Privilegium

129 2269 242 2330 autem
275 2261 468 2353 hujusmodi
494 2261 599 2354 potuit
628 2260 758 2330 evenire
781 2260 832 2328 vel
863 2260 1067 2329 concessione
1092 2281 1246 2353 expressa

129 2368 337 2458 legislatoris,
364 2369 415 2438 vel
437 2391 494 2460 per
518 2367 786 2438 cousuetudinem
810 2389 968 2438 consensu
988 2369 1081 2438 tacito
1097 2369 1244 2460 supremi

129 2477 326 2568 legislatoris
345 2478 521 2546 firmatam.
550 2479 653 2547 Porro
680 2479 716 2546 iu
735 2485 872 2568 utroque
894 2499 971 2548 casu
997 2500 1171 2570 supremus
1193 2481 1244 2550 le-

130 2587 279 2677 gislator,
302 2609 420 2680 nempe
442 2587 613 2656 Romanus
633 2587 798 2676 Pontifex,
813 2587 895 2658 illud
915 2587 1126 2678 privilegium
1140 2611 1245 2681 qnan-

132 2696 262 2764 tumvis
274 2695 449 2788 antiquum
464 2695 592 2764 irritare
602 2703 716 2787 potest.

177 2803 291 2871 Primo
317 2803 465 2895 quidem,
494 2803 521 2871 si
551 2803 648 2872 flexit
675 2827 716 2874 ex
739 2804 942 2874 couoessioue
965 2828 1127 2898 expressa.
1159 2809 1245 2878 Nam

132 2919 275 3003 potestas
293 2934 368 3004 quae
394 2911 498 2980 valuit
519 2912 684 2982 nationem
708 2912 800 2981 illam
826 2913 928 3002 ligare
946 2915 1018 3004 lege
1035 2938 1094 2984 sua
1111 2917 1247 2987 univer-

133 3018 216 3106 sali,
243 3042 310 3088 nou
339 3028 463 3088 mnmto
490 3028 537 3088 est
568 3019 703 3090 decurso
732 3021 906 3112 temporis,
929 3043 988 3090 neo
1013 3024 1121 3094 minor
1145 3027 1249 3119 seipsa

134 3127 220 3196 taen
246 3139 304 3197 est.
329 3127 418 3218 Ergo
440 3129 524 3198 sieut
543 3130 650 3222 potnit
675 3130 766 3198 initio
789 3131 955 3202 nationem
977 3131 1069 3200 illam
1092 3133 1195 3224 ligare
1218 3145 1249 3204 et

136 3259 204 3306 non
223 3237 385 3325 eximere,
410 3245 515 3329 potest
537 3259 667 3329 semper
684 3259 892 3330 quorumque
914 3246 1081 3309 momento
1096 3263 1168 3310 eam
1184 3243 1249 3333 legi

139 3367 208 3412 suae
224 3342 401 3435 subjicere,
422 3353 454 3412 et
478 3367 605 3414 meram
624 3345 867 3438 exemptionem
886 3345 979 3416 initio
993 3369 1178 3418 conoessem
1193 3373 1250 3420 re-

140 3475 265 3523 vorare.

184 3562 351 3652 Secundo,
378 3562 413 3633 id
438 3563 581 3654 procedit
602 3563 731 3632 etiamsi
753 3563 917 3654 exemptio
942 3564 1124 3636 introducta
1152 3569 1249 3640 fuerit

140 3670 383 3741 cousuetudine.
407 3671 505 3759 Nam,
530 3681 567 3740 ut
593 3671 799 3758 dictumest,
824 3670 936 3740 debuit
961 3672 1031 3741 haeo
1052 3679 1250 3749 cousuetudo

141 3781 268 3850 firmari
291 3781 388 3849 tacito
407 3781 521 3850 saltem
540 3781 732 3872 legislatoris
754 3802 924 3850 consensu.
944 3781 1047 3850 Porro
1073 3785 1130 3876 qui
1146 3789 1252 3878 potnit

141 3912 299 3960 oonsensu
325 3889 420 3958 taoito
439 3889 572 3958 firmare
589 3889 848 3981 exemptionem,
866 3896 971 3979 potest
988 3888 1048 3958 hoo
1067 3891 1149 3983 ipso,
1174 3917 1257 3965 oon*

143 4020 276 4068 sensnm
296 3996 510 4082 retrahendo,
531 3997 773 4089 exemptionem
796 3997 985 4086 infirmare,
1008 4001 1190 4071 dummodo
1213 4005 1253 4076 de

144 4115 279 4175 retracto
296 4127 455 4174 consensu
473 4114 605 4174 constet.
630 4105 671 4174 Et
688 4113 863 4197 praterea,
885 4105 963 4196 quia
979 4104 1143 4196 legislator
1161 4113 1253 4182 tacite

145 4210 372 4286 consentiendo
400 4211 541 4303 exemit,
567 4235 631 4284 non
654 4214 764 4283 amisit
789 4238 884 4284 suam
908 4213 1123 4304 legislativum
1149 4229 1255 4312 potes-
