3064 4952
530 511 613 556 ruars
645 511 794 556 canonici.
1156 487 1216 551 176

90 645 252 734 Etruriae,
264 645 387 734 Piceni,
404 655 436 716 et
454 649 603 718 omnium
619 648 864 740 provinciarum
880 645 1057 738 Episcopos
1070 645 1216 735 epistola,

91 754 192 844 plura
213 755 379 824 constituit
407 755 447 825 de
466 755 671 826 ordinatione
696 777 869 824 servorum
892 763 924 824 et
949 754 1059 824 usuris
1085 753 1218 822 clerico·

91 883 184 930 rum.
216 863 307 934 lllam
342 873 451 934 autem
478 865 527 934 sic
555 864 744 934 concludit:
776 890 793 928 a
816 865 886 932 Hoc
910 863 1020 954 itaque
1040 861 1221 932 admonitio

96 997 114 1032 e
139 978 253 1038 nostra
277 970 462 1056 denuntiat,
487 971 620 1063 quodsi
641 973 715 1063 quis
731 971 871 1040 fratrum
887 979 1001 1039 contra
1013 969 1085 1040 haec
1100 970 1220 1038 consti-

94 1105 115 1144 «
139 1088 210 1148 tnta
235 1081 346 1150 venire
368 1083 554 1168 tentaverit,
577 1091 609 1152 ct
632 1081 795 1173 prohibita
808 1081 909 1150 luerit
922 1103 1022 1148 ausus
1036 1078 1219 1166 admittere,

95 1214 113 1250 a
139 1210 159 1255 a
180 1211 240 1256 sno
266 1211 300 1256 se
319 1189 447 1257 noverit
472 1188 579 1257 officio
600 1186 876 1275 submovendum,
899 1211 958 1256 nec
981 1187 1220 1256 communionis

94 1321 113 1358 a
139 1303 262 1365 nostra
278 1296 428 1366 futurum
444 1319 513 1366 esse
528 1307 723 1385 consortem,
746 1298 804 1389 qui
820 1297 929 1364 socius
943 1317 1012 1363 esse
1029 1295 1135 1363 noluit
1148 1295 1221 1365 dis-

93 1430 114 1468 α
139 1404 282 1496 ciplinre.
304 1405 352 1474 Ne
365 1405 446 1496 quid
460 1427 539 1475 vero
558 1407 599 1474 sit
613 1406 702 1498 quod
717 1406 979 1497 praetermissum
994 1404 1077 1474 forte
1091 1428 1110 1472 a
1126 1405 1220 1472 nobis

94 1537 114 1576 a
138 1511 304 1598 credatur,
325 1513 436 1580 omnis
457 1512 631 1582 decretalia
654 1514 840 1601 constituta,
868 1520 934 1581 tam
949 1512 1053 1581 beata
1068 1510 1220 1580 recorda-

95 1647 116 1684 «
139 1620 238 1689 tioms
258 1620 455 1706 Innocentii,
483 1643 582 1712 qnam
606 1621 754 1690 omnium
783 1621 989 1693 decessorum
1013 1628 1218 1706 nostram,

95 1757 115 1794 a
139 1752 215 1820 qum
248 1729 288 1798 de
312 1728 533 1798 ecclesiasticis
563 1730 735 1800 ordinibus
761 1738 792 1800 et
820 1753 982 1798 canonum
1013 1729 1219 1820 promulgata

94 1866 113 1902 a
138 1845 218 1906 sunt
238 1837 431 1929 disciplinis,
461 1839 547 1906 itan
575 1848 684 1908 vestra
714 1838 886 1908 dilectione
914 1839 1071 1908 custodiri
1100 1836 1218 1906 debere

94 1973 113 2010 a
139 1945 346 2028 mandamus,
377 1955 425 2032 ut,
458 1947 487 2013 si
515 1947 590 2037 quis
617 1949 652 2014 in
680 1947 737 2014 illa
766 1947 978 2032 commiserit,
1001 1945 1129 2014 veniam
1156 1945 1221 2013 sibi

92 2087 113 2124 a
136 2059 290 2149 deinceps
310 2059 438 2126 noverit
454 2058 639 2148 denegari»
662 2058 776 2148 (Epist.
799 2063 832 2142 l,
850 2055 950 2125 editio
974 2055 1215 2124 Ballerinorurn

87 2169 248 2252 fratrum,
274 2167 335 2234 col.
369 2171 459 2258 616).
491 2166 595 2235 Multa
624 2166 687 2235 alia
711 2174 841 2258 possent
872 2165 1007 2253 allegari
1038 2187 1080 2233 cx
1108 2172 1217 2234 sancto

89 2279 214 2346 Mune.
239 2276 458 2345 indicabimus
482 2285 609 2346 tantum
630 2277 780 2367 epistolas
808 2279 861 2362 12,
893 2279 932 2342 16
956 2284 987 2342 et
1004 2277 1042 2341 18
1067 2275 1218 2342 incitata

86 2387 248 2457 editione.

138 2499 232 2564 Anna
244 2501 319 2564 445.
333 2498 516 2586 -Insipne
524 2497 748 2564 testimonum
755 2496 963 2588 imperatoris
980 2496 1213 2564 Valentiniani.

86 2645 137 2658 -
153 2607 330 2697 Postquam
347 2614 476 2674 sanctus
501 2606 567 2674 Leo
594 2606 732 2694 Magnas
745 2607 905 2696 privasset
919 2613 1075 2696 potestate
1092 2615 1215 2675 metro-

87 2715 224 2805 politica
250 2722 395 2782 sanctum
423 2713 597 2799 Hilarium,
629 2713 851 2782 Arelatensem
877 2713 1214 2806 Episcopum,impe-

87 2832 182 2890 rator
213 2822 465 2892 Valentinianus
499 2821 581 2888 hanc
610 2821 811 2913 pontificiam
843 2822 1039 2890 sanctionem
1072 2825 1215 2914 munivit

86 2930 216 2999 anxilio
241 2927 366 2998 brachii
390 2929 568 3014 saecularis,
591 2928 709 2996 celebri
725 2951 784 2996 sua
798 2928 1026 2998 constitutione
1038 2930 1072 2996 in
1090 2930 1214 3000 Gallias

87 3037 226 3122 directa,
250 3037 285 3104 in
313 3059 378 3126 qua
401 3035 532 3125 legitur.
556 3063 573 3102 «
595 3035 678 3104 Cum
700 3035 800 3124 igitur
819 3034 912 3104 Sedis
926 3036 1122 3126 apostolicae
1139 3041 1212 3130 pri-

91 3175 110 3210 «
136 3155 259 3214 matum
279 3145 381 3212 sancti
405 3144 493 3212 Petri
521 3145 686 3230 meritum,
708 3144 765 3235 qui
790 3145 939 3235 princeps
959 3153 1007 3212 est
1022 3147 1212 3239 episcopalis

91 3283 110 3318 a
134 3275 263 3322 coronae
290 3261 321 3320 et
345 3252 501 3320 Romanae
526 3251 668 3340 dignitas
696 3251 847 3334 civitatis,
866 3273 966 3319 sacrm
981 3253 1078 3320 etiam
1095 3259 1214 3346 synodi

90 3391 109 3429 a
132 3362 274 3430 firmarit
301 3359 490 3446 auctoritas,
523 3383 564 3426 ne
595 3359 675 3450 quid
708 3367 828 3450 praeter
860 3361 1085 3429 auctoritatem
1121 3364 1213 3432 Sedis

90 3501 108 3538 a
132 3473 231 3539 istius
256 3469 418 3538 inlicitum
441 3469 655 3558 presumptio
683 3477 839 3537 attentare
864 3468 997 3537 nitatur.
1018 3470 1210 3542 Tuncenim

89 3611 108 3648 a
132 3581 268 3648 demum
293 3577 502 3646 eeclesiarum
532 3599 597 3668 pax
623 3577 743 3668 ubique
770 3576 972 3662 servabitur,
998 3577 1027 3644 si
1053 3587 1210 3648 rectorem

89 3721 105 3754 a
130 3711 230 3756 suum
256 3694 411 3776 agnoscat
428 3686 663 3754 universitas...
690 3713 707 3750 n
736 3685 788 3777 (Et
810 3695 981 3776 postquam
1001 3688 1111 3755 retulit
1126 3713 1209 3780 quo-

82 3797 185 3868 modo
207 3795 352 3864 Hilarius
379 3815 490 3884 pacem
513 3794 675 3862 turbasset
701 3802 732 3861 et
756 3793 928 3862 damnatus
952 3803 1035 3862 esset
1057 3817 1077 3862 a
1098 3806 1209 3864 sancto
1258 3837 1261 3848 ·

81 3903 222 3994 Leone),
240 3903 286 3972 sic
301 3902 512 3994 prosequitur
527 3901 781 3969 Valentinianus
800 3928 807 3968 z
824 3927 840 3964 ι(
853 3901 892 3970 Et
907 3909 976 3968 erat
991 3901 1124 3992 quidem
1138 3905 1209 3994 ipsa

86 4047 104 4084 a
129 4011 289 4082 sententia
312 4033 370 4100 per
396 4009 517 4078 Gallias
542 4013 639 4076 etiam
664 4009 734 4076 sine
759 4009 920 4099 imperiali
946 4009 1109 4078 sanctione
1125 4012 1208 4079 vali-

85 4154 103 4192 a
129 4131 215 4192 tura.
239 4118 325 4202 Quid
353 4119 439 4186 enim
455 4117 537 4186 tanti
550 4115 716 4186 Pontificis
734 4117 918 4186 auctoritati
933 4119 968 4186 in
983 4121 1124 4190 ecclesiis
1141 4147 1206 4194 non

85 4263 104 4300 a
127 4234 315 4301 liceret‘t...
338 4227 406 4294 Hac
431 4225 565 4316 perenni
594 4225 756 4294 sanctione
777 4249 958 4315 censemus,
982 4251 1022 4297 ne
1044 4230 1123 4320 quid
1139 4240 1205 4304 tana
