3022 4950
355 482 394 546 36
708 502 882 550 reserares
905 501 942 550 ns
966 503 1117 552 ratncrens

357 668 374 706 ιι
397 641 521 708 divina
542 640 752 710 imbecillitati
777 643 958 713 intellectus
981 646 1117 716 humani
1133 647 1300 715 subveniri
1320 647 1360 714 ad
1375 647 1471 736 agni·

357 777 374 815 a
399 750 517 820 tionem
542 750 695 827 illorum;
716 752 801 821 sicut
820 776 879 845 per
899 752 1080 824 doctrinam
1097 764 1129 824 et
1147 755 1378 826 revelationem
1394 755 1472 824 fidei

355 887 375 926 a
398 859 592 928 subvenitur
607 857 734 928 bomini
756 882 823 929 non
842 869 971 930 tantnm
990 862 1024 930 in
1041 864 1081 932 iis
1100 887 1176 956 quae
1198 851 1357 933 rationem
1373 887 1472 957 supe-

358 995 375 1034 «
397 975 483 1057 rant,
500 966 556 1036 sed
571 969 668 1036 etiam
682 967 715 1034 in
733 965 784 1035 bis
799 992 873 1061 quae
889 969 929 1038 dc
940 971 1008 1039 Deo
1022 971 1214 1040 naturaliter
1228 972 1381 1062 cognosci
1397 994 1472 1063 pos-

357 1105 374 1144 ιι
398 1085 485 1164 suut,
502 1084 539 1144 ut
553 1098 594 1144 ex
621 1074 656 1143 S.
685 1073 813 1144 Thema
839 1086 925 1146 recte
948 1077 1087 1147 advertit
1103 1079 1224 1148 Suarea
1246 1078 1298 1170 (de
1313 1079 1470 1169 Legibus,

358 1214 375 1253 ι
397 1185 456 1254 lib.
475 1187 508 1271 9,
521 1206 591 1275 cap.
608 1187 641 1268 l,
658 1205 693 1250 n.
713 1183 811 1272 19).»

397 1293 562 1384 Praecpta
575 1290 813 1360 caeremonialia
828 1315 884 1361 seu
901 1293 1031 1362 ritualia
1045 1299 1193 1364 statuunt
1215 1294 1255 1364 de
1269 1297 1472 1366 caeremoniis

352 1405 437 1474 circa
462 1400 586 1470 cultum
617 1398 769 1468 divinum
797 1400 849 1468 vel
866 1413 999 1493 propter
1020 1403 1162 1494 typicam
1185 1403 1469 1493 significationem,

352 1511 405 1582 vel
418 1516 552 1601 propter
566 1505 716 1577 ordinem
738 1507 990 1578 ecclesiasticum
1011 1510 1135 1601 populo
1154 1511 1330 1582 israelitico
1354 1513 1470 1582 obser-
1494 1537 1495 1582 t

353 1617 487 1696 vandis3
511 1615 697 1708 cujusmodi
718 1625 795 1684 sunt
817 1639 891 1708 quae
907 1617 1072 1709 praecipue
1089 1618 1124 1686 in
1144 1619 1289 1689 Levitico
1303 1620 1344 1689 de
1359 1644 1470 1690 sacer-

352 1731 481 1801 dotibus
496 1736 527 1798 et
543 1729 662 1816 levitis,
685 1726 725 1796 de
744 1728 975 1798 festivitatibus
992 1729 1105 1817 variis,
1126 1729 1211 1799 etde
1237 1731 1406 1800 sacrificiis
1425 1733 1470 1801 lc-

352 1848 489 1932 guntur.

395 1947 569 2020 Judicialia
595 1967 652 2016 seu
680 1945 834 2034 lorensis,
858 1945 900 2014 ad
923 1945 1091 2038 politicum
1114 1949 1260 2038 regimen
1282 1957 1315 2017 et
1336 1948 1470 2041 justitia

351 2055 666 2126 administrationem
679 2061 836 2145 spectent.

396 2167 447 2236 Ex
468 2163 586 2257 triplici
607 2163 682 2255 jure
697 2162 770 2248 isto,
797 2161 911 2230 morali
934 2184 1065 2254 nempe,
1088 2165 1307 2234 caeremoniali
1328 2175 1359 2234 et
1374 2167 1471 2258 judi-

352 2275 438 2362 ciali,
455 2272 611 2342 remansit
623 2270 829 2339 solummodo
843 2271 1003 2362 primum,
1019 2295 1083 2340 non
1099 2282 1261 2364 quatenus
1272 2272 1327 2365 jus
1342 2274 1470 2343 Veteris

350 2383 559 2466 Testamenti,
574 2378 629 2450 sed
645 2387 807 2471 quatenus
821 2377 877 2469 jus
891 2379 1055 2465 naturale3
1074 2379 1220 2473 adeoque
1234 2379 1412 2450 hodiedum
1429 2383 1470 2450 ad

351 2493 513 2582 integram
538 2487 755 2557 obedientiam
780 2507 893 2554 omnes
916 2485 1049 2576 obligat.
1073 2487 1147 2556 Duo
1169 2488 1232 2556 alia
1255 2488 1345 2580 jura,
1372 2511 1471 2581 opere

352 2597 586 2688 redemptionis
600 2601 719 2662 nostrae
741 2615 799 2684 per
815 2601 953 2661 mortem
971 2593 1094 2663 Christi
1110 2605 1347 2684 consummato,
1372 2598 1471 2666 etiam

352 2709 424 2799 ipsa
439 2714 569 2774 mortua
589 2713 678 2790 sunt,
702 2711 734 2772 et
752 2701 919 2792 abrogata,
939 2703 1082 2795 exceptis
1097 2704 1137 2772 iis
1159 2727 1234 2797 quae
1252 2728 1272 2772 a
1287 2705 1472 2795 legislatore

353 2815 566 2886 ecclesiastico
580 2812 688 2882 denuo
708 2809 841 2880 inducta
868 2820 960 2894 sunt;
980 2811 1153 2905 dequibus
1171 2814 1365 2902 notandum,
1382 2817 1470 2908 quod

349 2926 418 3018 jam
442 2945 508 2992 non
525 2921 670 3012 obligent
687 2921 891 2990 Christianos
909 2930 945 2990 ut
971 2922 1026 2989 lex
1048 2921 1172 3011 divina,
1197 2923 1253 2992 sed
1277 2933 1312 2992 ut
1328 2924 1471 2993 humana
1494 2913 1495 3006 l

353 3041 494 3118 tantum,
512 3039 623 3124 utpote
641 3030 742 3099 asole
757 3031 924 3098 voluntate
940 3030 1084 3099 humana
1101 3040 1289 3122 potestatem
1305 3033 1471 3124 obligandi

354 3144 507 3214 babentia
524 3171 531 3210 ι
549 3142 594 3211 ita
608 3140 992 3210 doctoreseummuniter.

399 3255 446 3324 De
461 3253 589 3343 legibus
604 3249 733 3322 Veteris
747 3250 943 3319 Testamenti
955 3251 1106 3342 exsurgit
1119 3253 1267 3343 quaestio,
1281 3260 1394 3323 utrum
1412 3256 1472 3323 ali-

353 3383 428 3456 quae
446 3363 511 3432 sint
525 3357 750 3430 tantummodo
763 3359 963 3427 auctoritatis
974 3359 1141 3448 bumanae,
1158 3369 1269 3452 utpote
1282 3363 1472 3432 auctoritate

355 3495 443 3541 mere
470 3470 626 3557 bumana,
655 3467 778 3558 Moysis
813 3467 945 3555 scilicet,
978 3469 1062 3538 latae.
1093 3469 1158 3537 Sed
1188 3470 1366 3539 tenendum
1396 3495 1472 3542 cum

354 3581 388 3650 S.
407 3579 546 3666 Thema,
559 3576 773 3664 bellarmino,
784 3575 982 3664 blaldonato,
994 3577 1147 3647 Suarezio
1161 3577 1213 3670 (de
1228 3579 1383 3670 Legibus,
1398 3581 1422 3649 l.
1439 3587 1471 3670 9,

353 3714 381 3759 c.
400 3693 434 3778 2,
449 3713 483 3758 ιι.
504 3685 557 3779 ll)
574 3694 605 3756 et
619 3685 778 3778 praecipui
794 3685 936 3754 nominis
949 3684 1148 3774 doctoribus,
1166 3708 1279 3756 omnes
1298 3687 1401 3757 luisse
1417 3690 1473 3758 di-

353 3798 458 3866 vinas.
477 3795 557 3879 Quae
579 3795 714 3864 assertio
740 3796 785 3863 ita
805 3803 892 3863 certa
906 3800 954 3862 cst
974 3791 1115 3862 laudetis
1142 3793 1313 3886 theologis,
1340 3805 1377 3865 ut
1400 3820 1472 3868 eam

353 3905 543 3975 existiment
559 3901 636 3971 fldei
650 3902 780 3970 veritati
794 3901 889 3971 valde
904 3901 1134 3993 propinquam.
1158 3901 1235 3972 ldeo
1250 3925 1329 3994 ergo
1341 3913 1474 3975 tantum
1494 3945 1495 4004 p

350 4013 404 4083 lex
419 4020 514 4082 vetus
531 4009 651 4079 dicitur
664 4009 816 4096 Mosaios,
847 4032 913 4078 non
939 4011 996 4102 qui
1021 4020 1133 4080 auctor
1152 4011 1293 4102 Moyses,
1316 4013 1372 4081 sed
1396 4016 1473 4106 quia

351 4120 588 4212 promulgator.
606 4117 733 4210 (Thasia
744 4117 968 4210 probationem
983 4116 1056 4186 vide
1066 4117 1153 4211 apud
1166 4117 1471 4211 Scbmalzgrucber,

350 4227 420 4298 loco
435 4228 544 4314 citato,
562 4249 594 4294 n.
614 4227 650 4294 at
668 4227 779 4316 etit.)
816 4245 819 4254 ¹
