3022 4950
652 473 826 521 culturus
850 477 886 522 llll
910 475 1064 524 l’lllNCll’llS

757 811 899 880 CAPUT
926 813 966 880 ll.

456 1021 493 1066 DE
521 1019 667 1066 Pntttnnto
694 1021 778 1066 tutus
807 1021 1019 1080 cususcuuouss
1047 1025 1263 1073 functurum.

1099 1113 1104 1138 l

339 1284 604 1354 Praenotandum.
622 1287 710 1354 -1.
737 1286 821 1355 Cum
837 1285 924 1376 leges
940 1308 998 1354 seu
1020 1285 1232 1376 obligationes
1248 1287 1312 1355 sint
1332 1286 1413 1356 illud

295 1395 404 1485 ipsum
427 1392 514 1485 quod
537 1416 596 1460 nos
618 1415 675 1485 per
692 1393 784 1485 juris
807 1393 1003 1462 vocabulum
1025 1393 1206 1484 intelligere
1227 1418 1327 1486 supra
1341 1418 1415 1464 ιο-

294 1502 440 1587 nuimus,
455 1523 601 1592 quaerere
611 1499 776 1593 quodnam
794 1501 835 1568 sit
851 1501 1045 1594 primarium
1060 1502 1324 1595 cujuslibetjuris
1335 1504 1414 1571 lun-

295 1611 498 1694 damentum,
522 1608 607 1676 idem
634 1631 769 1698 prorsus
789 1615 836 1676 est
855 1631 892 1676 ac
911 1632 1058 1701 quaerere
1075 1609 1316 1706 ¹obligationum
1340 1634 1410 1680 om-

294 1717 389 1784 nium
404 1715 545 1784 radicem
562 1737 619 1783 seu
635 1716 823 1806 primariam
840 1717 1013 1785 rationem.

341 1829 372 1892 2.
410 1824 572 1914 Obligatio
597 1831 704 1892 autem
732 1824 855 1917 duplex
879 1825 1094 1914 distinguitur
1114 1849 1121 1889 :
1138 1825 1204 1893 alia
1230 1826 1291 1894 sub
1316 1849 1412 1918 poena

295 1941 435 2019 tantum,
457 1933 520 2001 alia
541 1932 602 2000 sub
623 1933 730 2024 culpa.
756 1933 853 2000 Prior
876 1941 923 2000 est
947 1932 1117 2000 necessitas
1141 1932 1266 2002 homini
1282 1935 1411 2004 incum-

294 2044 375 2110 bens
395 2040 450 2108 tali
467 2039 562 2108 modo
578 2040 709 2128 agendi,
727 2040 755 2107 si
775 2039 854 2109 velit
877 2039 981 2108 vitare
1007 2062 1150 2130 poenam.
1176 2041 1339 2112 Posterior
1365 2051 1413 2111 cst

296 2151 469 2218 necessitas
485 2148 540 2216 tali
559 2149 654 2215 modo
670 2147 799 2236 agendi,
818 2157 854 2216 ut
869 2148 947 2214 vitet
970 2147 1092 2216 malum
1119 2150 1241 2218 morale
1259 2173 1315 2220 seu
1336 2175 1413 2244 pec-

295 2265 412 2326 catum.
438 2256 533 2325 Prior
557 2263 691 2322 nonest
718 2254 872 2344 obligatio
898 2252 962 2338 nisi
989 2253 1167 2346 improprio
1191 2279 1305 2344 sensn;
1335 2282 1412 2328 cuna

294 2366 434 2435 liberum
452 2364 494 2434 sit
508 2362 633 2432 homini
651 2362 773 2454 absque
794 2361 889 2451 culpa
912 2362 979 2430 nlla
1002 2362 1121 2452 eligere
1144 2366 1249 2456 potius
1265 2389 1409 2458 poenam,

295 2497 394 2566 quam
411 2496 479 2541 sesa
493 2471 683 2562 obligationi
707 2468 894 2559 hujusmodi
918 2470 1088 2564 subjicere.
1117 2471 1281 2544 Posterior
1302 2485 1411 2545 autem

295 2591 342 2650 cst
361 2580 515 2670 obligatio
537 2577 668 2670 proprie
683 2577 780 2663 dicta,
797 2584 907 2668 utpote
923 2601 996 2670 quae
1019 2579 1066 2647 ita
1083 2579 1248 2650 homiuem
1265 2583 1345 2674 ligat
1360 2595 1408 2672 ut,

296 2692 322 2756 si
338 2688 527 2778 obligationi
542 2709 608 2755 non
625 2693 747 2776 parcat,
765 2684 885 2752 malum
902 2695 1005 2778 patret
1019 2696 1116 2780 atque
1130 2691 1249 2781 peccati
1266 2714 1341 2762 rcus
1355 2697 1408 2761 sit.

296 2799 342 2866 De
356 2775 608 2886 obligationibus
631 2792 761 2883 proprie
784 2793 888 2879 dictis,
904 2794 937 2861 id
952 2802 1011 2882 est,
1024 2791 1067 2862 ¹da
1083 2797 1335 2888 obligationibus
1350 2804 1411 2870 sub

295 2907 390 2997 culpa
409 2905 463 2973 hic
487 2903 628 2993 agimus,
653 2909 685 2968 ct
706 2923 818 2969 carum
842 2901 1039 2994 inquirimus
1054 2905 1198 2988 radicem
1214 2931 1272 2976 scu
1288 2910 1410 2999 primn-

295 3015 381 3084 rium
406 3011 669 3080 fundamentum.
692 3008 798 3090 Quam
824 3009 1036 3101 quaestionem
1062 3012 1262 3083 tractandam
1291 3016 1411 3086 babent

294 3146 361 3193 non
374 3122 480 3191 solum
496 3117 554 3210 qui
567 3116 622 3208 jus
634 3116 826 3185 canonicum
839 3126 1021 3209 exponunt,
1038 3120 1094 3188 scd
1108 3121 1205 3190 etiam
1217 3123 1274 3214 qui
1286 3123 1410 3216 dejure

290 3229 380 3300 civili
409 3227 462 3294 vel
491 3225 555 3293 alio
584 3245 788 3316 quocumque
812 3233 924 3313 agunt.
952 3225 996 3294 Ut
1020 3227 1108 3295 enim
1135 3228 1245 3320 aliqua
1267 3231 1410 3302 collectio

291 3340 403 3427 legum
430 3332 544 3400 merito
567 3331 631 3398 dici
651 3339 747 3422 queat
763 3330 830 3422 jus,
858 3353 987 3400 necesse
1005 3341 1053 3400 est
1072 3341 1109 3401 ut
1127 3334 1225 3405 bomo
1240 3337 1301 3404 sub
1315 3339 1411 3429 culpa

293 3452 439 3512 teneatur
454 3440 542 3529 leges
558 3437 631 3505 illas
643 3460 773 3506 servare
782 3465 791 3526 ;
809 3438 952 3529 alioquin
968 3439 1057 3530 leges
1069 3440 1133 3509 illae
1144 3465 1210 3511 non
1226 3454 1332 3513 essent
1346 3446 1409 3515 nisi

170 3631 176 3642 ,
291 3551 472 3621 arbitrariae
499 3547 692 3633 coactiones,
719 3547 947 3615 conscientiam
975 3549 1108 3617 minime
1138 3551 1343 3640 attingentes.
1372 3556 1408 3623 ln

292 3660 436 3753 qualibet
458 3679 537 3746 ergo
561 3654 832 3749 jurisprudentia,
857 3642 1068 3725 antcomnia
1098 3662 1291 3749 exponenda
1318 3664 1410 3731 venit

291 3767 526 3857 obligationum
552 3763 677 3831 theoria
701 3785 758 3832 seu
779 3764 935 3854 primaria
958 3765 1052 3854 ratio,
1082 3789 1155 3857 quae
1179 3769 1205 3835 si
1226 3769 1406 3856 omittatur,

290 3884 395 3944 totum
409 3871 584 3940 edificium
599 3871 825 3940 tractationum
838 3871 1055 3962 juridicorum
1080 3875 1173 3966 quasi
1196 3874 1408 3948 fundamento

289 3988 388 4050 caret.

332 4094 362 4157 3.
379 4089 452 4159 tam
479 4109 556 4156 vero
579 4086 664 4154 circa
684 4084 935 4154 fundamentum
959 4087 1054 4173 illud,
1079 4087 1206 4158 errores
1228 4111 1293 4158 nou
1310 4095 1407 4182 pauci

285 4191 516 4261 recentioribus
531 4189 733 4278 temporibus
746 4188 851 4255 oborti
866 4197 953 4276 sunt,
972 4191 1028 4282 qni
1044 4197 1220 4258 occurrunt
1235 4191 1268 4260 iu
1286 4194 1405 4263 scholis
