3022 4950
580 562 663 610 suere
684 561 835 610 mironio.
1221 541 1261 606 13

148 723 262 770 omnes
275 709 366 770 aetus
380 724 457 772 euos
474 702 666 773 delibet-etos
691 702 736 794 (t)
758 703 856 771 tinem
878 701 940 770 eibi
959 723 1151 794 proponere.
1177 703 1260 771 Nem

150 831 244 900 egere
271 819 320 878 eet
346 811 526 882 necessario
552 833 649 902 egere
675 809 802 902 eliquid
814 862 824 897 ,
852 807 1013 902 siquidem
1040 831 1138 900 egere
1163 809 1259 898 nihil,

151 915 236 984 idem
249 937 384 1006 prorsus
396 925 480 988 emet
494 941 533 986 eo
549 941 613 987 non
628 939 735 1010 apere.
760 915 852 986 Siout
870 915 968 984 etiam
990 914 1086 1002 velle,
1108 925 1157 985 eet
1180 917 1263 987 velle

153 1023 285 1116 aliquid,
304 1045 380 1094 cum
400 1024 514 1094 volitio
534 1025 661 1096 nullius
683 1024 801 1117 objecti
814 1023 903 1092 idem
919 1023 1009 1092 niteo
1024 1023 1115 1092 nullu
1129 1023 1260 1113 volitio;

151 1141 183 1202 et
196 1133 341 1223 tendere,
357 1143 405 1204 est
419 1135 552 1206 tendem
574 1135 615 1206 ed
636 1135 772 1228 eliquid,
796 1133 957 1228 siquidem
983 1135 1113 1206 tendere
1126 1135 1168 1205 ed
1184 1135 1264 1206 nul-

150 1242 220 1312 lum
233 1243 409 1336 objectum,
425 1252 473 1314 eet
487 1268 555 1317 non
567 1245 711 1315 tendere.
727 1243 823 1314 Unde
836 1243 944 1315 omnis
958 1242 1155 1314 deliberatus
1174 1254 1265 1318 ectus

150 1351 247 1422 hebet
270 1355 451 1424 necessario
470 1355 634 1448 obiectum
660 1355 794 1449 aliquod
819 1377 879 1426 eeu
899 1355 1075 1426 terminum
1093 1355 1260 1449 aliquem:

150 1459 228 1528 finis
242 1471 350 1532 eutem
368 1463 504 1532 actionis
524 1463 645 1533 dieitur
668 1463 845 1555 ipsummet
866 1463 1030 1555 objectum
1051 1486 1110 1533 seu
1131 1465 1267 1557 ipeomet

151 1571 310 1640 terminus
329 1573 486 1660 ectiouis3
510 1573 545 1641 id
565 1595 695 1666 nempe,
716 1573 805 1665 quod
826 1573 897 1642 vult
919 1573 1018 1642 homo
1044 1596 1145 1664 egene
1168 1583 1200 1644 et
1224 1576 1265 1644 ed

151 1680 240 1772 quod
264 1681 479 1752 obtinendum
510 1683 589 1773 egit.
619 1683 708 1774 Ergo
735 1683 819 1753 deut
846 1683 953 1752 omnis
983 1691 1074 1752 eotue
1102 1683 1266 1756 humanus

151 1787 249 1857 hebet
261 1789 435 1880 objectum,
452 1791 550 1860 hebet
561 1793 658 1862 etiem
674 1791 736 1860 hoo
755 1792 827 1884 ipso
842 1789 952 1859 linem.
972 1790 1048 1859 lem
1067 1813 1146 1862 vero
1166 1793 1265 1864 finem

152 1895 265 1985 illum,
293 1898 335 1966 ed
357 1921 454 1990 quem
475 1898 660 1970 immediate
689 1898 811 1996 tendit,
841 1905 945 1992 potest
972 1898 1070 1968 homo
1097 1899 1268 1992 dupliciter

153 2005 237 2075 velle
255 2029 263 2070 ι
281 2028 396 2098 nempe
419 2007 472 2076 vel
497 2015 631 2100 propter
653 2008 775 2098 ipsum,
801 2005 854 2074 vel
878 2015 1032 2096 tanquam
1058 2005 1203 2078 medium
1225 2011 1267 2078 ed

153 2113 366 2184 obtinendum
394 2113 494 2184 uliud.
525 2115 564 2184 Si
591 2115 697 2206 prius,
724 2113 800 2182 finis
824 2112 1011 2182 immediate
1038 2115 1183 2186 intentus
1206 2118 1268 2188 erit

153 2221 252 2290 simul
266 2219 341 2290 linis
355 2223 511 2304 ultiman
526 2245 603 2292 nem
622 2222 698 2290 tinio
717 2221 853 2290 ultimus
866 2221 993 2320 egentis
1010 2221 1132 2292 dieitur
1145 2223 1201 2294 ille
1216 2249 1267 2296 res

153 2353 250 2422 quam
262 2330 360 2400 homo
375 2353 475 2422 egene
489 2331 609 2422 quaerit
622 2338 755 2422 propter
767 2329 886 2422 ipsum,
901 2329 947 2398 ite
962 2331 1048 2400 utin
1067 2332 1125 2400 ille
1138 2333 1268 2406 obtento

154 2440 308 2530 quiescet,
321 2449 353 2510 et
364 2440 521 2511 notionem
535 2463 628 2510 suem
640 2447 673 2508 et
680 2438 878 2508 tendentiem
892 2438 1044 2508 terminet
1055 2450 1087 2509 et
1095 2441 1269 2515 ultimetim

156 2545 256 2616 finiet.
275 2547 311 2618 Si
325 2548 498 2641 posterius,
515 2548 623 2636 idest,
639 2549 668 2616 si
685 2567 737 2614 res
755 2553 887 2640 propter
906 2568 1006 2638 quom
1031 2547 1129 2618 homo
1145 2550 1266 2623 imme-

156 2655 239 2724 diate
254 2656 464 2725 obtinendem
487 2655 566 2745 egit,
591 2677 658 2724 nou
683 2655 725 2722 eit
745 2654 810 2724 nisi
827 2653 972 2724 medium
991 2678 1050 2747 per
1069 2657 1156 2749 quod
1178 2662 1269 2732 eliud

156 2765 299 2834 obtinere
310 2763 466 2850 intendet,
482 2772 560 2834 tuno
574 2763 662 2834 istud
672 2763 763 2834 eliud
778 2764 831 2834 vel
846 2777 894 2834 est
910 2765 986 2834 linis
1000 2767 1147 2855 ultimus,
1160 2771 1269 2842 inten-

156 2881 219 2959 tus,
241 2873 293 2942 vel
319 2881 445 2942 tentum
466 2873 605 2942 alterum
625 2871 785 2942 medium.
808 2873 882 2944 Jem
903 2895 981 2944 vero
1004 2875 1202 2966 impossibile
1221 2893 1269 2951 est

156 2979 322 3051 hominem
344 2981 427 3050 velle
453 3003 557 3050 unum
584 2991 740 3074 tanquam
765 2980 910 3052 medium
935 2983 977 3051 od
1003 2983 1104 3072 uliud,
1129 2995 1161 3054 et
1182 2987 1270 3058 istud

155 3087 243 3157 eliud
266 3097 421 3180 tanquam
441 3089 583 3158 medium
606 3087 647 3158 ed
663 3089 796 3158 tertium
819 3089 956 3181 aliquid,
983 3097 1015 3158 et
1034 3091 1165 3162 tertium
1181 3095 1268 3166 istud

154 3205 307 3288 tanquam
325 3197 468 3266 medium
482 3197 522 3264 ad
538 3205 706 3288 quartum,
728 3205 760 3264 et
782 3197 827 3264 sie
841 3197 876 3264 in
890 3196 1069 3287 infinitum,
1083 3201 1128 3268 ite
1141 3210 1177 3271 ut
1192 3205 1269 3274 velit

157 3314 281 3374 tentum
298 3304 403 3374 medie
418 3315 450 3376 et
464 3305 592 3375 nullum
615 3305 677 3374 sibi
694 3303 794 3372 finem
810 3303 963 3374 ultimum
980 3322 1149 3400 proponat.
1177 3311 1270 3383 l'uno

158 3415 243 3482 enim
257 3414 354 3485 vellet
375 3413 491 3484 seriem
515 3411 698 3482 mediorum
724 3420 864 3500 tentum,
886 3413 976 3503 quod
999 3427 1171 3506 repugnet,
1193 3443 1269 3490 oum

158 3545 222 3592 non
234 3523 335 3615 possit
349 3520 423 3615 quis
441 3520 523 3590 velle
536 3519 659 3612 aliquid
679 3529 839 3611 quatenus
854 3519 1011 3608 medium,
1036 3523 1100 3592 nisi
1124 3525 1271 3598 intendet

159 3631 257 3702 tinem
270 3655 329 3724 per
339 3630 483 3700 medium
496 3630 578 3699 illud
591 3629 840 3720 assequendum.
857 3629 945 3720 Ergo
956 3653 1162 3726 quorumque
1173 3639 1270 3708 modo

158 3741 255 3810 homo
278 3747 376 3830 ponet
394 3747 501 3808 notum
526 3735 749 3824 deliberatum,
774 3759 901 3827 semper
920 3737 1059 3807 intendit
1085 3741 1183 3812 tinem
1209 3747 1267 3814 eli·

158 3871 256 3940 quem
266 3850 430 3919 ultimum.

190 4167 223 4230 (t)
238 4165 381 4230 Aliquando
394 4159 473 4218 homo
489 4163 658 4215 indeliberete
668 4161 723 4228 egit
737 4179 783 4215 een
798 4165 882 4229 potine
892 4169 985 4232 egitur,
996 4185 1021 4220 v.
1036 4185 1073 4236 g„
1087 4173 1227 4236 insomne,
1245 4177 1272 4226 in

160 4243 227 4294 rtetu
239 4243 367 4306 ementire,
381 4243 408 4292 in
426 4241 539 4291 motibus
552 4240 635 4302 primo
651 4239 750 4305 primis.
766 4241 819 4292 lloe
835 4243 908 4292 ectus
919 4244 1033 4309 theologi
1053 4254 1147 4300 vocent
1163 4249 1272 4302 lomim'e

160 4331 213 4371 non
226 4319 355 4370 humanos.
373 4319 410 4369 De
424 4319 465 4368 trie
477 4330 532 4367 non
543 4321 582 4368 eet
592 4317 637 4367 hio
651 4317 769 4381 quaetio.
