3068 4948
369 515 432 579 292
724 533 896 582 renarrans
920 532 958 580 ns
981 533 1135 580 remanens

371 703 386 738 a
411 675 499 742 enim
519 683 603 742 esset
624 675 823 766 impotentia
846 684 1074 764 argumentum
1101 677 1134 743 in
1156 675 1304 744 Romano
1319 670 1470 753 Pontifice,

371 811 387 846 n
412 805 477 851 nou
499 807 537 851 ee
564 783 737 852 contulisse
760 782 917 851 beneficia
939 805 998 874 pro
1016 807 1074 852 sua
1098 785 1300 870 auctoritate,
1322 805 1397 875 quae
1410 801 1471 848 cnm

372 919 388 954 n
414 915 480 959 non
504 900 622 971 essent,
651 891 722 959 dari
745 913 951 982 nequaquam
971 895 1140 982 poterant?
1160 893 1263 984 Atqui
1282 891 1376 960 nullo
1401 899 1472 959 certo

372 1001 605 1070 «documento
631 1011 756 1068 constat
780 1009 854 1068 ante
882 1000 1039 1068 saeculum
1071 1001 1315 1088 duodecimum,
1343 1001 1473 1068 velante

372 1135 388 1170 ιι
412 1107 576 1176 undecimi
592 1105 691 1176 linem
707 1118 813 1176 erecta
829 1107 928 1176 luisse
943 1107 1155 1179 ecclesiastica
1165 1107 1323 1178 beneficia
1333 1109 1368 1176 in
1380 1107 1474 1176 titulos

372 1243 388 1280 n
412 1215 582 1283 distinctos
604 1221 636 1282 et
657 1223 843 1306 perpetuos,
867 1223 898 1282 et
921 1216 1101 1283 vacationis
1119 1239 1263 1308 capaces,
1282 1227 1319 1284 ut
1341 1215 1474 1284 hodierni

371 1351 388 1388 a
413 1324 514 1392 moris
538 1331 596 1391 est.
624 1325 730 1392 Antea
753 1323 843 1391 enim
860 1322 912 1392 vel
927 1323 1053 1391 clericis
1072 1323 1315 1393 distributiones
1331 1325 1476 1393 dabantur

370 1432 450 1500 «de
475 1453 574 1500 manu
598 1432 750 1524 Episcopi
773 1431 908 1524 ejusque
933 1431 1158 1502 ministrorum
1184 1431 1386 1520 immediate,
1403 1429 1475 1524 quod

336 1545 344 1554 '
370 1567 386 1604 a
410 1540 477 1607 lere
492 1538 634 1608 obtinuit
648 1539 812 1629 prioribus
826 1539 972 1632 quinque
986 1539 1133 1626 saeccrlis3
1153 1541 1205 1609 vel
1219 1540 1334 1608 saltem
1350 1563 1392 1609 ex
1405 1546 1476 1607 certa

369 1673 386 1712 «
408 1647 571 1715 bonorum
595 1669 700 1714 massa
722 1646 846 1715 clericis
867 1648 902 1714 in
927 1670 1101 1716 commune
1115 1647 1284 1734 attributa,
1302 1647 1392 1739 quod
1408 1669 1476 1715 con-

372 1782 387 1818 «
412 1755 518 1823 suerit
544 1753 616 1822 lieri
641 1763 744 1840 sexto,
769 1754 920 1845 septimo,
948 1764 1062 1823 ocuvo
1088 1739 1225 1840 saeculo;
1252 1757 1370 1823 velex
1398 1755 1476 1822 certis

373 1890 389 1926 a
414 1861 525 1930 lundis
547 1884 583 1930 ac
599 1860 734 1952 praediis
748 1884 823 1954 quae
839 1861 1062 1952 singularibus
1078 1863 1202 1932 clericis
1217 1863 1475 1942 concedebantur,

371 1979 484 2063 apost
515 1970 638 2038 obitum
673 1970 705 2035 in
740 1993 879 2038 massam
912 1993 1120 2040 communem
1150 1970 1376 2058 restituendis,
1405 1967 1476 2060 qnod

371 2107 386 2142 n
411 2079 488 2146 satis
511 2078 665 2168 frequens
684 2077 750 2145 luit
764 2078 893 2147 saeculis
909 2101 1008 2164 nona,
1031 2079 1157 2148 decima
1172 2089 1204 2147 et
1221 2079 1407 2148 undecimo.
1423 2077 1477 2146 No-

372 2215 388 2252 n
413 2210 486 2255 men
511 2185 699 2276 prebendae
724 2185 880 2255 hodierna
904 2188 1118 2278 usurpatione
1147 2187 1291 2279 primum
1322 2206 1478 2256 occurrere

372 2325 388 2360 n
413 2297 447 2362 iu
463 2293 597 2362 concilio
620 2292 818 2384 Melphitana
834 2294 913 2361 anni
932 2297 1015 2361 1089
1036 2295 1221 2362 observavit
1234 2294 1359 2386 Fleury
1381 2293 1478 2384 (lasti-

373 2432 389 2470 α
414 2405 555 2472 tationes
565 2403 656 2498 juris
671 2403 829 2484 cannarici,
850 2411 872 2470 t.
890 2404 917 2490 l,
935 2425 963 2470 c.
988 2403 1018 2493 2}
1045 2431 1052 2470 :
1072 2404 1313 2494 Praeposituras
1329 2403 1476 2473 uectae.

374 2543 390 2580 n
413 2517 480 2584 siue
493 2515 676 2598 canonicas,
692 2514 886 2606 prebendas
900 2516 1001 2582 etiam
1015 2539 1087 2606 quae
1102 2516 1314 2584 canonicatus
1325 2515 1477 2584 dicuntur.

374 2653 390 2689 n
415 2618 596 2717 Episcopus
618 2624 686 2692 sine
704 2625 883 2692 vocalitate
902 2623 1091 2692 destribaat.
1119 2625 1161 2691 At
1178 2625 1249 2693 baec
1272 2632 1304 2692 et
1319 2624 1478 2692 similises·

374 2735 635 2814 «monumentis
669 2733 832 2802 undecimi
868 2734 992 2819 saeculi,
1032 2734 1168 2802 minime
1204 2734 1347 2826 probant
1378 2730 1480 2801 fundos

377 2839 668 2932 «prebendarum
692 2849 884 2931 perpetuae
907 2841 1033 2931 reliqua
1062 2863 1166 2908 massa
1191 2848 1358 2931 separatos
1386 2847 1417 2906 et
1434 2838 1479 2903 ite·

378 2979 394 3015 a
418 2972 491 3019 rum
509 2950 542 3015 in
559 2970 764 3016 communem
789 2971 927 3016 messam
944 2971 1010 3017 non
1027 2947 1262 3032 restituendos;
1284 2947 1437 3038 quamvis
1450 2964 1481 3009 ex

379 3087 396 3125 a
420 3057 532 3128 saeculi
555 3055 618 3124 llll
645 3057 864 3124 monumentis
884 3057 981 3148 plura
1001 3065 1174 3147 suppetant
1199 3055 1383 3123 testimonia
1409 3075 1482 3144 pra-

379 3172 598 3240 ebendarum
629 3179 785 3261 perpetuo
814 3177 1045 3260 separatarum.
1072 3195 1089 3231 n
1120 3169 1169 3236 lta
1196 3175 1308 3236 auctor
1343 3167 1483 3234 disserta-

374 3279 473 3348 tionis
497 3282 545 3346 De
557 3279 639 3366 jure
661 3279 793 3366 repolire
810 3290 840 3345 ct
854 3277 1047 3368 primarum
1060 3297 1199 3368 precum
1221 3276 1307 3366 (pag.
1333 3297 1400 3360 mv,
1417 3269 1481 3337 edit.

376 3387 504 3472 Romae,
535 3384 646 3472 1753).
678 3384 772 3452 Unde
799 3383 1005 3452 ratiocinium
1032 3385 1198 3452 Boebmeri
1225 3394 1257 3452 et
1279 3385 1431 3478 Episcopi
1452 3383 1483 3450 de

375 3493 551 3562 llontbeim
575 3491 681 3560 simile
704 3499 752 3558 est
776 3490 850 3559 huic
868 3519 875 3558 :
895 3493 978 3559 Ante
996 3505 1161 3582 repertam
1181 3493 1368 3562 Amet-icam
1388 3493 1484 3562 nullus

377 3605 603 3669 Romanorum
631 3598 828 3688 Pontificum
849 3611 1048 3690 potestatem
1074 3600 1179 3668 allam
1206 3601 1351 3668 ecercuit
1375 3603 1410 3670 iu
1433 3623 1484 3690 pe

375 3709 472 3801 pulos
499 3707 675 3776 catholicos
699 3706 854 3774 Ameriae
862 3731 875 3788 ,·
905 3729 980 3798 erqo
1005 3707 1134 3776 navitas
1157 3720 1203 3775 est
1225 3721 1370 3799 potestas
1397 3728 1484 3800 quan

379 3839 464 3884 nrtnc
485 3828 597 3884 sancta
614 3813 714 3882 Sedes
728 3814 763 3880 in
784 3813 857 3882 illos
876 3814 1016 3906 populos
1030 3826 1164 3882 eaercet.
1180 3815 1253 3884 Nou
1272 3816 1383 3908 utique
1399 3836 1485 3884 exer-

378 3925 447 3992 cuit
474 3921 653 4012 antiquitus
682 3929 869 4011 potestatem
903 3943 995 3989 snam
1031 3931 1140 3989 sancta
1169 3920 1269 3990 Sedes
1298 3925 1332 3990 in
1362 3921 1487 4015 populos

381 4029 554 4098 catholicos
580 4027 754 4114 Americae,
775 4029 939 4119 quianon
959 4029 1131 4098 exstabant
1155 4029 1345 4122 hujusmodi
1372 4027 1485 4122 populi.

380 4139 505 4208 Pariter
528 4159 593 4204 non
615 4135 750 4204 contulit
771 4137 951 4228 antiquitus
969 4138 1126 4206 beneficia
1138 4137 1348 4207 ecclesiastica
1367 4139 1399 4205 in
1416 4139 1486 4204 titu-

379 4246 450 4316 lum
457 4251 641 4352 separatum
651 4252 766 4331 erecta,
782 4245 859 4335 quia
871 4267 936 4313 non
943 4247 1113 4314 exstabant
1125 4245 1314 4340 hujusmodi
1328 4245 1482 4316 beneficia.
