3064 4952
538 483 620 530 roms
642 485 795 530 carrorum.
1164 465 1223 528 1-83

154 625 201 694 De
229 623 335 692 allatis
360 629 471 692 antem
500 622 542 691 ad
570 621 772 714 probandam
801 623 921 694 dictam
950 625 1080 716 praxim
1110 647 1228 694 monu-

111 732 244 820 mentis,
261 753 327 802 non
341 731 402 800 abs
415 753 451 798 re
466 731 528 798 erit
543 729 614 800 haec
628 729 782 800 adnotare
800 757 807 798 ι

159 845 191 908 1·
213 839 303 908 Licet
323 847 391 908 tam
413 861 517 930 pauca
536 845 751 908 monumenta
776 837 992 908 ecclesiastica
1010 845 1085 908 ante
1103 861 1229 908 annum

112 955 177 1020 roo
205 949 246 1018 ad
271 973 331 1019 nos
354 949 577 1042 pervenerint,
600 957 710 1018 tamen
733 959 765 1018 et
779 950 815 1016 in
840 949 909 1018 istis
924 950 1132 1040 paucissimis
1146 950 1232 1020 clare

111 1060 261 1128 exhiberi
284 1060 452 1152 potestatis
478 1059 683 1150 legislativae,
706 1059 747 1128 de
771 1083 837 1151 qua
858 1060 1004 1150 agimus,
1022 1060 1229 1130 exercitium.

113 1176 146 1238 2·
170 1170 408 1263 Suhsequentia
441 1178 655 1240 monumenta
690 1192 756 1240 non
794 1175 924 1240 tantum
960 1169 1116 1240 exhibent
1151 1170 1234 1239 illud

112 1278 201 1348 idem
230 1277 441 1364 exercitium,
471 1277 526 1346 sed
556 1283 714 1346 testantur
744 1279 879 1368 insuper
907 1285 939 1345 et
969 1283 1157 1368 supponunt
1188 1279 1235 1346 ita

113 1408 244 1476 semper
264 1385 305 1454 ab
325 1384 419 1453 initio
434 1385 468 1454 in
490 1383 632 1454 Ecclesia
646 1384 746 1456 luuse
765 1391 969 1471 consuetum,
986 1383 1073 1477 quod
1088 1385 1234 1476 aequiva-

113 1494 158 1561 let
187 1493 348 1584 expressis
377 1491 570 1564 testimoniis
602 1491 749 1583 priorum
774 1499 975 1583 temporum,
1001 1514 1076 1584 quae
1103 1500 1235 1584 propter

116 1609 411 1670 monumentorum
438 1599 696 1692 deperditionem
726 1621 793 1670 non
808 1577 931 1668 extaht.
964 1603 995 1668 3⁰
1020 1600 1088 1668 Hac
1112 1600 1179 1670 sola
1195 1600 1235 1668 da

115 1711 267 1802 priorum
302 1710 501 1788 saeculorum
538 1709 761 1778 monumentis
794 1707 1001 1798 indagatione
1037 1709 1237 1778 sufficienter

115 1821 328 1890 confutantur
356 1842 470 1889 omnes
505 1820 589 1888 circa
620 1820 846 1888 Romanorum
878 1818 1075 1888 Pontificum
1101 1819 1236 1910 legisla-

116 1931 223 1998 tivam
251 1937 439 2020 potestatem
470 1949 608 1998 errores.
639 1927 724 1996 Nam
753 1927 861 2018 primo
886 1926 1033 2019 sequitur
1058 1925 1235 1996 absurdam

115 2059 188 2106 esse
212 2036 410 2106 caluminam
436 2059 500 2128 qua
527 2035 669 2104 haeretici
694 2035 889 2126 persuadere
911 2041 1077 2103 tentarunt
1091 2058 1133 2103 cx
1148 2035 1239 2102 falsis

116 2145 335 2214 decretalibus
360 2151 473 2214 octavo
502 2143 621 2212 saeculo
649 2142 841 2212 introductis
869 2151 979 2211 ortum
1007 2141 1158 2210 hahuisse
1182 2165 1238 2210 ca-

116 2254 316 2323 tholicorum
346 2254 467 2342 dogma
492 2252 533 2322 de
560 2261 715 2343 potestate
730 2251 911 2342 legislativa
937 2252 1046 2342 Papa.
1072 2249 1236 2337 Secundo,

53 2428 62 2438 ,
117 2361 188 2430 ruit
209 2361 330 2452 pariter
351 2363 505 2430 insanum
531 2360 683 2452 Episcopi
702 2361 742 2428 de
763 2359 940 2428 Hontheim
968 2365 1123 2449 systema,
1141 2359 1240 2451 Papae

118 2479 248 2538 tantum
272 2478 454 2561 competere
478 2475 668 2559 potestatem
694 2468 782 2558 leges
797 2464 1014 2559 proponendi,
1047 2487 1113 2533 non
1126 2473 1237 2535 autam

117 2578 328 2669 obligatorias
358 2575 559 2668 imponendi.
594 2576 659 2659 Qui
692 2575 779 2644 enim
819 2597 920 2667 supra
949 2574 1103 2665 allegatos
1131 2581 1238 2644 textm

116 2700 240 2764 attente
264 2693 343 2781 legit
368 2691 627 2760 animadvertere
653 2687 772 2781 potuit,
802 2695 835 2756 at
860 2684 1032 2755 Pontifices
1054 2685 1115 2753 suh
1133 2685 1239 2778 pranis

117 2807 240 2870 statuta
261 2799 457 2886 condidisse,
479 2805 510 2866 et
531 2798 592 2865 ista
608 2802 728 2865 statuta
749 2802 881 2886 propter
904 2793 1127 2862 auctoritatem
1144 2793 1237 2861 Sedis

118 2910 282 2978 Romanae
311 2917 347 2976 ut
377 2929 453 2976 vere
479 2904 674 2995 obligatoria
698 2903 809 2972 hahita
835 2901 947 2970 fuisse.
981 2900 1103 2987 Tertio,
1134 2925 1239 2994 neque

118 3028 209 3088 stare
243 3024 347 3108 potest
382 3014 541 3104 gallicana
575 3011 765 3104 hypothesis
795 3010 982 3078 necessarie
1012 3010 1240 3100 acceptationis

121 3140 195 3194 tum
217 3147 237 3192 a
261 3123 423 3208 fidelihus,
440 3131 512 3189 tum
540 3120 639 3189 etiam
657 3119 698 3187 ab
716 3117 885 3209 Episcopis
901 3144 908 3184 :
927 3124 1036 3186 textus
1049 3117 1136 3186 enim
1151 3115 1239 3184 allati

120 3243 160 3306 ut
172 3256 245 3302 reos
259 3241 290 3302 et
315 3228 496 3324 puniendos
511 3228 666 3298 exhibant
681 3226 780 3294 etiam
794 3225 970 3317 Episcopos
984 3226 1040 3316 qui
1061 3233 1237 3317 acceptare,

121 3345 157 3413 id
171 3350 220 3412 est
233 3343 416 3423 observare,
434 3339 603 3409 Pontificio
618 3337 745 3406 decreta
757 3345 912 3406 renuunt.

555 3672 744 3730 anttcuttts
764 3673 811 3727 111.

483 3877 666 3920 ARGUMENTUM
694 3877 727 3916 EX
751 3875 888 3916 conamus.

172 4088 357 4159 Concilium
383 4082 799 4175 Constantinopolitanum,
831 4083 980 4173 generale
1009 4092 1172 4156 octavum.
1201 4129 1245 4142 -

131 4198 301 4288 Allegntur
322 4195 382 4264 hoc
407 4193 504 4262 modo
524 4191 616 4260 aPio
629 4189 676 4262 Vt
697 4189 731 4258 in
752 4211 811 4262 suo
826 4189 918 4260 brevi
935 4194 1043 4284 Super
1059 4193 1244 4268 soliditate:
