3042 4946
305 447 366 518 til
516 466 690 518 mtcrnrus
712 471 750 516 nn
774 469 926 516 rnrncnns
948 467 1031 516 tnnrs
1053 468 1201 517 muouru.

302 616 394 682 mine
417 614 621 682 tractationes
647 611 781 681 omnino
808 613 1135 706 praetergrediuntnr.
1163 613 1200 678 ln
1227 611 1419 703 compendio

301 729 421 790 asserta
449 743 512 790 non
537 721 652 790 solidis
674 721 806 788 firmata
824 720 1042 803 documentis,
1065 721 1265 811 excepissent
1279 722 1339 814 qui
1351 723 1420 813 jum

301 832 413 899 cedem
457 837 577 916 tonent,
613 829 799 918 rejecissent
831 827 888 897 ulii
919 855 927 895 ε
957 850 1059 919 portu
1086 827 1250 918 prioribus
1284 831 1420 915 utilitas,

1495 239 1502 448 t

1498 469 1502 536 t

302 939 393 1007 nullu
427 939 469 1006 nb
505 938 580 1007 eliis
614 939 743 1006 obtento
776 937 923 1006 mutatio.
956 939 1038 1020 Qum
1076 937 1163 1005 enim
1203 938 1265 1004 mei
1303 940 1423 1006 tantuli
1500 1001 1502 1028 ,

302 1049 469 1139 scriptoris
504 1047 696 1130 auctoritas,
725 1055 761 1114 nt
801 1045 895 1114 aliter
934 1068 1033 1136 quum
1071 1045 1140 1138 ipse
1178 1047 1420 1138 propositurum

300 1156 465 1242 redonum
498 1155 532 1222 vi
562 1153 784 1224 dissentientes
819 1154 907 1221 viros
935 1151 1128 1245 persuadere
1157 1175 1208 1221 me
1235 1175 1330 1246 posse
1360 1177 1423 1222 sn-

304 1268 454 1332 tumemt

345 1372 456 1440 Timui
486 1394 565 1460 ergo
592 1370 823 1462 compendium
854 1369 889 1436 in
919 1368 1045 1438 medios
1074 1369 1331 1460 disputationum
1359 1371 1425 1439 ho-

302 1480 491 1548 diernorum
512 1487 612 1546 sistus
638 1480 749 1546 statim
768 1478 956 1562 immittere,
980 1485 1154 1570 antequem
1172 1477 1283 1568 alique
1304 1479 1422 1546 saltem

302 1587 554 1654 Institutionum
581 1609 727 1654 mearum
753 1585 840 1655 edito
864 1586 1001 1653 luissent
1024 1583 1205 1670 volumina,
1233 1607 1308 1676 quae
1341 1587 1420 1678 ipsi,

302 1694 526 1763 evolutionum
546 1701 579 1762 et
598 1694 918 1783 argumentationum
945 1691 1050 1783 copie,
1074 1692 1266 1783 praesidinm
1293 1694 1423 1762 submi-

303 1804 489 1888 nistrarent,
505 1801 660 1892 viamque
674 1800 715 1870 sd
728 1800 902 1870 seminaria
917 1809 1108 1869 sternerent.
1123 1800 1225 1869 Mults
1240 1800 1329 1869 enim
1347 1827 1421 1894 quae

302 1912 335 1978 in
366 1909 558 2000 compendio
586 1909 708 1978 cursim
733 1907 871 1995 tradite,
901 1916 933 1976 et
967 1907 1197 1999 probationum
1225 1909 1421 1977 indicatione

302 2019 411 2110 potius
432 2041 531 2110 quum
557 2019 741 2088 evolutione
763 2017 905 2104 firmam,
925 2017 1008 2085 torte
1026 2016 1279 2108 displicuissent,
1294 2019 1412 2108 perlec-

302 2128 344 2194 tis
359 2127 451 2216 prius
464 2127 588 2217 aliquot
610 2126 867 2208 institutionum,
885 2148 943 2193 seu
960 2125 1072 2213 magni
1094 2125 1160 2192 mei
1178 2127 1287 2213 operis
1308 2127 1420 2210 tomis,

302 2237 476 2325 benignius
500 2236 714 2326 excipientur.
739 2235 792 2303 Ad
817 2237 927 2303 crisim
954 2235 1076 2302 intereo
1099 2234 1267 2302 vocabitur
1288 2259 1367 2325 quae
1387 2237 1420 2302 in

303 2341 363 2410 hoc
387 2343 551 2434 prmcipue
573 2341 612 2410 de
639 2341 814 2433 Principiis
831 2342 921 2433 juris
944 2342 1091 2410 catwnici
1115 2349 1253 2409 tractatu
1277 2343 1421 2411 tunditur

301 2452 466 2536 doctrine;
492 2450 578 2518 unde
602 2474 645 2519 ex
667 2451 809 2520 subortis
830 2448 1172 2518 animadversionibus
1188 2449 1240 2516 vel
1253 2451 1421 2538 approba-

301 2560 456 2644 tionibus,
488 2559 596 2627 licebit
623 2558 874 2626 scrninariorum
903 2579 1001 2649 quem
1028 2579 1182 2647 putemus
1209 2555 1333 2624 librum
1366 2581 1425 2626 ac-

302 2670 446 2736 curatius
459 2677 490 2736 et
505 2669 698 2756 prudentius
712 2669 918 2736 concinnare..

346 2777 465 2844 Omnis
492 2784 601 2843 nutem
629 2776 664 2842 in
694 2775 846 2866 praesenti
872 2783 1007 2842 tractatu
1035 2775 1210 2866 disputate,
1240 2784 1364 2842 asserta
1393 2785 1426 2843 et

300 2882 605 2972 quomodocumque
632 2883 762 2973 scripta,
792 2880 885 2949 Sedis
911 2882 1107 2972 Apostolicm
1133 2883 1256 2973 judicic
1280 2904 1318 2949 sc
1345 2907 1426 2951 eor-

301 2988 450 3072 rectioni,
478 2997 638 3079 prompta,
668 2997 703 3055 nt
723 3011 783 3080 par
806 2995 866 3071 est,
883 2988 1047 3057 voluntate
1061 3013 1098 3056 ac
1112 2990 1291 3058 omninode
1307 2989 1427 3058 humi-

301 3093 389 3162 litate
404 3093 552 3184 subjicio.

459 3613 537 3660 1²1le
559 3615 733 3661 tutemus
756 3615 795 3659 ult
817 3612 971 3660 eumeleus
994 3611 1078 3660 tutus
1100 3615 1252 3661 ctuoutct.
