3050 4946
520 459 603 506 rums
625 459 776 506 crucum.
1142 447 1204 510 439
1320 448 1323 463 ’

86 623 106 664 o
132 600 222 692 apud
238 599 420 670 Gallicanos
441 599 598 688 viguisse.
624 627 641 666 o
660 600 842 694 (Balleriui,
856 603 927 673 loco
942 603 1051 694 citato,
1068 613 1151 697 part.
1171 611 1203 694 9,

81 733 115 776 ⁰·
138 713 172 796 ¹2
187 710 209 801 ἓ
223 711 272 800 2.)

137 819 380 889 «Viscorum
408 821 536 912 lnempe
564 821 831 892 constitutionum
861 823 1117 915 pontificiarum)
1141 848 1208 895 nou

82 950 105 994 c
133 949 176 996 ex
199 925 251 994 his
276 927 411 1018 privatis
436 927 690 1016 collectionibus,
714 930 770 998 sed
792 951 833 998 ex
853 929 1022 999 Pontificio
1037 940 1204 1022 potestate,

86 1062 108 1101 c
132 1043 231 1127 atque
248 1059 290 1106 ex
304 1036 375 1127 ipso
387 1035 590 1126 autographo
609 1035 644 1106 iu
665 1037 810 1107 Archivo
835 1047 963 1107 servato
986 1040 1203 1130 repetebatur.

86 1171 108 1208 ιι
133 1143 229 1213 Certe
241 1143 376 1214 Siricius
394 1146 500 1236 (epist.
517 1143 559 1212 ad
575 1145 773 1233 Himerium,
790 1183 835 1196 -
849 1145 1019 1232 Constant,
1035 1147 1096 1216 col.
1115 1149 1206 1239 637),

86 1278 108 1316 a
132 1259 306 1343 postquam
330 1253 517 1322 Himerium
538 1253 685 1322 hortatus
705 1260 753 1322 est
775 1252 1008 1322 adseruandos
1024 1271 1209 1325 reponeret

86 1389 108 1427 c
134 1360 274 1430 tenendo
296 1362 473 1432 decretalia
492 1364 680 1442 contituta,
703 1361 888 1450 generalem
907 1361 999 1430 illam
1014 1365 1205 1433 sententiam

85 1497 107 1535 α
133 1469 332 1559 pronuntiat,
350 1470 438 1561 quod
452 1481 579 1539 statuto
592 1468 687 1539 Sedes
701 1470 903 1561 Apostolirer,
916 1471 968 1539 vel
976 1493 1141 1540 canonum
1152 1497 1205 1542 oe·

86 1607 108 1644 c
132 1577 294 1647 nerabdia
318 1577 454 1669 defindu
480 1579 566 1648 nulli
594 1577 800 1656 sacerdotum
826 1578 962 1646 Domini
987 1579 1141 1669 ignorare
1163 1581 1207 1648 sit

87 1713 109 1753 a
133 1688 284 1756 liberum.
305 1687 412 1756 Etiam
434 1687 500 1756 Leo
522 1687 712 1776 Magnus
735 1695 893 1756 memorat
906 1686 1078 1756 decretalia
1089 1691 1208 1756 comti-

88 1823 108 1863 c
133 1808 208 1864 tuto
240 1795 441 1864 decessorum
473 1817 621 1863 suorum.
657 1795 701 1864 Et
734 1794 1022 1885 comprovinciales
1057 1796 1207 1888 Episcopi

88 1931 108 1972 ι
132 1905 321 1996 Metropolis
335 1903 534 1972 Arelatensis
555 1902 672 1994 (Opera
687 1901 723 1971 S.
745 1903 876 1988 Leonis,
899 1910 921 1969 t.
940 1903 1003 1994 l,p
1033 1907 1110 1990 995,
1126 1904 1204 1973 edit.

86 2039 107 2077 a
131 2012 248 2081 Venet.
269 2010 365 2100 1753)
385 2033 450 2079 non
465 2033 507 2078 ex
522 2010 633 2101 aliquo
646 2031 809 2078 canonum
821 2008 943 2092 codice,
958 2008 1015 2078 sed
1027 2033 1068 2078 ex
1082 2011 1208 2080 sermio
1263 2043 1264 2048 ¹

86 2145 105 2186 α
131 2121 224 2189 Sedis
235 2120 442 2210 Apostolicae,
459 2119 663 2188 decretorum
679 2119 800 2188 Zozimi
812 2117 979 2187 Pontificis
993 2120 1063 2186 vim
1076 2141 1206 2188 omnem

87 2257 107 2296 a
131 2229 406 2298 etauctoritatem
429 2235 590 2318 repetunt.
615 2254 632 2292 r
654 2227 792 2316 (Devoti,
810 2227 896 2294 llist.
914 2247 985 2294 can.
1003 2227 1103 2316 prol,
1121 2250 1151 2296 c.
1175 2232 1206 2314 5,

84 2341 108 2429 ἓ
128 2339 194 2426 58.)
213 2336 297 2406 Vide
319 2337 455 2426 insuper
469 2334 655 2406 testimonia
669 2357 743 2424 quae
759 2355 859 2424 supra
877 2333 1058 2418 attulimus,
1082 2332 1210 2422 egendo

83 2447 128 2514 de
153 2443 412 2536 promulgatione
434 2442 638 2512 decretorum
665 2441 805 2511 Romani
824 2439 991 2510 Pontificis
1013 2441 1049 2508 in
1072 2441 1208 2532 provin-

81 2554 147 2621 ciis
161 2575 227 2622 non
243 2550 422 2619 necessaria
440 2551 542 2641 (parte
561 2555 595 2635 2,
612 2557 690 2618 sect.
707 2553 741 2637 2,
757 2571 829 2640 cep.
849 2551 892 2637 6).

130 2663 219 2750 Ergo
246 2683 304 2729 nec
331 2683 448 2729 verum
472 2671 519 2728 est
543 2659 736 2751 Dionysium
759 2659 927 2748 Exiguum
947 2659 1091 2750 primum
1106 2659 1207 2728 fuisse

83 2771 146 2862 qui
174 2771 302 2838 decreto
325 2769 549 2838 Romanorum
578 2767 776 2834 Pontificum
806 2766 995 2854 collegerit,
1026 2776 1057 2834 et
1081 2766 1208 2834 etiamsi

83 2881 149 2948 hoo
173 2901 288 2947 verum
315 2884 409 2963 esset,
434 2899 499 2944 non
515 2876 664 2967 sequitur
680 2875 751 2944 haec
762 2875 893 2944 decreta
906 2875 999 2965 prius
1014 2897 1080 2944 non
1095 2874 1208 2942 habita

82 2987 189 3056 fuisse
215 2995 371 3077 tanquam
387 2985 476 3072 leges
501 2983 744 3068 ecclesiasticas,
773 2981 843 3050 vim
862 2981 1136 3050 etauctoritatem
1155 3004 1208 3050 ca-

82 3115 211 3162 nonum
228 3091 394 3162 habentes.

533 3387 677 3458 CAPUT
700 3389 758 3458 Vl.

108 3621 147 3665 or
185 3619 392 3665 arnvnnoas
429 3617 483 3664 sru
515 3617 654 3664 moseum
690 3617 835 3664 cruorum
875 3617 1026 3662 rasurum
1049 3583 1184 3663 ¹oracoru

377 3733 645 3800 canceraremur,
664 3733 783 3781 sucuro
806 3733 916 3780 saxro.

130 3955 254 4026 Eodem
282 3954 349 4023 lere
380 3963 524 4044 tempore
552 3976 618 4045 quo
646 3951 824 4043 Dionysius
851 3951 1002 4041 Exiguus
1020 3953 1147 4038 Romae,
1174 3955 1209 4022 iu

86 4067 200 4136 Africa
223 4064 415 4154 Fulgentius
435 4063 636 4148 Ferraudus,
653 4060 919 4150 Carthaginensis
934 4061 1086 4128 Ecclesiae
1100 4059 1224 4130 dieco·'

86 4199 163 4264 naas,
186 4197 280 4245 suam
300 4173 513 4243 concinnabat
533 4194 696 4244 cononum
721 4171 973 4241 Breviationem.
999 4169 1038 4238 ln
1056 4167 1210 4240 chronico
