3050 4946
510 505 593 550 sums
615 505 767 549 asnorum.
1133 488 1193 552 437

79 643 458 735 to⁰epist01aAnsstssii
480 644 509 711 ll
529 642 569 712 ad
592 642 804 712 Anastasium
826 644 1015 734 Augustum
1040 645 1074 713 in
1097 649 1113 712 8
1131 669 1194 714 nu-

77 773 198 820 meros.

120 863 255 931 Gaeteris
284 863 523 955 antiquioribus
558 847 802 933 collectionibus
838 865 982 933 multum
1019 867 1195 957 preastabet

74 970 226 1061 Dionysii
247 970 404 1058 collectio,
422 981 494 1040 tum
515 971 719 1040 distinctione
742 992 905 1040 canonum
920 993 940 1038 a
954 972 1090 1041 decretis
1105 974 1195 1043 Pon·
1248 985 1250 994 ’

76 1079 207 1145 tilicum
222 1077 462 1166 Romanorum,
481 1089 553 1148 tum
572 1081 802 1171 perspicuitate
816 1081 985 1167 versionis,
1003 1090 1076 1148 tum
1093 1079 1196 1151 docu-
1270 1102 1272 1112 ’

76 1195 268 1254 mentorum
287 1185 416 1272 ordine,
436 1195 468 1255 et
488 1187 667 1278 aptioribus
688 1186 790 1256 titulis
808 1187 976 1280 appositis,
995 1195 1066 1255 tum
1090 1189 1195 1256 siuce-

74 1293 170 1361 ritate
209 1302 518 1373 monumentorum;
548 1293 629 1361 nibil
670 1294 758 1362 enim
800 1293 1027 1386 apocryphum
1060 1295 1192 1386 recepit,

74 1408 198 1491 praeter
217 1401 449 1490 Apostolorum
473 1423 623 1487 canones,
644 1425 726 1494 quos
751 1409 861 1469 tamen
885 1401 1039 1494 peculiari
1059 1401 1195 1471 adnota-

76 1511 163 1577 tione
182 1532 201 1576 a
220 1518 307 1579 certo
331 1511 487 1600 genuinis
513 1510 764 1602 distinguendos
789 1512 1000 1603 praemonuit.
1023 1511 1091 1580 lllae
1115 1535 1194 1580 vero

75 1617 167 1686 dotes
185 1645 202 1685 c
218 1619 298 1688 adeo
317 1622 579 1712 perstrinxerunt
598 1631 630 1691 et
648 1631 828 1712 rapuerunt
847 1621 956 1690 oculos
975 1621 1139 1707 omnium,
1158 1630 1195 1689 ut

78 1752 95 1790 a
119 1727 229 1794 statim
244 1751 264 1794 a
279 1730 403 1796 cunctis
420 1729 542 1820 passim
557 1729 687 1821 exquiri
701 1731 773 1821 ejus
792 1729 1007 1820 exemplaria,
1023 1752 1060 1797 ac
1074 1730 1144 1821 ipsa
1161 1731 1194 1796 iu

79 1833 208 1901 «Urbe
238 1859 315 1904 mox
341 1837 377 1902 in
401 1858 499 1904 usum
531 1835 642 1905 induci
669 1836 864 1926 coeperint...
899 1835 983 1903 Hinc
1012 1859 1194 1928 paucorum

79 1963 284 2009 sannorum
311 1943 415 2034 spatio
436 1944 480 2010 ita
500 1943 621 2034 passim
646 1941 875 2029 adhibebatur,
895 1953 931 2012 ut
956 1943 1018 2012 sub
1046 1943 1192 2012 medium

78 2077 95 2114 a
120 2048 233 2118 saeculi
252 2051 335 2118 sexti
351 2051 564 2120 Cassiodorus
584 2053 759 2144 scripserit,
777 2075 857 2144 quos
873 2053 1001 2144 (nempe
1023 2053 1195 2119 translatos

78 2185 95 2221 a
118 2158 451 2249 canones)dodie1ou
467 2159 671 2227 celeberrimo
685 2160 831 2228 Ecclesia
845 2164 994 2228 Romanu
1009 2159 1194 2248 complecti-

79 2293 95 2330 «
120 2281 185 2335 tur.
206 2267 252 2334 De
265 2267 334 2335 solo
349 2289 411 2335 usu
425 2268 582 2360 loquitur,
597 2269 655 2360 qui
670 2269 700 2336 ei
716 2267 896 2336 collectioni
910 2266 1037 2335 nullam
1051 2266 1192 2334 auctori-

78 2405 93 2442 «
119 2387 218 2446 tatem
246 2379 410 2470 publicam
436 2377 627 2462 vindicavit,
653 2397 809 2444 neceam
841 2371 1009 2464 publicum
1031 2371 1192 2441 Romana

77 2513 93 2548 a
118 2486 270 2554 Ecclesiae
290 2485 434 2554 codicem
457 2483 642 2553 reddidit.»
665 2481 805 2572 (Fratres
830 2479 1001 2566 Ballerini,
1020 2479 1068 2548 De
1086 2479 1189 2569 antiq.

73 2591 197 2661 collect.
213 2615 389 2678 canonum,
408 2615 482 2684 pars
504 2597 535 2676 3,
551 2615 580 2659 c.
600 2595 630 2677 1,
648 2588 730 2680 §2.)

119 2701 239 2768 Utrum
263 2709 373 2769 autem
400 2723 454 2768 eas
475 2723 557 2791 quas
579 2699 709 2788 collegit
740 2697 936 2765 Pontificum
963 2695 1190 2765 Romanorum

73 2807 224 2898 epistolas
244 2831 285 2876 ex
306 2809 489 2899 apostolicis
512 2807 638 2877 scriniis
662 2807 841 2897 Dionysius
867 2805 1028 2892 eduxerit,
1046 2804 1191 2873 affirma·

74 2925 152 2984 runt
181 2915 298 3007 aliqui,
328 2916 384 2984 sed
411 2917 532 2985 falsum
559 2916 749 2986 existimant
777 2924 809 2982 et
837 2913 1012 2982 ostendunt
1036 2913 1190 2982 Ballerini

75 3025 190 3092 fratres
205 3023 287 3112 (loco
302 3025 424 3116 citato).

587 3307 609 3396 g
630 3307 670 3374 u.

73 3498 139 3546 Num
156 3495 296 3560 Dionysius
317 3494 415 3557 primus
441 3494 576 3558 collegerit
596 3493 703 3542 decreta
724 3492 865 3556 pontificia,
886 3494 965 3542 etan
986 3490 1046 3541 inde
1071 3493 1193 3542 concludi

105 3585 188 3649 possit
201 3585 264 3636 olim
281 3597 395 3635 canones
413 3583 583 3635 conciliorum
602 3587 711 3644 tantum,
724 3595 776 3634 uon
789 3595 852 3632 vero
872 3580 1018 3633 decretales
1038 3581 1192 3646 pontificias,

106 3676 284 3727 auctoritatem
300 3674 429 3726 habuisse.

117 3890 168 3956 Ex
184 3887 323 3980 eoquod
348 3888 477 3978 primus
493 3887 644 3956 omnium
666 3887 842 3978 Dionysius
861 3887 1036 3978 separatim
1055 3911 1194 3957 canones

74 3997 287 4066 conciliorum
315 4005 347 4064 et
373 3998 501 4066 decreta
534 3997 734 4064 Pontificum
771 3995 953 4084 collegerit,
983 3997 1028 4064 sic
1056 4019 1194 4086 arguere

76 4112 242 4173 tentarunt
257 4104 331 4172 Van
350 4103 471 4196 Espen,
488 4113 520 4171 et
540 4104 596 4171 alii
619 4102 769 4195 quidam,
785 4127 867 4194 quos
884 4113 1039 4195 perpetuo
1054 4117 1196 4175 exraecat

77 4222 338 4306 praeconceptum
355 4215 389 4283 in
404 4223 523 4286 sancte
546 4213 641 4285 Sedis
661 4213 886 4285 auctoritatem
911 4214 1025 4286 odium
1043 4243 1050 4284 :
1070 4217 1198 4311 Diony-
