3072 4948
307 457 367 522 408
660 478 836 524 merosus
858 479 897 524 nn
920 479 1074 528 emicrrus

303 616 368 686 lem
391 616 658 686 consuetudinem
677 640 737 709 pro
760 619 851 688 nulia
873 619 997 687 hebens
1015 619 1060 688 ita
1087 618 1232 688 decidit:
1258 619 1310 686 Ad
1329 617 1423 709 quin-

306 739 378 794 tum
393 726 602 816 offimcutcoe,
619 740 649 794 et
665 727 846 819 Episcopus
858 727 1016 818 procedat
1029 727 1077 796 ud
1084 731 1231 817 formem
1247 729 1335 794 socri
1347 751 1425 794 cos-

304 835 373 902 cilii
397 833 585 914 Tn'dcntini,
608 857 681 902 sess.
701 839 757 920 22,
773 859 846 926 cop.
866 839 884 901 3
901 835 941 902 de
961 839 1030 924 Res.
1057 835 1170 904 Reiuta
1193 835 1334 903 hebetur
1356 835 1425 902 hoe

305 965 401 1010 carun
423 965 499 1012 cum
519 931 682 1010 decisione
705 943 739 1008 in
769 943 989 1033 publicatione
1020 942 1182 1033 periodica
1209 965 1284 1034 quet
1310 943 1424 1011 Romae

305 1051 506 1142 imprimitur
519 1049 582 1118 snb
595 1050 689 1118 titulo
707 1051 991 1142 Correspondance
1001 1051 1161 1132 romaico,
1181 1052 1359 1120 numerist
1374 1075 1427 1120 oc-

305 1159 406 1228 tobris
423 1160 508 1226 1850
523 1165 555 1226 et
570 1161 588 1224 i
604 1157 787 1226 decembris
809 1162 905 1227 1850.
1527 1201 1528 1222 ι

348 1265 406 1335 iv.
429 1264 518 1346 Ouid
533 1263 685 1333 viduato
703 1265 880 1334 tenendum
895 1279 927 1334 et
943 1267 1212 1336 comendandum.
1231 1305 1276 1318 —
1294 1272 1325 1334 i'
1339 1269 1429 1336 Tan-
1527 1261 1528 1268 ἵ

304 1403 403 1472 quem
439 1387 563 1478 certum
598 1379 699 1446 asseri
735 1401 829 1469 posse
864 1376 1009 1462 videtur,
1044 1379 1157 1446 suiten]
1188 1379 1298 1472 qucum
1332 1379 1431 1470 plura

305 1487 499 1556 Tridentino
522 1487 661 1574 decreta,
684 1485 864 1555 contraries
887 1485 1137 1554 consuetudines
1151 1509 1211 1577 pro
1231 1487 1334 1556 nullis
1347 1510 1432 1556 con-

305 1605 426 1664 stanter
451 1595 566 1664 heberi
587 1618 607 1662 a
629 1593 774 1662 romanis
797 1593 1114 1684 Congregntionibus
1141 1603 1174 1661 et
1196 1593 1427 1663 tribunalibus.

307 1707 341 1770 2·
354 1703 474 1770 Utrum
497 1700 568 1769 haec
594 1704 706 1792 praxis
732 1701 947 1770 tribunalium
973 1709 1093 1770 sancire
1113 1699 1207 1769 Sedis
1220 1710 1374 1770 comtum
1389 1703 1433 1770 sit

304 1810 413 1902 quood
441 1810 554 1878 omnio
581 1808 773 1878 Tridentino
800 1809 941 1896 decreta,
970 1810 1065 1879 nobis
1092 1811 1241 1879 nondum
1258 1817 1309 1878 est
1332 1809 1432 1902 plane

305 1925 522 2010 perspectum.
548 1907 633 1986 Citat
659 1918 792 2008 quidem
815 1939 913 2008 supro
934 1917 1085 1986 laudatus
1111 1917 1149 1986 P.
1174 1917 1242 1987 soti
1274 1917 1431 2010 quedem

306 2023 456 2116 exemplo
488 2024 761 2094 consuetudinum
798 2046 873 2116 quae
910 2025 945 2092 in
981 2025 1157 2093 Germania
1196 2033 1308 2094 contm
1339 2027 1433 2116 leges

305 2134 511 2204 Tridentinus
528 2134 717 2219 involuere;
735 2133 791 2203 sed
807 2135 958 2225 exempin
972 2135 1028 2202 iiie
1042 2134 1124 2204 nihii
1143 2137 1282 2226 probunt
1299 2163 1306 2202 :
1324 2145 1433 2227 potest

306 2243 467 2336 siquidem
490 2265 640 2312 summus
656 2242 808 2312 Pontifex
824 2265 866 2311 ex
883 2243 1010 2312 silentio
1030 2244 1228 2312 mconomico
1243 2265 1310 2312 non
1325 2245 1433 2312 recia-

305 2372 396 2420 mare
420 2359 533 2420 contra
557 2349 808 2419 consuetudines
830 2373 906 2441 quae
929 2351 1049 2420 alicubi
1067 2351 1332 2437 introducuntur,
1353 2351 1435 2420 licet

305 2461 384 2552 ipsis
411 2461 544 2528 minime
569 2461 761 2530 consentiat.
784 2460 967 2529 Probarent
989 2462 1051 2528 iste
1072 2461 1223 2554 exempla
1242 2463 1272 2529 si
1293 2462 1434 2550 allegari

306 2569 404 2638 simui
430 2577 536 2659 posset
567 2568 677 2660 alique
705 2568 828 2641 decisio
865 2569 1165 2658 Congrcgationum
1200 2591 1431 2656 romanorum,
1530 2631 1531 2640 2

307 2675 498 2767 hujusmodi
521 2675 812 2746 consuetudinibus
836 2677 960 2745 iuvene.
989 2677 1099 2746 Talem
1127 2698 1204 2746 vero
1233 2677 1435 2748 decisionem

307 2807 366 2854 nec
379 2783 497 2873 alleget
509 2782 547 2852 P.
572 2783 653 2869 soit,
676 2805 735 2852 nec
750 2805 810 2852 nos
821 2783 928 2853 adhuc
942 2783 1085 2876 reperire
1098 2785 1274 2876 potuimus.
1295 2789 1328 2852 3⁰
1339 2784 1434 2854 Con-

307 2889 494 2960 suetudines
508 2888 707 2958 Tridentinis
721 2891 850 2980 legibus
870 2892 1026 2981 opposito
1041 2915 1116 2982 quae
1132 2915 1198 2962 non
1212 2892 1434 2964 admittuntur

308 3025 327 3068 a
345 2999 489 3068 romanis
504 2997 819 3088 Congregationibus
839 3008 870 3066 et
893 2999 1123 3086 tribunalibus,
1141 3001 1202 3068 hoo
1225 3001 1297 3090 ipso
1317 3014 1433 3070 curent

307 3133 468 3182 consensu
496 3110 591 3178 tacito
618 3110 740 3180 summi
768 3110 947 3198 Pontificis,
978 3134 1015 3179 ao
1045 3112 1181 3202 proinde
1208 3111 1308 3180 nnliae
1337 3123 1429 3181 sunt.

307 3227 340 3288 4⁰
356 3221 444 3309 Ergo
459 3219 521 3288 hoc
533 3219 605 3308 ipso
620 3220 709 3308 quod
721 3219 830 3311 alique
845 3219 1045 3290 consuetudo
1059 3219 1222 3288 contrariu
1234 3221 1276 3288 sit
1291 3221 1434 3290 decretis

309 3329 520 3414 Tridentinis,
534 3325 648 3397 saltem
671 3326 809 3397 dubium
832 3339 891 3413 est,
912 3330 1016 3419 posito
1034 3337 1162 3398 tantum
1184 3331 1434 3400 consuetudinis

307 3439 404 3523 iacto,
421 3459 464 3504 cn
478 3435 594 3504 habeut
608 3457 802 3504 consensum
818 3437 952 3505 tacitum
966 3437 1087 3505 summi
1108 3437 1292 3524 Pontificis,
1310 3439 1346 3506 in
1362 3463 1433 3530 quo

308 3546 410 3616 dubio
430 3541 573 3636 possidet
585 3542 640 3611 lex
654 3542 845 3610 Tridentino
860 3552 972 3612 contra
985 3545 1264 3614 consuetudinem.
1287 3549 1319 3612 5⁰
1340 3547 1432 3637 Ergo

307 3657 342 3724 in
369 3653 464 3744 proxi
491 3650 620 3719 nullum
655 3650 729 3719 licet
760 3651 882 3720 violare
918 3651 1150 3722 Tridentinum
1186 3653 1353 3724 decretum
1387 3679 1430 3724 er

307 3760 375 3830 solo
408 3758 453 3849 (¹)
481 3757 577 3827 titulo
605 3758 779 3826 conusriae
808 3759 1075 3847 consuetudinis;
1108 3761 1165 3830 sed
1194 3761 1434 3832 recurrendum

308 3875 356 3937 est
382 3865 423 3935 ed
452 3872 596 3934 sanctum
631 3865 751 3936 Sedem
781 3875 818 3936 ut
844 3875 967 3937 constet
998 3891 1159 3938 consensu
1189 3871 1312 3939 summi
1340 3870 1435 3940 Pon-

308 3975 419 4044 titicis.

341 4147 371 4208 (t)
386 4143 500 4194 Dicimus
510 4156 543 4192 ec
555 4141 609 4192 soto
623 4142 696 4192 titulo
715 4144 920 4205 conuictumue,
941 4145 1001 4209 quio
1019 4146 1173 4210 approbatio
1189 4147 1299 4211 niicnjns
1315 4162 1434 4202 consue·

309 4225 405 4277 tudinis
418 4237 433 4275 s
446 4225 535 4275 sancto
545 4221 622 4286 Sede,
636 4235 670 4274 ex
683 4223 789 4276 indultis
800 4227 826 4276 et
836 4225 922 4278 multis
934 4225 990 4278 otiis
1005 4225 1090 4279 modis
1103 4231 1222 4280 constare
1241 4232 1336 4295 potest.
