<?xml version="1.0" encoding="UTF-8"?>
<!DOCTYPE html PUBLIC "-//W3C//DTD XHTML 1.0 Transitional//EN"
    "http://www.w3.org/TR/xhtml1/DTD/xhtml1-transitional.dtd">
<html xmlns="http://www.w3.org/1999/xhtml" xml:lang="en" lang="en">
 <head>
  <title>
</title>
<meta http-equiv="Content-Type" content="text/html;charset=utf-8" />
  <meta name='ocr-system' content='tesseract 3.04.00' />
  <meta name='ocr-capabilities' content='ocr_page ocr_carea ocr_par ocr_line ocrx_word'/>
</head>
<body>
  <div class='ocr_page' id='page_1' title='image "./tractatusdeprin00bouigoog_0335.png"; bbox 0 0 3068 4948; ppageno 0'>
   <div class='ocr_carea' id='block_1_1' title="bbox 311 477 1072 540">
    <p class='ocr_par' dir='ltr' id='par_1_1' title="bbox 311 477 1072 540">
     <span class='ocr_line' id='line_1_1' title="bbox 311 477 1072 540; baseline -0.008 0"><span class='ocrx_word' id='word_1_1' title='bbox 311 477 372 540; x_wconf 78' lang='grc'>320</span> <span class='ocrx_word' id='word_1_2' title='bbox 661 491 836 538; x_wconf 77' lang='lat' dir='ltr'>rnacrnrus</span> <span class='ocrx_word' id='word_1_3' title='bbox 858 493 895 536; x_wconf 78' lang='lat' dir='ltr'>ns</span> <span class='ocrx_word' id='word_1_4' title='bbox 918 491 1072 537; x_wconf 81' lang='lat' dir='ltr'>rnrncuus</span> 
     </span>
    </p>
   </div>
   <div class='ocr_carea' id='block_1_2' title="bbox 312 625 1420 829">
    <p class='ocr_par' dir='ltr' id='par_1_2' title="bbox 312 625 1420 829">
     <span class='ocr_line' id='line_1_2' title="bbox 315 625 1420 718; baseline -0.005 -20"><span class='ocrx_word' id='word_1_5' title='bbox 315 663 332 698; x_wconf 74' lang='lat' dir='ltr'>a</span> <span class='ocrx_word' id='word_1_6' title='bbox 356 633 383 700; x_wconf 89' lang='lat' dir='ltr'>si</span> <span class='ocrx_word' id='word_1_7' title='bbox 399 631 484 718; x_wconf 89' lang='lat' dir='ltr'>aliis,</span> <span class='ocrx_word' id='word_1_8' title='bbox 502 630 535 698; x_wconf 94' lang='lat' dir='ltr'>id</span> <span class='ocrx_word' id='word_1_9' title='bbox 551 653 591 699; x_wconf 87' lang='lat' dir='ltr'>ex</span> <span class='ocrx_word' id='word_1_10' title='bbox 608 631 814 700; x_wconf 80' lang='lat' dir='ltr'>suasionibus</span> <span class='ocrx_word' id='word_1_11' title='bbox 828 638 860 698; x_wconf 87' lang='lat' dir='ltr'>ct</span> <span class='ocrx_word' id='word_1_12' title='bbox 874 629 1040 698; x_wconf 84' lang='lat' dir='ltr'>favoribus</span> <span class='ocrx_word' id='word_1_13' title='bbox 1053 628 1225 696; x_wconf 85' lang='lat' dir='ltr'>laicorum.</span> <span class='ocrx_word' id='word_1_14' title='bbox 1252 652 1269 690; x_wconf 76' lang='lat' dir='ltr'>n</span> <span class='ocrx_word' id='word_1_15' title='bbox 1289 625 1335 715; x_wconf 80' lang='lat' dir='ltr'>(ln</span> <span class='ocrx_word' id='word_1_16' title='bbox 1351 625 1420 694; x_wconf 83' lang='lat' dir='ltr'>llu-</span> 
     </span>
     <span class='ocr_line' id='line_1_3' title="bbox 312 737 982 829; baseline -0.004 -21"><span class='ocrx_word' id='word_1_17' title='bbox 312 741 433 808; x_wconf 89' lang='lat' dir='ltr'>bricam</span> <span class='ocrx_word' id='word_1_18' title='bbox 447 760 516 828; x_wconf 83' lang='lat' dir='ltr'>reg.</span> <span class='ocrx_word' id='word_1_19' title='bbox 536 743 550 805; x_wconf 93' lang='lat' dir='ltr'>t</span> <span class='ocrx_word' id='word_1_20' title='bbox 572 737 785 826; x_wconf 79' lang='lat' dir='ltr'>cancellatim,</span> <span class='ocrx_word' id='word_1_21' title='bbox 802 738 823 829; x_wconf 62' lang='grc' dir='ltr'>ᾖ</span> <span class='ocrx_word' id='word_1_22' title='bbox 841 743 872 824; x_wconf 89' lang='grc'>1,</span> <span class='ocrx_word' id='word_1_23' title='bbox 886 747 921 805; x_wconf 82' lang='lat' dir='ltr'>n⁰</span> <span class='ocrx_word' id='word_1_24' title='bbox 937 737 982 827; x_wconf 82' lang='lat' dir='ltr'>a.)</span> 
     </span>
    </p>
   </div>
   <div class='ocr_carea' id='block_1_3' title="bbox 753 1045 976 1116">
    <p class='ocr_par' dir='ltr' id='par_1_3' title="bbox 753 1045 976 1116">
     <span class='ocr_line' id='line_1_4' title="bbox 753 1045 976 1116; baseline -0.018 1"><span class='ocrx_word' id='word_1_25' title='bbox 753 1045 895 1116; x_wconf 83' lang='lat' dir='ltr'><strong>CAPUT</strong></span> <span class='ocrx_word' id='word_1_26' title='bbox 919 1045 976 1114; x_wconf 91' lang='lat'>111.</span> 
     </span>
    </p>
   </div>
   <div class='ocr_carea' id='block_1_4' title="bbox 314 1269 1425 1438">
    <p class='ocr_par' dir='ltr' id='par_1_4' title="bbox 314 1269 1425 1438">
     <span class='ocr_line' id='line_1_5' title="bbox 314 1269 1425 1326; baseline -0.008 -5"><span class='ocrx_word' id='word_1_27' title='bbox 314 1278 353 1322; x_wconf 78' lang='lat' dir='ltr'>AN</span> <span class='ocrx_word' id='word_1_28' title='bbox 382 1277 439 1322; x_wconf 84' lang='lat' dir='ltr'>vnt</span> <span class='ocrx_word' id='word_1_29' title='bbox 466 1275 551 1322; x_wconf 76' lang='lat' dir='ltr'>1.th</span> <span class='ocrx_word' id='word_1_30' title='bbox 578 1274 776 1322; x_wconf 76' lang='lat' dir='ltr'>uutvausntts</span> <span class='ocrx_word' id='word_1_31' title='bbox 810 1273 952 1320; x_wconf 67' lang='lat' dir='ltr'>nnuma</span> <span class='ocrx_word' id='word_1_32' title='bbox 979 1271 1194 1318; x_wconf 73' lang='lat' dir='ltr'>CANCELLARIAE</span> <span class='ocrx_word' id='word_1_33' title='bbox 1220 1269 1358 1326; x_wconf 73' lang='lat' dir='ltr'>usum,</span> <span class='ocrx_word' id='word_1_34' title='bbox 1390 1269 1425 1312; x_wconf 79' lang='grc' dir='ltr'>ΕΤ</span> 
     </span>
     <span class='ocr_line' id='line_1_6' title="bbox 480 1367 1260 1438; baseline -0.006 -2"><span class='ocrx_word' id='word_1_35' title='bbox 480 1392 546 1438; x_wconf 81' lang='lat' dir='ltr'>SINT</span> <span class='ocrx_word' id='word_1_36' title='bbox 569 1390 651 1437; x_wconf 80' lang='lat' dir='ltr'>sums</span> <span class='ocrx_word' id='word_1_37' title='bbox 673 1389 813 1436; x_wconf 75' lang='lat' dir='ltr'>canumet</span> <span class='ocrx_word' id='word_1_38' title='bbox 835 1390 981 1436; x_wconf 77' lang='lat' dir='ltr'>FONTIBUS</span> <span class='ocrx_word' id='word_1_39' title='bbox 1004 1367 1260 1434; x_wconf 64' lang='lat' dir='ltr'>numunianum?</span> 
     </span>
    </p>
   </div>
   <div class='ocr_carea' id='block_1_5' title="bbox 259 1601 1425 3211">
    <p class='ocr_par' dir='ltr' id='par_1_5' title="bbox 259 1601 1425 3211">
     <span class='ocr_line' id='line_1_7' title="bbox 355 1601 1424 1698; baseline -0.009 -19"><span class='ocrx_word' id='word_1_40' title='bbox 355 1610 530 1678; x_wconf 89' lang='lat' dir='ltr'>Probatum</span> <span class='ocrx_word' id='word_1_41' title='bbox 559 1617 607 1676; x_wconf 90' lang='lat' dir='ltr'>est</span> <span class='ocrx_word' id='word_1_42' title='bbox 631 1630 730 1698; x_wconf 87' lang='lat' dir='ltr'>supra</span> <span class='ocrx_word' id='word_1_43' title='bbox 760 1606 1007 1675; x_wconf 76' lang='lat' dir='ltr'>constitutiones</span> <span class='ocrx_word' id='word_1_44' title='bbox 1030 1605 1254 1674; x_wconf 86' lang='lat' dir='ltr'>Romanorum</span> <span class='ocrx_word' id='word_1_45' title='bbox 1285 1601 1424 1670; x_wconf 88' lang='lat' dir='ltr'>Pontifi-</span> 
     </span>
     <span class='ocr_line' id='line_1_8' title="bbox 310 1710 1422 1806; baseline -0.008 -20"><span class='ocrx_word' id='word_1_46' title='bbox 310 1741 398 1804; x_wconf 86' lang='lat' dir='ltr'>cum,</span> <span class='ocrx_word' id='word_1_47' title='bbox 423 1717 519 1785; x_wconf 85' lang='lat' dir='ltr'>ctiam</span> <span class='ocrx_word' id='word_1_48' title='bbox 546 1715 658 1784; x_wconf 71' lang='lat' dir='ltr'>Romae</span> <span class='ocrx_word' id='word_1_49' title='bbox 683 1714 843 1783; x_wconf 77' lang='lat' dir='ltr'>duntaxat</span> <span class='ocrx_word' id='word_1_50' title='bbox 866 1713 1058 1806; x_wconf 84' lang='lat' dir='ltr'>publicatas,</span> <span class='ocrx_word' id='word_1_51' title='bbox 1083 1713 1151 1780; x_wconf 86' lang='lat' dir='ltr'>vim</span> <span class='ocrx_word' id='word_1_52' title='bbox 1180 1711 1261 1801; x_wconf 80' lang='lat' dir='ltr'>legis</span> <span class='ocrx_word' id='word_1_53' title='bbox 1286 1710 1422 1795; x_wconf 87' lang='lat' dir='ltr'>habere;</span> 
     </span>
     <span class='ocr_line' id='line_1_9' title="bbox 309 1817 1424 1915; baseline -0.005 -23"><span class='ocrx_word' id='word_1_54' title='bbox 309 1824 400 1915; x_wconf 86' lang='lat' dir='ltr'>atqui</span> <span class='ocrx_word' id='word_1_55' title='bbox 431 1823 553 1913; x_wconf 77' lang='lat' dir='ltr'>regulae</span> <span class='ocrx_word' id='word_1_56' title='bbox 584 1821 785 1891; x_wconf 74' lang='lat' dir='ltr'>cancellaria</span> <span class='ocrx_word' id='word_1_57' title='bbox 816 1821 898 1891; x_wconf 91' lang='lat' dir='ltr'>nihil</span> <span class='ocrx_word' id='word_1_58' title='bbox 926 1821 1015 1891; x_wconf 82' lang='lat' dir='ltr'>aliud</span> <span class='ocrx_word' id='word_1_59' title='bbox 1046 1829 1123 1890; x_wconf 90' lang='lat' dir='ltr'>sunt</span> <span class='ocrx_word' id='word_1_60' title='bbox 1146 1843 1244 1912; x_wconf 87' lang='lat' dir='ltr'>quarn</span> <span class='ocrx_word' id='word_1_61' title='bbox 1272 1817 1424 1912; x_wconf 72' lang='lat' dir='ltr'>quadam</span> 
     </span>
     <span class='ocr_line' id='line_1_10' title="bbox 259 1924 1424 2024; baseline -0.006 -22"><span class='ocrx_word' id='word_1_62' title='bbox 259 1935 265 1956; x_wconf 76' lang='grc'><strong>“</strong></span> <span class='ocrx_word' id='word_1_63' title='bbox 308 1924 628 2024; x_wconf 86' lang='lat' dir='ltr'>pontificia&#39;decreta</span> <span class='ocrx_word' id='word_1_64' title='bbox 649 1932 762 2002; x_wconf 84' lang='lat' dir='ltr'>Romae</span> <span class='ocrx_word' id='word_1_65' title='bbox 781 1933 955 2024; x_wconf 89' lang='lat' dir='ltr'>publicata,</span> <span class='ocrx_word' id='word_1_66' title='bbox 978 1941 1010 2000; x_wconf 88' lang='lat' dir='ltr'>ct</span> <span class='ocrx_word' id='word_1_67' title='bbox 1031 1933 1116 2000; x_wconf 85' lang='lat' dir='ltr'>circa</span> <span class='ocrx_word' id='word_1_68' title='bbox 1127 1929 1334 2022; x_wconf 86' lang='lat' dir='ltr'>disciplinam</span> <span class='ocrx_word' id='word_1_69' title='bbox 1349 1929 1424 1997; x_wconf 92' lang='lat' dir='ltr'>uni-</span> 
     </span>
     <span class='ocr_line' id='line_1_11' title="bbox 308 2035 1425 2130; baseline -0.005 -22"><span class='ocrx_word' id='word_1_70' title='bbox 308 2039 670 2126; x_wconf 81' lang='lat' dir='ltr'>versalcmstatueutia3</span> <span class='ocrx_word' id='word_1_71' title='bbox 687 2051 812 2130; x_wconf 81' lang='lat' dir='ltr'>ergoet</span> <span class='ocrx_word' id='word_1_72' title='bbox 837 2041 901 2109; x_wconf 80' lang='lat' dir='ltr'>illoe</span> <span class='ocrx_word' id='word_1_73' title='bbox 924 2040 1047 2129; x_wconf 81' lang='lat' dir='ltr'>regulae</span> <span class='ocrx_word' id='word_1_74' title='bbox 1065 2039 1130 2108; x_wconf 91' lang='lat' dir='ltr'>vim</span> <span class='ocrx_word' id='word_1_75' title='bbox 1140 2035 1335 2107; x_wconf 83' lang='lat' dir='ltr'>universalis</span> <span class='ocrx_word' id='word_1_76' title='bbox 1346 2037 1425 2125; x_wconf 82' lang='lat' dir='ltr'>legis</span> 
     </span>
     <span class='ocr_line' id='line_1_12' title="bbox 307 2144 1425 2240; baseline -0.004 -24"><span class='ocrx_word' id='word_1_77' title='bbox 307 2149 452 2218; x_wconf 85' lang='lat' dir='ltr'>obtinere</span> <span class='ocrx_word' id='word_1_78' title='bbox 477 2148 623 2218; x_wconf 74' lang='lat' dir='ltr'>dicandae</span> <span class='ocrx_word' id='word_1_79' title='bbox 643 2158 731 2218; x_wconf 87' lang='lat' dir='ltr'>suut.</span> <span class='ocrx_word' id='word_1_80' title='bbox 756 2149 849 2231; x_wconf 88' lang='lat' dir='ltr'>Quod</span> <span class='ocrx_word' id='word_1_81' title='bbox 869 2157 977 2218; x_wconf 79' lang='lat' dir='ltr'>autem</span> <span class='ocrx_word' id='word_1_82' title='bbox 999 2150 1040 2216; x_wconf 86' lang='lat' dir='ltr'>ab</span> <span class='ocrx_word' id='word_1_83' title='bbox 1058 2171 1255 2240; x_wconf 87' lang='lat' dir='ltr'>unoquoque</span> <span class='ocrx_word' id='word_1_84' title='bbox 1269 2144 1425 2214; x_wconf 77' lang='lat' dir='ltr'>Pontificc</span> 
     </span>
     <span class='ocr_line' id='line_1_13' title="bbox 306 2253 1425 2350; baseline -0.006 -23"><span class='ocrx_word' id='word_1_85' title='bbox 306 2281 372 2327; x_wconf 91' lang='lat' dir='ltr'>non</span> <span class='ocrx_word' id='word_1_86' title='bbox 388 2257 602 2327; x_wconf 86' lang='lat' dir='ltr'>decernantur</span> <span class='ocrx_word' id='word_1_87' title='bbox 617 2259 681 2326; x_wconf 90' lang='lat' dir='ltr'>uisi</span> <span class='ocrx_word' id='word_1_88' title='bbox 695 2279 754 2349; x_wconf 87' lang='lat' dir='ltr'>pro</span> <span class='ocrx_word' id='word_1_89' title='bbox 770 2257 976 2350; x_wconf 87' lang='lat' dir='ltr'>pontificatus</span> <span class='ocrx_word' id='word_1_90' title='bbox 987 2257 1038 2326; x_wconf 91' lang='lat' dir='ltr'>sui</span> <span class='ocrx_word' id='word_1_91' title='bbox 1050 2266 1208 2348; x_wconf 87' lang='lat' dir='ltr'>tempore,</span> <span class='ocrx_word' id='word_1_92' title='bbox 1221 2255 1281 2323; x_wconf 92' lang='lat' dir='ltr'>hoc</span> <span class='ocrx_word' id='word_1_93' title='bbox 1292 2253 1425 2346; x_wconf 83' lang='lat' dir='ltr'>quidem</span> 
     </span>
     <span class='ocr_line' id='line_1_14' title="bbox 307 2362 1425 2457; baseline -0.006 -24"><span class='ocrx_word' id='word_1_94' title='bbox 307 2365 421 2457; x_wconf 88' lang='lat' dir='ltr'>probat</span> <span class='ocrx_word' id='word_1_95' title='bbox 443 2366 510 2434; x_wconf 91' lang='lat' dir='ltr'>vim</span> <span class='ocrx_word' id='word_1_96' title='bbox 526 2387 640 2434; x_wconf 86' lang='lat' dir='ltr'>earum</span> <span class='ocrx_word' id='word_1_97' title='bbox 665 2387 789 2433; x_wconf 84' lang='lat' dir='ltr'>cessare</span> <span class='ocrx_word' id='word_1_98' title='bbox 812 2387 850 2434; x_wconf 87' lang='lat' dir='ltr'>eo</span> <span class='ocrx_word' id='word_1_99' title='bbox 876 2373 1040 2433; x_wconf 88' lang='lat' dir='ltr'>momento</span> <span class='ocrx_word' id='word_1_100' title='bbox 1069 2387 1134 2455; x_wconf 93' lang='lat' dir='ltr'>quo</span> <span class='ocrx_word' id='word_1_101' title='bbox 1161 2363 1287 2430; x_wconf 84' lang='lat' dir='ltr'>cuivis</span> <span class='ocrx_word' id='word_1_102' title='bbox 1307 2362 1425 2450; x_wconf 79' lang='lat' dir='ltr'>migrat</span> 
     </span>
     <span class='ocr_line' id='line_1_15' title="bbox 306 2467 1425 2564; baseline -0.006 -23"><span class='ocrx_word' id='word_1_103' title='bbox 306 2472 445 2564; x_wconf 85' lang='lat' dir='ltr'>quilibet</span> <span class='ocrx_word' id='word_1_104' title='bbox 470 2472 569 2563; x_wconf 88' lang='lat' dir='ltr'>Papa,</span> <span class='ocrx_word' id='word_1_105' title='bbox 591 2471 648 2540; x_wconf 86' lang='lat' dir='ltr'>sed</span> <span class='ocrx_word' id='word_1_106' title='bbox 667 2471 801 2540; x_wconf 88' lang='lat' dir='ltr'>minime</span> <span class='ocrx_word' id='word_1_107' title='bbox 821 2470 957 2564; x_wconf 87' lang='lat' dir='ltr'>impedit</span> <span class='ocrx_word' id='word_1_108' title='bbox 976 2472 1056 2564; x_wconf 91' lang='lat' dir='ltr'>quin</span> <span class='ocrx_word' id='word_1_109' title='bbox 1077 2472 1196 2539; x_wconf 86' lang='lat' dir='ltr'>iterum</span> <span class='ocrx_word' id='word_1_110' title='bbox 1218 2469 1331 2558; x_wconf 83' lang='lat' dir='ltr'>vigere</span> <span class='ocrx_word' id='word_1_111' title='bbox 1346 2467 1425 2535; x_wconf 83' lang='lat' dir='ltr'>inci-</span> 
     </span>
     <span class='ocr_line' id='line_1_16' title="bbox 305 2576 1423 2672; baseline -0.004 -26"><span class='ocrx_word' id='word_1_112' title='bbox 305 2581 396 2672; x_wconf 88' lang='lat' dir='ltr'>piant</span> <span class='ocrx_word' id='word_1_113' title='bbox 416 2581 523 2648; x_wconf 84' lang='lat' dir='ltr'>statim</span> <span class='ocrx_word' id='word_1_114' title='bbox 545 2602 581 2646; x_wconf 90' lang='lat' dir='ltr'>ac</span> <span class='ocrx_word' id='word_1_115' title='bbox 598 2603 763 2649; x_wconf 86' lang='lat' dir='ltr'>successor</span> <span class='ocrx_word' id='word_1_116' title='bbox 783 2603 837 2648; x_wconf 89' lang='lat' dir='ltr'>eas</span> <span class='ocrx_word' id='word_1_117' title='bbox 858 2581 977 2649; x_wconf 86' lang='lat' dir='ltr'>iterum</span> <span class='ocrx_word' id='word_1_118' title='bbox 998 2579 1110 2647; x_wconf 80' lang='lat' dir='ltr'>firmas</span> <span class='ocrx_word' id='word_1_119' title='bbox 1136 2578 1240 2647; x_wconf 89' lang='lat' dir='ltr'>voluit</span> <span class='ocrx_word' id='word_1_120' title='bbox 1259 2600 1297 2644; x_wconf 90' lang='lat' dir='ltr'>ac</span> <span class='ocrx_word' id='word_1_121' title='bbox 1319 2576 1423 2644; x_wconf 89' lang='lat' dir='ltr'>decla-</span> 
     </span>
     <span class='ocr_line' id='line_1_17' title="bbox 305 2684 1424 2780; baseline -0.004 -24"><span class='ocrx_word' id='word_1_122' title='bbox 305 2689 403 2756; x_wconf 84' lang='lat' dir='ltr'>ravit.</span> <span class='ocrx_word' id='word_1_123' title='bbox 431 2689 519 2778; x_wconf 80' lang='lat' dir='ltr'>Ecgo</span> <span class='ocrx_word' id='word_1_124' title='bbox 544 2689 666 2778; x_wconf 81' lang='lat' dir='ltr'>reguloe</span> <span class='ocrx_word' id='word_1_125' title='bbox 693 2689 758 2757; x_wconf 80' lang='lat' dir='ltr'>illm</span> <span class='ocrx_word' id='word_1_126' title='bbox 784 2699 939 2780; x_wconf 87' lang='lat' dir='ltr'>tanquam</span> <span class='ocrx_word' id='word_1_127' title='bbox 966 2712 1043 2780; x_wconf 88' lang='lat' dir='ltr'>pars</span> <span class='ocrx_word' id='word_1_128' title='bbox 1061 2688 1147 2780; x_wconf 85' lang='lat' dir='ltr'>juris</span> <span class='ocrx_word' id='word_1_129' title='bbox 1167 2685 1352 2754; x_wconf 88' lang='lat' dir='ltr'>communis</span> <span class='ocrx_word' id='word_1_130' title='bbox 1367 2684 1424 2752; x_wconf 89' lang='lat' dir='ltr'>ha-</span> 
     </span>
     <span class='ocr_line' id='line_1_18' title="bbox 306 2793 1423 2887; baseline -0.003 -25"><span class='ocrx_word' id='word_1_131' title='bbox 306 2795 421 2864; x_wconf 73' lang='lat' dir='ltr'>nenda</span> <span class='ocrx_word' id='word_1_132' title='bbox 447 2805 535 2882; x_wconf 86' lang='lat' dir='ltr'>sunt,</span> <span class='ocrx_word' id='word_1_133' title='bbox 558 2819 623 2864; x_wconf 91' lang='lat' dir='ltr'>non</span> <span class='ocrx_word' id='word_1_134' title='bbox 646 2799 754 2866; x_wconf 88' lang='lat' dir='ltr'>minus</span> <span class='ocrx_word' id='word_1_135' title='bbox 777 2821 814 2865; x_wconf 91' lang='lat' dir='ltr'>ac</span> <span class='ocrx_word' id='word_1_136' title='bbox 833 2805 950 2866; x_wconf 82' lang='lat' dir='ltr'>caetcra</span> <span class='ocrx_word' id='word_1_137' title='bbox 973 2795 1138 2887; x_wconf 88' lang='lat' dir='ltr'>pontificia</span> <span class='ocrx_word' id='word_1_138' title='bbox 1152 2795 1279 2863; x_wconf 86' lang='lat' dir='ltr'>decreta</span> <span class='ocrx_word' id='word_1_139' title='bbox 1294 2816 1370 2884; x_wconf 73' lang='lat' dir='ltr'>quae</span> <span class='ocrx_word' id='word_1_140' title='bbox 1385 2793 1423 2859; x_wconf 85' lang='lat' dir='ltr'>dc</span> 
     </span>
     <span class='ocr_line' id='line_1_19' title="bbox 306 2901 1423 2995; baseline -0.002 -27"><span class='ocrx_word' id='word_1_141' title='bbox 306 2901 476 2995; x_wconf 77' lang='lat' dir='ltr'>disciplina</span> <span class='ocrx_word' id='word_1_142' title='bbox 489 2903 667 2972; x_wconf 87' lang='lat' dir='ltr'>universali</span> <span class='ocrx_word' id='word_1_143' title='bbox 682 2903 872 2995; x_wconf 87' lang='lat' dir='ltr'>disponunt.</span> <span class='ocrx_word' id='word_1_144' title='bbox 886 2904 926 2970; x_wconf 85' lang='lat' dir='ltr'>Et</span> <span class='ocrx_word' id='word_1_145' title='bbox 939 2905 984 2971; x_wconf 87' lang='lat' dir='ltr'>ita</span> <span class='ocrx_word' id='word_1_146' title='bbox 998 2913 1107 2971; x_wconf 77' lang='lat' dir='ltr'>tenant</span> <span class='ocrx_word' id='word_1_147' title='bbox 1120 2902 1267 2970; x_wconf 84' lang='lat' dir='ltr'>doctores</span> <span class='ocrx_word' id='word_1_148' title='bbox 1277 2923 1423 2968; x_wconf 90' lang='lat' dir='ltr'>commu-</span> 
     </span>
     <span class='ocr_line' id='line_1_20' title="bbox 307 3009 1423 3104; baseline -0.002 -27"><span class='ocrx_word' id='word_1_149' title='bbox 307 3012 391 3080; x_wconf 86' lang='lat' dir='ltr'>niter</span> <span class='ocrx_word' id='word_1_150' title='bbox 408 3038 415 3080; x_wconf 92' lang='lat'><strong>:</strong></span> <span class='ocrx_word' id='word_1_151' title='bbox 433 3015 493 3080; x_wconf 71' lang='lat' dir='ltr'>Ha</span> <span class='ocrx_word' id='word_1_152' title='bbox 510 3013 631 3102; x_wconf 77' lang='lat' dir='ltr'>requlae</span> <span class='ocrx_word' id='word_1_153' title='bbox 651 3013 719 3080; x_wconf 83' lang='lat' dir='ltr'>cim</span> <span class='ocrx_word' id='word_1_154' title='bbox 741 3012 861 3080; x_wconf 78' lang='lat' dir='ltr'>tabent</span> <span class='ocrx_word' id='word_1_155' title='bbox 882 3011 1029 3104; x_wconf 84' lang='lat' dir='ltr'>quaudiu</span> <span class='ocrx_word' id='word_1_156' title='bbox 1052 3011 1133 3080; x_wconf 82' lang='lat' dir='ltr'>vicit</span> <span class='ocrx_word' id='word_1_157' title='bbox 1157 3011 1319 3100; x_wconf 78' lang='lat' dir='ltr'>Pontiseu.</span> <span class='ocrx_word' id='word_1_158' title='bbox 1344 3009 1423 3100; x_wconf 72' lang='lat' dir='ltr'>[Dc-</span> 
     </span>
     <span class='ocr_line' id='line_1_21' title="bbox 305 3118 1423 3211; baseline -0.002 -25"><span class='ocrx_word' id='word_1_159' title='bbox 305 3120 387 3205; x_wconf 84' lang='lat' dir='ltr'>voti,</span> <span class='ocrx_word' id='word_1_160' title='bbox 403 3119 547 3208; x_wconf 68' lang='lat' dir='ltr'>Proleg„</span> <span class='ocrx_word' id='word_1_161' title='bbox 566 3121 600 3188; x_wconf 94' lang='lat' dir='ltr'>in</span> <span class='ocrx_word' id='word_1_162' title='bbox 612 3119 667 3210; x_wconf 91' lang='lat' dir='ltr'>jus</span> <span class='ocrx_word' id='word_1_163' title='bbox 682 3142 753 3188; x_wconf 88' lang='lat' dir='ltr'>can.</span> <span class='ocrx_word' id='word_1_164' title='bbox 773 3143 844 3211; x_wconf 88' lang='lat' dir='ltr'>cap.</span> <span class='ocrx_word' id='word_1_165' title='bbox 868 3123 923 3207; x_wconf 82' lang='lat'>20,</span> <span class='ocrx_word' id='word_1_166' title='bbox 939 3120 960 3210; x_wconf 60' lang='grc' dir='ltr'>ᾖ</span> <span class='ocrx_word' id='word_1_167' title='bbox 977 3121 1023 3207; x_wconf 85' lang='grc'>7.)</span> <span class='ocrx_word' id='word_1_168' title='bbox 1043 3118 1247 3210; x_wconf 80' lang='lat' dir='ltr'>Hujusmodi</span> <span class='ocrx_word' id='word_1_169' title='bbox 1264 3118 1423 3203; x_wconf 78' lang='lat' dir='ltr'>constitu-</span> 
     </span>
    </p>
   </div>
   <div class='ocr_carea' id='block_1_6' title="bbox 176 3226 1420 3318">
    <p class='ocr_par' dir='ltr' id='par_1_6' title="bbox 176 3226 1420 3318">
     <span class='ocr_line' id='line_1_22' title="bbox 176 3226 1420 3318; baseline 0.001 -25"><span class='ocrx_word' id='word_1_170' title='bbox 176 3251 181 3274; x_wconf 71' lang='lat'><em>⁴</em></span> <span class='ocrx_word' id='word_1_171' title='bbox 306 3227 410 3295; x_wconf 82' lang='lat' dir='ltr'>tiones</span> <span class='ocrx_word' id='word_1_172' title='bbox 439 3238 470 3294; x_wconf 84' lang='lat' dir='ltr'>et</span> <span class='ocrx_word' id='word_1_173' title='bbox 496 3227 617 3317; x_wconf 74' lang='lat' dir='ltr'>reputa</span> <span class='ocrx_word' id='word_1_174' title='bbox 644 3227 713 3294; x_wconf 83' lang='lat' dir='ltr'>uim</span> <span class='ocrx_word' id='word_1_175' title='bbox 747 3226 825 3316; x_wconf 75' lang='lat' dir='ltr'>lepis</span> <span class='ocrx_word' id='word_1_176' title='bbox 856 3227 976 3295; x_wconf 75' lang='lat' dir='ltr'>tabuit</span> <span class='ocrx_word' id='word_1_177' title='bbox 1014 3227 1171 3318; x_wconf 79' lang='lat' dir='ltr'>(Rigauti,</span> <span class='ocrx_word' id='word_1_178' title='bbox 1203 3227 1238 3294; x_wconf 91' lang='lat' dir='ltr'>in</span> <span class='ocrx_word' id='word_1_179' title='bbox 1277 3227 1420 3296; x_wconf 84' lang='lat' dir='ltr'>Prooem.</span> 
     </span>
    </p>
   </div>
   <div class='ocr_carea' id='block_1_7' title="bbox 303 3334 1425 4290">
    <p class='ocr_par' dir='ltr' id='par_1_7' title="bbox 303 3334 1424 3836">
     <span class='ocr_line' id='line_1_23' title="bbox 305 3334 1424 3425; baseline -0.002 -23"><span class='ocrx_word' id='word_1_180' title='bbox 305 3335 495 3424; x_wconf 82' lang='lat' dir='ltr'>regularum</span> <span class='ocrx_word' id='word_1_181' title='bbox 516 3335 628 3421; x_wconf 78' lang='lat' dir='ltr'>Cano,</span> <span class='ocrx_word' id='word_1_182' title='bbox 650 3358 682 3402; x_wconf 91' lang='lat' dir='ltr'>n.</span> <span class='ocrx_word' id='word_1_183' title='bbox 710 3334 780 3424; x_wconf 78' lang='lat'>26);</span> <span class='ocrx_word' id='word_1_184' title='bbox 798 3335 856 3425; x_wconf 92' lang='lat' dir='ltr'>qui</span> <span class='ocrx_word' id='word_1_185' title='bbox 871 3344 983 3403; x_wconf 88' lang='lat' dir='ltr'>auctor</span> <span class='ocrx_word' id='word_1_186' title='bbox 997 3335 1087 3403; x_wconf 83' lang='lat' dir='ltr'>addit</span> <span class='ocrx_word' id='word_1_187' title='bbox 1107 3358 1245 3403; x_wconf 76' lang='lat' dir='ltr'>essessa</span> <span class='ocrx_word' id='word_1_188' title='bbox 1260 3335 1424 3404; x_wconf 83' lang='lat' dir='ltr'>adinstar</span> 
     </span>
     <span class='ocr_line' id='line_1_24' title="bbox 307 3443 1424 3536; baseline 0 -26"><span class='ocrx_word' id='word_1_189' title='bbox 307 3444 586 3526; x_wconf 81' lang='lat' dir='ltr'>constitutionum,</span> <span class='ocrx_word' id='word_1_190' title='bbox 612 3453 708 3535; x_wconf 88' lang='lat' dir='ltr'>atque</span> <span class='ocrx_word' id='word_1_191' title='bbox 733 3443 829 3512; x_wconf 88' lang='lat' dir='ltr'>hodie</span> <span class='ocrx_word' id='word_1_192' title='bbox 850 3444 898 3512; x_wconf 85' lang='lat' dir='ltr'>ad</span> <span class='ocrx_word' id='word_1_193' title='bbox 919 3444 1070 3512; x_wconf 82' lang='lat' dir='ltr'>stabilem</span> <span class='ocrx_word' id='word_1_194' title='bbox 1095 3443 1199 3534; x_wconf 78' lang='lat' dir='ltr'>lcpcm</span> <span class='ocrx_word' id='word_1_195' title='bbox 1221 3443 1424 3536; x_wconf 82' lang='lat' dir='ltr'>edictumque</span> 
     </span>
     <span class='ocr_line' id='line_1_25' title="bbox 303 3551 1422 3643; baseline 0.002 -25"><span class='ocrx_word' id='word_1_196' title='bbox 303 3564 499 3643; x_wconf 83' lang='lat' dir='ltr'>perpetuum</span> <span class='ocrx_word' id='word_1_197' title='bbox 521 3551 716 3642; x_wconf 86' lang='lat' dir='ltr'>pervenisse.</span> <span class='ocrx_word' id='word_1_198' title='bbox 741 3552 788 3618; x_wconf 86' lang='lat' dir='ltr'>lta</span> <span class='ocrx_word' id='word_1_199' title='bbox 815 3551 910 3620; x_wconf 86' lang='lat' dir='ltr'>etiam</span> <span class='ocrx_word' id='word_1_200' title='bbox 941 3551 1056 3620; x_wconf 85' lang='lat' dir='ltr'>docent</span> <span class='ocrx_word' id='word_1_201' title='bbox 1082 3551 1250 3639; x_wconf 74' lang='lat' dir='ltr'>GouzalcS,</span> <span class='ocrx_word' id='word_1_202' title='bbox 1267 3551 1422 3637; x_wconf 78' lang='lat' dir='ltr'>Barbom,</span> 
     </span>
     <span class='ocr_line' id='line_1_26' title="bbox 307 3657 1421 3751; baseline 0.001 -25"><span class='ocrx_word' id='word_1_203' title='bbox 307 3660 448 3750; x_wconf 82' lang='lat' dir='ltr'>Zipmus‚</span> <span class='ocrx_word' id='word_1_204' title='bbox 477 3681 560 3750; x_wconf 89' lang='lat' dir='ltr'>quos</span> <span class='ocrx_word' id='word_1_205' title='bbox 587 3657 663 3727; x_wconf 88' lang='lat' dir='ltr'>vide</span> <span class='ocrx_word' id='word_1_206' title='bbox 690 3681 765 3726; x_wconf 91' lang='lat' dir='ltr'>cum</span> <span class='ocrx_word' id='word_1_207' title='bbox 795 3659 905 3727; x_wconf 87' lang='lat' dir='ltr'>multis</span> <span class='ocrx_word' id='word_1_208' title='bbox 932 3659 1005 3727; x_wconf 89' lang='lat' dir='ltr'>aliis</span> <span class='ocrx_word' id='word_1_209' title='bbox 1033 3659 1146 3728; x_wconf 88' lang='lat' dir='ltr'>citatos</span> <span class='ocrx_word' id='word_1_210' title='bbox 1176 3659 1263 3751; x_wconf 89' lang='lat' dir='ltr'>apud</span> <span class='ocrx_word' id='word_1_211' title='bbox 1276 3659 1421 3750; x_wconf 81' lang='lat' dir='ltr'>Riganti,</span> 
     </span>
     <span class='ocr_line' id='line_1_27' title="bbox 307 3768 1119 3836; baseline -0.005 0"><span class='ocrx_word' id='word_1_212' title='bbox 307 3770 404 3836; x_wconf 87' lang='lat' dir='ltr'>citato</span> <span class='ocrx_word' id='word_1_213' title='bbox 418 3768 501 3836; x_wconf 91' lang='lat' dir='ltr'>loco.</span> <span class='ocrx_word' id='word_1_214' title='bbox 1111 3783 1119 3804; x_wconf 82' lang='lat'><strong><em>‘</em></strong></span> 
     </span>
    </p>

    <p class='ocr_par' dir='ltr' id='par_1_8' title="bbox 305 3874 1425 4290">
     <span class='ocr_line' id='line_1_28' title="bbox 349 3874 1425 3968; baseline 0.002 -26"><span class='ocrx_word' id='word_1_215' title='bbox 349 3875 631 3955; x_wconf 82' lang='lat' dir='ltr'>Quemadmodum</span> <span class='ocrx_word' id='word_1_216' title='bbox 651 3898 729 3944; x_wconf 85' lang='lat' dir='ltr'>vero</span> <span class='ocrx_word' id='word_1_217' title='bbox 752 3875 998 3944; x_wconf 83' lang='lat' dir='ltr'>constitutiones</span> <span class='ocrx_word' id='word_1_218' title='bbox 1019 3874 1207 3967; x_wconf 77' lang='lat' dir='ltr'>pontificias,</span> <span class='ocrx_word' id='word_1_219' title='bbox 1230 3875 1304 3944; x_wconf 84' lang='lat' dir='ltr'>licet</span> <span class='ocrx_word' id='word_1_220' title='bbox 1322 3876 1425 3968; x_wconf 88' lang='lat' dir='ltr'>adjus</span> 
     </span>
     <span class='ocr_line' id='line_1_29' title="bbox 305 3982 1422 4075; baseline 0.002 -25"><span class='ocrx_word' id='word_1_221' title='bbox 305 4004 477 4050; x_wconf 88' lang='lat' dir='ltr'>commuue</span> <span class='ocrx_word' id='word_1_222' title='bbox 495 3983 704 4074; x_wconf 86' lang='lat' dir='ltr'>pertinentes,</span> <span class='ocrx_word' id='word_1_223' title='bbox 723 3990 860 4072; x_wconf 87' lang='lat' dir='ltr'>possunt</span> <span class='ocrx_word' id='word_1_224' title='bbox 885 3982 919 4049; x_wconf 89' lang='lat' dir='ltr'>in</span> <span class='ocrx_word' id='word_1_225' title='bbox 941 3983 1050 4075; x_wconf 84' lang='lat' dir='ltr'>aliqua</span> <span class='ocrx_word' id='word_1_226' title='bbox 1073 3983 1204 4072; x_wconf 81' lang='lat' dir='ltr'>regione</span> <span class='ocrx_word' id='word_1_227' title='bbox 1219 4005 1284 4050; x_wconf 92' lang='lat' dir='ltr'>non</span> <span class='ocrx_word' id='word_1_228' title='bbox 1301 3984 1422 4074; x_wconf 78' lang='lat' dir='ltr'>vigere,</span> 
     </span>
     <span class='ocr_line' id='line_1_30' title="bbox 305 4089 1424 4183; baseline 0.004 -26"><span class='ocrx_word' id='word_1_229' title='bbox 305 4099 375 4157; x_wconf 89' lang='lat' dir='ltr'>tum</span> <span class='ocrx_word' id='word_1_230' title='bbox 398 4090 476 4181; x_wconf 88' lang='lat' dir='ltr'>quia</span> <span class='ocrx_word' id='word_1_231' title='bbox 496 4089 576 4181; x_wconf 87' lang='lat' dir='ltr'>ipsis</span> <span class='ocrx_word' id='word_1_232' title='bbox 592 4089 626 4155; x_wconf 90' lang='lat' dir='ltr'>in</span> <span class='ocrx_word' id='word_1_233' title='bbox 639 4089 696 4156; x_wconf 87' lang='lat' dir='ltr'>illa</span> <span class='ocrx_word' id='word_1_234' title='bbox 709 4090 842 4179; x_wconf 82' lang='lat' dir='ltr'>regione</span> <span class='ocrx_word' id='word_1_235' title='bbox 858 4111 916 4182; x_wconf 84' lang='lat' dir='ltr'>per</span> <span class='ocrx_word' id='word_1_236' title='bbox 930 4090 1061 4183; x_wconf 88' lang='lat' dir='ltr'>aliquod</span> <span class='ocrx_word' id='word_1_237' title='bbox 1081 4090 1312 4159; x_wconf 87' lang='lat' dir='ltr'>concordatum</span> <span class='ocrx_word' id='word_1_238' title='bbox 1329 4091 1424 4161; x_wconf 86' lang='lat' dir='ltr'>dero-</span> 
     </span>
     <span class='ocr_line' id='line_1_31' title="bbox 307 4196 1421 4290; baseline 0.004 -26"><span class='ocrx_word' id='word_1_239' title='bbox 307 4205 418 4290; x_wconf 78' lang='lat' dir='ltr'>gatum</span> <span class='ocrx_word' id='word_1_240' title='bbox 434 4205 493 4282; x_wconf 85' lang='lat' dir='ltr'>est,</span> <span class='ocrx_word' id='word_1_241' title='bbox 510 4205 581 4264; x_wconf 89' lang='lat' dir='ltr'>tum</span> <span class='ocrx_word' id='word_1_242' title='bbox 598 4196 676 4288; x_wconf 90' lang='lat' dir='ltr'>quia</span> <span class='ocrx_word' id='word_1_243' title='bbox 692 4207 804 4265; x_wconf 89' lang='lat' dir='ltr'>eontra</span> <span class='ocrx_word' id='word_1_244' title='bbox 819 4198 905 4288; x_wconf 87' lang='lat' dir='ltr'>ipsas</span> <span class='ocrx_word' id='word_1_245' title='bbox 921 4199 1093 4290; x_wconf 85' lang='lat' dir='ltr'>praevaluit</span> <span class='ocrx_word' id='word_1_246' title='bbox 1109 4199 1270 4286; x_wconf 80' lang='lat' dir='ltr'>contraria</span> <span class='ocrx_word' id='word_1_247' title='bbox 1286 4221 1421 4268; x_wconf 88' lang='lat' dir='ltr'>consuc-</span> 
     </span>
    </p>
   </div>
   <div class='ocr_carea' id='block_1_8' title="bbox 0 0 1538 4948">
    <p class='ocr_par' dir='ltr' id='par_1_9' title="bbox 0 0 1538 4948">
     <span class='ocr_line' id='line_1_32' title="bbox 0 0 1538 4948; baseline 0 3"><span class='ocrx_word' id='word_1_248' title='bbox 0 0 1538 4948; x_wconf 95' lang='lat' dir='ltr'> </span> 
     </span>
    </p>
   </div>
  </div>
 </body>
</html>
