3022 4950
146 518 151 528 „
288 461 343 504 vrrr
760 456 937 504 enormium.

289 601 465 675 Ecclesia
487 601 723 674 corulilrrlo'oo
748 599 953 688 disseritur,
972 599 1157 672 nonnulla
1175 598 1276 672 haud
1301 597 1406 695 parri

288 739 469 814 momenti
484 737 695 834 adjecerim.

337 877 394 948 Ad
418 875 632 949 facultatem
653 873 893 971 imprimendi
915 875 1013 970 quod
1039 873 1183 964 allinel,
1213 895 1258 945 ea
1281 873 1407 944 donati

289 1019 378 1084 sunt
395 1035 417 1083 a
435 1011 611 1107 Magistro
626 1011 721 1082 seori
739 1009 872 1084 Palatii
893 1016 929 1082 et
945 1007 1208 1105 Vicesgerenle
1225 1008 1408 1082 Cardine-
1461 1093 1468 1102 ,

287 1147 335 1220 lis
360 1146 501 1238 vicarii,
530 1167 606 1217 non
634 1167 775 1239 omnes
807 1148 871 1220 sed
902 1145 1020 1242 aliqui
1047 1147 1243 1219 dumtaxat
1267 1167 1287 1216 e
1312 1144 1408 1217 meis

290 1282 523 1375 traotalihus3
561 1281 589 1353 ii
624 1281 767 1354 scilieet
802 1303 906 1377 quoe,
942 1282 1033 1354 dum
1063 1284 1189 1354 Romae
1216 1280 1402 1377 degerem,

156 1427 162 1438 ’
289 1417 429 1514 publici
439 1417 535 1512 juris
545 1416 637 1509 leoi3
654 1417 707 1489 ita
720 1416 902 1489 nimirum
918 1423 1139 1513 exposcente
1153 1415 1294 1489 Urbani
1304 1417 1402 1506 VIII,

290 1555 434 1627 deorelo
459 1551 742 1636 Sanctissimae,
771 1553 791 1624 3
816 1551 972 1624 octobris
1001 1549 1106 1642 1625,
1133 1573 1205 1646 quo
1232 1549 1408 1647 prohibe—

163 1670 165 1678 ’
290 1698 351 1764 tur
367 1713 416 1764 ne
437 1691 465 1763 ii
485 1699 651 1763 auctores
677 1689 743 1786 qui
767 1693 922 1762 Romam
947 1687 1118 1761 incolunt
1141 1687 1408 1784 imprimendos

289 1825 401 1900 libros
422 1826 494 1900 alio
516 1825 679 1916 mittant,
700 1827 780 1898 siue
797 1845 973 1922 expressa
989 1825 1031 1896 io
1047 1826 1201 1925 seraptis
1218 1827 1408 1925 approba-

289 1969 387 2042 u'oue
396 1967 658 2040 Illoslrissime'
668 1970 700 2039 el
714 1965 1028 2042 Reuereodisso'mi
1042 1965 1276 2051 Cordiuole's,
1288 1968 1408 2041 Sour-

290 2102 601 2175 tesserularum
625 2101 748 2174 oosul
773 2101 929 2186 Victorii,
950 2105 984 2173 et
1007 2101 1186 2198 Moqo'rlro'
1208 2103 1313 2176 socri
1328 2103 1410 2176 Po-

290 2239 377 2313 lolo'o'
402 2239 554 2331 (Bullar.
589 2244 759 2331 Roman,
794 2249 888 2313 tomo
920 2241 954 2332 ὅ,
988 2247 1082 2338 part.
1120 2241 1153 2332 5,
1184 2264 1270 2340 pag.
1308 2241 1404 2335 359).

291 2375 366 2448 Alii
383 2396 470 2448 vero
487 2382 677 2468 traolalus,
700 2398 791 2472 quos
809 2377 850 2448 in
868 2376 1028 2450 Galliam
1045 2377 1162 2450 redux
1185 2378 1296 2471 edidi,
1318 2380 1409 2452 huio

290 2512 367 2609 legi
383 2533 459 2584 non
483 2511 796 2607 subjiciebantur3
826 2513 889 2586 sed
913 2511 1024 2586 debui
1044 2533 1105 2586 eos
1126 2513 1319 2586 Ordinario
1337 2515 1408 2586 loci

291 2649 421 2744 inquo
437 2647 609 2744 impressi
623 2656 712 2721 sunt
727 2649 920 2743 subjicere.
940 2653 985 2722 El
997 2650 1079 2723 ideo
1092 2650 1208 2746 hujus
1222 2651 1408 2724 Ordinarii

290 2786 448 2859 laeultas
470 2785 561 2883 ipsis
585 2783 742 2880 praelixa
760 2793 828 2860 est.
851 2789 904 2859 De
921 2810 994 2884 quo
1011 2790 1185 2864 lectorem
1206 2792 1408 2887 praemoni-

292 2929 372 2995 tum
385 2922 488 2994 volui
503 2947 511 3015 ;
529 2921 619 3018 quia
637 2922 824 3016 nonnulli,
845 2931 886 2997 ut
898 2925 995 2998 mihi
1012 2927 1197 3024 perlatum
1214 2936 1281 3021 est,
1295 2928 1409 3002 aliam

290 3056 415 3128 nescio
452 3079 566 3151 quam
601 3057 714 3151 hujus
749 3059 937 3134 varietatis
969 3085 1119 3136 eausam
1160 3065 1440 3170 sommarium·

290 3202 402 3288 alque
421 3192 461 3263 in
480 3193 617 3288 vulgus
645 3206 871 3290 sparserunt.
