3068 4948
553 481 635 528 roais
658 482 808 528 canonici.
1174 465 1235 529 267

167 619 354 690 Notandum
376 627 425 690 est
445 627 554 690 autem
570 620 759 709 discrimen,
774 623 858 691 inter
874 623 1006 715 praxim
1019 645 1118 714 quam
1132 645 1238 715 oppo-

124 735 208 797 nunt
232 727 423 818 adversarii,
451 738 484 797 et
512 730 641 820 praxim
665 752 764 821 quam
789 729 979 821 allegamus.
1006 730 1073 822 lpsi
1102 729 1235 800 dicunt:

123 834 202 904 olim
225 857 290 904 non
310 835 497 927 obligabunt
513 835 639 906 decreta
663 837 726 906 nisi
742 837 798 906 nbi
812 838 1036 929 promulgata,
1053 847 1085 908 et
1100 837 1161 908 hoc
1177 838 1239 907 lal-

124 965 198 1011 sum
221 945 330 1034 est‚3et
349 945 463 1014 saltem
484 945 579 1015 valde
600 947 795 1016 controverti
815 951 928 1038 potest.
954 947 1022 1017 Nos
1037 946 1176 1017 dicimus
1195 971 1240 1016 :a

123 1075 181 1122 sex
198 1053 326 1122 saeculis
341 1055 457 1124 volunt
470 1063 502 1124 et
515 1055 680 1124 declarant
700 1055 872 1125 Pontifices
886 1056 1027 1125 Romani
1042 1077 1101 1125 sua
1114 1056 1242 1126 decreta

123 1159 331 1252 obligatoria,
354 1162 451 1232 etiam
479 1162 535 1232 ubi
556 1185 623 1233 non
646 1163 869 1256 promulgata3
895 1173 926 1233 et
950 1163 1011 1233 hoc
1030 1187 1089 1234 nec
1111 1172 1241 1235 contro-

123 1268 273 1338 vertitur.
301 1269 418 1340 Praxis
441 1271 482 1338 ab
501 1269 698 1342 adversariis
713 1271 852 1362 allegata
871 1295 937 1342 non
959 1272 1074 1363 probat
1094 1271 1241 1364 discipli-

123 1399 202 1446 nam
229 1377 269 1447 de
289 1379 550 1470 promulgatione
570 1379 603 1447 in
624 1379 801 1473 provinciis
815 1380 914 1450 luisse
928 1380 1168 1469 invariabilem,
1187 1389 1241 1450 nt-

124 1492 199 1576 pote
224 1484 265 1554 ud
279 1484 334 1575 jus
355 1486 498 1555 naturale
522 1486 574 1557 vel
592 1487 741 1557 divinum
756 1487 969 1581 pertinentem
988 1515 996 1556 ι
1014 1489 1125 1580 praxis
1140 1511 1241 1582 quarn

124 1591 304 1682 allegamus
324 1595 439 1684 probat
463 1594 553 1664 illam
577 1595 851 1687 promulgationis
863 1596 1068 1689 disciplinam
1084 1617 1188 1690 neque
1202 1595 1242 1664 de

122 1706 198 1796 jure
225 1705 378 1794 naturali,
404 1727 508 1798 neque
530 1706 605 1796 jure
628 1703 741 1772 divino
770 1724 852 1790 csse,
880 1727 917 1774 ac
941 1703 1078 1796 proinde
1102 1703 1242 1795 potuisse

126 1811 209 1902 tolli,
225 1813 414 1905 siunquam
428 1811 546 1882 extitit.

170 1923 355 1994 Paoro'srno
383 1929 415 2010 9,
443 1947 501 1993 seu
528 1923 734 1993 confirmatio
763 1922 976 2015 praecedentis
1005 1923 1174 1993 doctrinm.
1198 1963 1243 1976 -·

125 2030 267 2100 lividere
294 2045 339 2100 est
367 2031 495 2101 rutildae
524 2031 705 2124 discipliuae
736 2055 822 2101 nunc
850 2019 999 2123 apenos
1033 2055 1099 2124 quo
1128 2054 1244 2125 nempe

124 2141 250 2210 summi
276 2141 445 2232 Pontifices
465 2139 575 2208 volunt
599 2154 630 2209 et
653 2139 822 2209 declarant
843 2140 950 2208 multa
972 2139 1244 2209 recondemur

125 2247 325 2339 oblipaton'o
334 2272 398 2341 per
412 2251 518 2318 solem
532 2253 644 2318 nome
654 2249 971 2341 promelpationcm.
990 2286 1034 2299 -
1049 2248 1180 2318 Certum
1196 2255 1245 2317 est

126 2357 221 2426 irrite
236 2357 305 2426 iore
319 2358 422 2428 multa
435 2358 601 2450 pontificia
614 2355 754 2444 decreta,
770 2357 798 2425 si
812 2381 831 2424 a
845 2355 1105 2449 promulgatione
1116 2358 1150 2426 in
1165 2380 1244 2450 pro·

128 2467 245 2535 vinciis
281 2467 435 2559 penderet
463 2468 609 2560 ipsorum
636 2468 698 2536 vis.
730 2467 768 2534 ln
803 2466 952 2558 exemplo
981 2465 1046 2533 sint
1074 2466 1242 2534 sententiae

126 2573 468 2644 excommunicatorias
489 2583 600 2643 contra
624 2573 862 2663 Palaeologum,
889 2571 1023 2642 Petrum
1054 2573 1242 2664 Aragoniae,

127 2681 316 2774 Philippum
332 2681 525 2770 Pulchrum,
542 2682 745 2752 Ludcvicnm
761 2683 939 2769 haveram,
960 2681 1106 2773 aliosque
1123 2681 1244 2773 princi-

127 2813 196 2880 pes.
214 2790 267 2857 An
284 2811 428 2882 unquam
445 2791 497 2860 isti
512 2791 677 2884 principes
686 2790 909 2884 permisissent
920 2791 955 2858 in
966 2790 1034 2858 suis
1048 2790 1159 2880 regnis
1168 2812 1244 2882 pro-

129 2897 272 2988 mulgeri
297 2897 436 2986 decreta,
461 2900 581 2990 quibus
601 2899 995 2968 excommunicabantur?
1018 2899 1057 2967 Et
1084 2907 1190 2968 tamen
1217 2898 1245 2966 si

129 3005 296 3074 sententiae
309 3005 374 3075 illae
388 3006 509 3076 luerint
518 3007 628 3099 justae,
644 3006 756 3099 quales
769 3007 822 3075 hic
836 3008 1066 3100 supponimus,
1080 3028 1123 3075 an
1135 3005 1246 3075 debuit

127 3112 269 3182 Ecclesia
283 3113 414 3182 destitui
428 3122 583 3206 potestate
599 3137 671 3184 reos
685 3114 757 3183 illos
769 3114 937 3184 coercendi
951 3124 983 3183 et
995 3113 1154 3206 puniendi
1168 3137 1245 3182 cen-

129 3223 244 3291 suris?
259 3223 324 3291 Leo
338 3222 370 3290 X
383 3231 493 3314 aperte
506 3222 632 3292 dicebat
645 3233 777 3315 propter
790 3225 965 3316 potentiam
978 3224 1164 3316 principum
1177 3223 1246 3292 Lu-

132 3330 224 3399 thero
239 3330 420 3400 lavantium
436 3353 501 3400 non
514 3353 606 3422 posse
620 3331 825 3424 promulgari
837 3355 928 3402 snam
940 3331 1064 3400 bullam
1075 3332 1110 3399 in
1122 3331 1200 3400 locis
1213 3332 1245 3398 in
1291 3341 1295 3350 “

132 3438 254 3531 quibus
275 3439 358 3508 forte
385 3439 522 3529 degebat
541 3439 596 3508 ille
617 3439 837 3510 heresiarcha
853 3463 927 3508 cum
950 3439 1018 3508 suis
1038 3440 1244 3533 sequacibus,

132 3555 162 3614 et
175 3546 249 3614 ideo
263 3546 387 3615 bullam
405 3546 608 3639 promulgari
623 3547 767 3618 decrevit
785 3557 911 3616 tantum
932 3548 1047 3615 Romae
1063 3559 1095 3618 et
1109 3547 1143 3615 in
1159 3547 1246 3616 duo-

132 3655 194 3723 bus
217 3654 422 3724 Alamannia
446 3656 599 3726 ecclesiis.
625 3657 713 3748 Ergo
737 3657 814 3749 quie
838 3655 927 3724 bulla
950 3655 1019 3724 haee
1043 3678 1108 3725 non
1124 3664 1247 3748 poterat

133 3766 335 3858 promulgari
350 3765 384 3834 in
399 3765 530 3836 dioecesi
554 3768 589 3835 in
611 3789 677 3858 qua
695 3765 856 3856 degebant
876 3763 1038 3833 Lutherus
1058 3777 1089 3832 et
1108 3763 1180 3856 ejus
1194 3787 1247 3832 se-

131 3895 261 3966 quaces,
278 3874 311 3941 in
338 3873 398 3942 hac
418 3871 548 3944 diocesi
567 3896 633 3942 non
659 3873 771 3942 debuit
791 3874 902 3964 vigere
928 3873 1247 3942 excommunicatio?

134 3981 172 4050 Et
193 3981 221 4050 si
235 3980 381 4074 plerique
403 3981 565 4074 principes
581 3982 722 4073 Europae
739 3981 771 4050 vi
785 3981 1027 4074 prohibuissent
1043 3980 1247 4073 promulgari

135 4088 435 4159 condemnationem
454 4097 485 4156 et
506 4088 874 4160 excommunicationem
896 4089 1157 4174 lutheranorum,
1181 4111 1246 4155 non

136 4199 314 4289 potuissent
331 4197 380 4266 illi
394 4197 537 4268 haretici
552 4197 724 4268 efficaciter
739 4197 1014 4268 excommunicari
1029 4205 1060 4266 et
1076 4194 1247 4266 damnari?
