3042 4946
309 439 370 506 {520
662 457 836 506 catenarus
859 461 898 506 nn
921 459 1075 506 cussanus

305 625 360 672 sus
390 601 461 669 fieri
492 621 597 692 posse,
625 599 797 669 anathema
826 601 877 668 sit.
908 627 925 666 s
956 599 1117 692 (Sessione
1143 603 1197 688 23,
1227 623 1354 670 canone
1387 601 1436 690 4.)

349 709 399 778 Ex
422 707 473 778 bis
494 707 738 778 definitionibus
760 709 868 801 palam
895 708 943 795 nt,
960 709 1149 802 Episcopos,
1167 707 1382 802 presbyteros
1408 719 1439 776 et

304 819 483 905 ministros,
504 818 583 887 tales
602 817 685 886 effici
706 839 764 910 per
783 839 906 887 sacram
928 818 1187 898 ordinationem
1205 828 1236 886 et
1258 817 1352 886 illam
1378 840 1439 886 or-

304 926 505 995 dinationem
523 947 593 992 esse
615 946 730 992 verum
757 933 996 994 sacramentum
1008 952 1017 1012 ;
1039 933 1070 994 et
1095 947 1155 1018 per
1176 925 1258 994 illud
1281 925 1437 1018 imprimi

306 1031 526 1102 sacerdotibus
550 1031 768 1100 characterem
788 1039 820 1098 et
839 1037 1029 1122 potestatem
1050 1031 1228 1124 quemdem
1250 1055 1317 1103 non
1336 1033 1438 1102 aulc-
1502 1027 1503 1062 ¹

305 1141 450 1220 ribilem;
474 1148 505 1208 et
531 1139 576 1208 ita
598 1162 617 1207 a
641 1137 771 1208 Christo
796 1139 867 1232 ipso
890 1139 1102 1209 constitutum
1132 1139 1243 1210 fnisse.
1275 1141 1438 1208 Diximus

304 1257 412 1318 autem
449 1246 647 1317 ordinationi
687 1245 852 1335 alligatam
881 1268 901 1315 a
933 1245 1063 1317 Christo
1095 1247 1196 1317 luisse
1236 1257 1434 1340 potestatem

306 1356 499 1451 quamdam,
518 1379 593 1448 quae
616 1354 722 1424 valide
743 1355 887 1424 exerceri
909 1355 1030 1425 valeret
1052 1357 1150 1426 etiam
1170 1356 1435 1450 independenter
1503 1399 1504 1440 ,

305 1491 325 1534 a
349 1465 510 1557 superiori
533 1462 732 1532 auctoritate.
759 1462 813 1530 Sic
835 1463 1027 1555 Episcopus,
1042 1465 1254 1556 quantumvis
1280 1463 1435 1556 prohibi·
1503 1469 1504 1480 ‘

308 1583 360 1642 tus
386 1581 418 1640 et
442 1569 754 1654 excommunicatus,
776 1569 883 1638 valide
922 1578 1100 1654 consecrat,
1128 1569 1260 1640 ordines
1286 1572 1431 1658 confert,

307 1689 338 1748 et
360 1686 596 1748 sacramentum
618 1677 875 1746 confirmationis
901 1677 1075 1746 ministrat.
1098 1677 1165 1747 Nec
1184 1687 1289 1771 potest
1311 1701 1433 1772 supre-

309 1811 381 1856 mus
409 1785 562 1854 Ecclesia
591 1785 705 1854 Pastor
735 1784 896 1877 impedire
918 1785 998 1876 quin
1025 1793 1116 1854 actus
1143 1785 1196 1855 isti
1220 1785 1322 1856 validi
1349 1789 1429 1874 siut,
1504 1813 1505 1818 ¹

308 1895 458 1987 quamvis
473 1893 589 1962 illiciti.
607 1893 646 1960 Et
666 1891 753 1961 idem
776 1901 824 1960 est
844 1891 885 1961 de
906 1894 1095 1986 presbytero
1109 1894 1217 1985 quoad
1239 1903 1432 1988 potestatem
1504 1955 1505 1960 ,

308 2000 527 2072 consecrandi.
552 2001 661 2068 Aliam
680 2009 790 2068 autem
814 2009 1003 2092 potestatem
1023 2024 1123 2070 sacrae
1148 2001 1349 2072 ordinationi
1370 2027 1432 2073 au·

311 2112 401 2181 nexit
413 2111 580 2196 Christus,
597 2131 672 2201 que
694 2107 802 2178 valide
822 2109 967 2178 exerceri
990 2110 1113 2201 nequit,
1131 2110 1196 2178 uisi
1215 2121 1429 2181 concurrente

308 2219 486 2313 superioris
509 2217 711 2287 auctoritate.
727 2217 815 2285 Telis
830 2224 878 2284 est
900 2224 1040 2308 potestas
1063 2225 1302 2288 sacramentum
1324 2220 1431 2311 poeui-

309 2329 419 2398 teutiae
440 2324 659 2396 ministrandi.
677 2324 749 2404 Nisi
770 2326 847 2417 quis
868 2323 1037 2394 ordinatos
1061 2325 1161 2395 fuerit
1183 2327 1356 2419 presbyter
1373 2333 1432 2397 aut

310 2440 500 2532 Episcopus,
516 2458 583 2506 non
602 2436 722 2528 poterit
736 2443 974 2504 sacramentum
995 2433 1083 2504 istud
1098 2435 1205 2504 valide
1228 2437 1429 2524 ministrare,

310 2546 533 2640 quamtumvis
555 2545 584 2613 ei
606 2541 793 2636 jurisdictio
819 2541 1015 2612 conteratur.
1039 2544 1100 2612 Ast
1126 2544 1154 2612 si
1178 2545 1350 2637 presbyter
1375 2546 1431 2631 sit,
1505 2587 1506 2626 ,

308 2665 413 2750 potest
440 2655 573 2746 quidem
602 2652 709 2720 valide
736 2652 904 2720 absolvere
935 2661 1065 2744 acceptu
1091 2651 1332 2744 jurisdictione,
1365 2677 1430 2722 uon

310 2773 439 2855 accepta
457 2784 523 2830 uon
546 2768 659 2852 potest.
677 2760 757 2827 ltem
778 2782 853 2828 cum
875 2759 1015 2830 Romani
1039 2759 1207 2828 pontilicis
1228 2759 1432 2852 delegatione

311 2872 417 2942 valide
440 2867 698 2938 confirmationis
722 2875 960 2935 sacramentum
989 2868 1152 2936 ministrat
1176 2868 1358 2958 presbyter,
1379 2871 1432 2938 in-

311 2979 416 3048 valide
435 2978 557 3069 absque
571 2975 629 3043 illa
644 2971 857 3063 delegatione.

355 3089 540 3157 Pnoaosnro
557 3087 601 3151 3⁸.
617 3121 661 3135 -
677 3081 908 3153 Hierarcleiam
924 3085 1093 3177 Episcopis
1103 3085 1301 3178 presbyteris
1316 3101 1347 3156 et
1364 3090 1433 3156 mi-

312 3196 423 3268 nistris
443 3203 656 3271 constantem,
676 3189 724 3258 ito
748 3190 889 3259 instituit
913 3192 1075 3273 Christro,
1093 3204 1131 3260 ut
1151 3193 1309 3286 Episcopi
1329 3209 1434 3264 merit

304 3301 503 3400 presbyteris
529 3299 719 3390 superiores.
740 3337 785 3350 -
806 3299 864 3368 Est
886 3298 926 3366 de
946 3297 1021 3367 fide.
1038 3339 1079 3351 -
1105 3326 1123 3365 u
1145 3299 1182 3369 Si
1208 3301 1286 3394 quis
1309 3301 1433 3372 dixerit

312 3417 487 3509 Episcopus
500 3433 567 3480 uon
581 3433 650 3479 esse
665 3409 862 3504 presbyteris
880 3409 1064 3502 superiores
1083 3463 1135 3497 ...,
1151 3413 1326 3482 anathema
1339 3413 1393 3481 sit.
1412 3441 1428 3476 a

314 3522 510 3617 (Concilium
539 3517 781 3606 Tridentinum,
811 3517 952 3586 sessione
981 3521 1036 3604 2³,
1063 3539 1186 3588 cauom
1216 3519 1263 3609 7.)
1288 3519 1433 3589 Ceteras

312 3629 517 3725 probationes
531 3625 607 3696 vide
627 3625 699 3694 fuse
721 3625 867 3696 evolutas
886 3625 920 3692 in
941 3647 1013 3694 meo
1031 3633 1169 3694 tractatu
1194 3625 1235 3694 de
1255 3625 1430 3719 Episcopo,

311 3753 400 3813 tomo
415 3743 446 3827 l,
463 3737 582 3830 pagiua
598 3739 630 3802 7.

357 3845 541 3919 Prorosmo
563 3847 608 3912 li.
633 3883 677 3896 -
699 3845 877 3936 Episcopos
900 3867 936 3911 eo
958 3845 1024 3936 fine
1053 3844 1199 3914 Christro
1225 3844 1369 3914 instituit
1396 3859 1432 3913 ut

313 3957 491 4031 Ecclesiam
506 3975 601 4022 ceam
618 3965 780 4044 repertun·
795 3951 846 4021 ita
859 3965 908 4035 ut,
927 3951 1056 4044 dejure
1067 3951 1189 4034 diuino,
1208 3953 1358 4043 rependis
1372 3977 1431 4022 aa·

309 4069 367 4138 riis
382 4065 534 4137 Ecclesia
544 4061 708 4154 partilio,
726 4061 894 4130 ordinarie
902 4061 1109 4153 praeficiendi
1120 4061 1187 4130 sint
1204 4062 1370 4155 Episcopi.
1386 4103 1430 4115 -

309 4176 481 4267 Colligitur
506 4193 547 4240 ex
570 4170 640 4238 istis
663 4169 862 4239 Tridentinae
887 4169 1004 4262 synodi
1026 4170 1159 4239 verbis:
1181 4198 1198 4236 u
1218 4169 1430 4242 Sacrosuuctu
