3050 4946
289 503 348 568 trs
641 529 814 574 reserares
837 531 874 576 mr
898 531 1049 578 remersus

285 687 353 731 reru
376 664 521 733 faciebat.
548 667 709 748 Secundo,
734 691 792 736 uec
818 669 1018 739 admittenda
1042 670 1169 740 videtur
1192 671 1300 764 opinio
1325 694 1412 764 quer
1517 749 1518 754 .

283 782 447 841 auctorem
473 773 654 866 Hispanum
679 775 783 844 fuisse
808 779 985 847 existimat.
1015 777 1134 871 Opinio
1163 779 1219 848 illa
1246 779 1415 849 fundatur

284 883 448 972 precipue
465 883 526 952 hoc
543 891 632 952 textu
648 885 815 955 Hiucmari
831 888 1002 957 Remeusis
1019 889 1169 982 Episcopi
1184 889 1231 980 (iu
1245 890 1413 980 opusculo

282 997 394 1057 contra
415 990 628 1059 Hiucrnarum
654 992 919 1080 moranensem,
935 1019 1006 1088 cap.
1032 999 1123 1086 xxiv)
1145 998 1211 1066 :Si
1233 1019 1305 1065 vero
1327 997 1413 1065 ideo
1517 1065 1518 1092 3

283 1098 366 1165 tolio
382 1121 454 1189 quse
469 1099 530 1167 tibi
542 1099 611 1167 uiso
626 1114 702 1168 sunt
718 1100 757 1168 de
773 1104 928 1194 praefatas
943 1105 1110 1173 sententiis
1124 1128 1164 1174 oc
1177 1126 1260 1195 sepa
1275 1127 1411 1172 memo-
1516 1093 1518 1194 i

283 1210 365 1276 rotis
390 1209 532 1302 epistolas
559 1210 839 1281 detruncando
865 1214 1032 1304 collepasti,
1058 1216 1138 1305 quio
1162 1217 1249 1306 sorte
1268 1217 1414 1306 putasti

282 1320 444 1386 nerninem
462 1319 567 1388 olium
583 1319 729 1411 ejusdem
749 1323 925 1390 sententies
947 1323 1000 1391 uel
1018 1323 1106 1414 ipsas
1126 1324 1276 1414 epistolas
1290 1336 1321 1390 te
1333 1324 1411 1389 lta-

283 1429 354 1496 bere
372 1481 422 1508 ...‚
440 1451 489 1496 res
509 1428 596 1496 miro
617 1441 685 1510 est;
707 1452 782 1496 cum
800 1429 839 1498 de
859 1431 937 1524 ipsis
949 1431 1115 1500 sententiis
1134 1433 1259 1523 (nempe
1280 1432 1408 1522 Augil-

283 1537 399 1626 remui)
412 1537 512 1627 pleno
525 1537 568 1604 sit
583 1537 647 1604 isto
661 1549 762 1618 terra,
780 1538 863 1605 sicut
887 1551 917 1606 et
936 1537 976 1607 dc
991 1539 1074 1607 libro
1091 1539 1299 1608 collectorum
1314 1541 1409 1629 epis-

282 1645 427 1711 tolarum
452 1643 495 1710 ab
520 1642 655 1724 Isidore,
679 1667 776 1734 quem
799 1644 839 1713 de
867 1645 1028 1736 Hispania
1052 1647 1195 1715 allatum
1221 1646 1407 1738 Riculplrus

281 1749 490 1839 Mopuntinus
520 1749 712 1841 Episcopus,
740 1751 775 1818 in
802 1751 997 1843 hujusmodi
1017 1753 1100 1821 siem
1123 1767 1155 1821 et
1180 1754 1216 1820 r'n
1245 1755 1406 1845 capitulas
1517 1849 1518 1852 Ἴ

281 1857 377 1948 raptis
390 1856 563 1938 studiosus,
582 1857 733 1940 obtinuit,
748 1871 779 1926 et
795 1859 874 1926 istos
891 1861 1034 1950 regiones
1050 1883 1090 1928 ee
1103 1861 1159 1929 illo
1176 1862 1295 1952 repleri
1305 1863 1401 1952 fecit.

280 1967 358 2034 Haec
373 1966 505 2058 quidem
520 1965 657 2057 probant
673 1988 819 2057 sparsam
833 1967 932 2036 luisse
955 1967 1038 2036 hanc
1058 1969 1177 2037 lamam
1191 1969 1232 2036 de
1245 1969 1343 2038 allata
1354 1993 1403 2040 ex

280 2075 445 2166 Hispaniis
459 2073 661 2160 collectioue3
680 2074 735 2142 sed
750 2075 832 2142 beue
846 2076 951 2166 potuit
966 2077 1124 2168 impostor
1139 2099 1179 2145 ne
1193 2074 1403 2166 detegeretur

278 2185 366 2253 illam
397 2183 518 2250 fernam
546 2183 615 2272 ipsa
646 2203 815 2273 spargere,
844 2205 946 2274 eoque
975 2184 1101 2252 facilius
1127 2183 1216 2275 quod
1246 2183 1401 2253 Monachi

278 2290 414 2383 Hispani
437 2290 561 2380 aliquot
585 2311 698 2358 revera
724 2289 924 2380 Riculphum
953 2291 1144 2377 inviserent,
1165 2300 1197 2359 at
1219 2291 1306 2383 quod
1329 2293 1400 2383 jam

278 2401 400 2470 obierat
420 2397 613 2487 Riculpbus.
630 2395 724 2466 Unde
740 2397 845 2488 potuit
859 2408 890 2466 et
905 2399 974 2489 ipse
990 2399 1188 2468 Hiuemarus
1209 2400 1255 2467 sic
1276 2400 1396 2492 decipi.

277 2514 486 2584 Collectorem
502 2532 580 2578 vero
603 2534 668 2579 uon
687 2510 786 2578 fuisse
810 2509 993 2600 Hispanum
1009 2510 1091 2595 baec,
1109 2533 1183 2601 quae
1198 2519 1285 2579 certa
1305 2521 1396 2596 suut,

276 2622 353 2690 satis
378 2620 539 2710 probant:
562 2641 678 2709 nempe
703 2627 749 2686 tot
776 2619 859 2686 inter
886 2616 1072 2704 decretales,
1091 2640 1157 2684 une
1183 2626 1310 2686 uatum
1339 2627 1397 2687 aut

276 2731 377 2798 altera
391 2728 432 2796 ad
448 2726 609 2816 Hispanos
624 2725 800 2816 Episcopus
819 2724 1019 2814 diriguntur,
1037 2726 1117 2795 duur
1139 2737 1297 2819 perpetuo
1315 2729 1396 2801 alte-
1514 2745 1517 2766 ⁴

276 2847 395 2929 gantur
422 2833 596 2928 pontificias
623 2833 768 2923 epistolae
796 2837 836 2901 ad
869 2834 996 2922 Gallias,
1026 2836 1209 2905 Germaniae
1237 2845 1268 2904 et
1294 2837 1394 2904 ltaliae

275 2944 448 3016 Praesules.
470 2941 506 3010 Si
529 2941 693 3032 Hispanus
713 2940 827 3008 luisset
850 2941 1012 3028 collector,
1033 2944 1206 3013 decretales
1223 2945 1331 3036 potius
1351 2946 1393 3014 ad

275 3051 447 3144 Hispanias
463 3049 600 3116 directas
620 3049 741 3138 sepius
755 3047 935 3138 allegasset.
955 3049 1118 3118 Praeteraa
1132 3052 1299 3141 incognita
1313 3053 1393 3120 His-

274 3160 380 3254 panias
396 3157 459 3226 luit
474 3155 530 3224 illa
544 3155 687 3223 collectio
709 3177 811 3245 usque
835 3155 876 3224 ad
896 3157 1076 3226 innocentii
1096 3158 1140 3225 111
1162 3167 1308 3250 tempora
1323 3160 1390 3250 (t);

273 3278 304 3336 et
318 3288 430 3335 omues
451 3264 510 3355 qui
528 3270 656 3331 exstant
676 3263 752 3329 noni
769 3264 881 3331 saeculi
900 3265 1024 3333 codices
1044 3266 1078 3332 iu
1098 3265 1214 3334 Galliis
1234 3267 1393 3358 exscripti

273 3383 361 3462 sunt,
381 3381 418 3441 nt
442 3371 543 3463 liquet
564 3392 605 3438 ex
631 3379 830 3438 caractmum
856 3371 963 3439 forma
981 3381 1013 3440 et
1032 3372 1128 3440 certis
1149 3372 1221 3442 aliis
1244 3373 1388 3443 indiciis.

271 3486 407 3574 Insuper
423 3480 578 3550 idiotismi
591 3481 648 3570 qui
667 3480 701 3546 iu
722 3479 778 3546 illa
800 3490 987 3567 occurrunt,
1004 3481 1101 3549 alieni
1119 3490 1196 3550 sunt
1212 3505 1232 3549 a
1247 3483 1391 3574 scripto-

270 3593 362 3661 ribus
378 3590 521 3680 bispanis
537 3587 635 3676 hujus
650 3587 818 3676 temporis,
831 3597 863 3654 et
875 3595 1074 3657 cortracum
1088 3589 1234 3657 moribus
1248 3589 1389 3680 scripto-
1406 3615 1411 3626 ·

271 3723 343 3768 rum
370 3697 705 3787 gallo-germanorum
734 3692 880 3783 ejusdem
906 3695 1010 3762 etatis
1035 3695 1155 3786 optime
1174 3697 1384 3764 concordant.

270 3807 430 3896 Excerpta
445 3827 462 3870 e
478 3802 593 3870 litteris
605 3803 640 3872 S.
656 3801 814 3869 Bonifacii
828 3802 979 3893 Episcopi
994 3803 1203 3892 Moguntuni,
1219 3803 1386 3895 probabile
1515 3847 1516 3880 r

268 3914 365 3982 etiam
380 3911 536 3980 iudicium
551 3909 706 3977 exhibent
720 3910 930 4001 impostorem
951 3909 1050 3978 luisse
1064 3911 1186 3979 axillis
1199 3911 1383 3980 Germaniae
1515 3973 1516 4000 ff

269 4018 456 4110 regionibus
482 4039 557 4109 quae
584 4017 668 4085 inter
693 4017 812 4086 Gallias
840 4029 917 4086 tuuc
945 4019 1235 4089 numerabantur:
1261 4037 1294 4088 et
1318 4043 1381 4090 uon

299 4263 332 4328 (l)
348 4263 379 4313 Ut
392 4261 488 4313 eruitur
501 4276 533 4312 ex
547 4263 622 4326 epist.
637 4262 794 4325 trajecten
807 4261 947 4324 Pontificio,
958 4263 976 4313 l.
990 4265 1021 4315 u.
