3072 4948
295 481 355 550 378
646 501 820 548 rarcrrros
843 501 880 546 oa
903 499 1054 546 rarucrrrrs

293 642 441 736 quandiu
470 644 558 736 Papa
585 641 736 712 facilitate
765 641 961 710 reclamandi
993 639 1194 726 destituitur,
1224 639 1407 708 censendus

294 758 343 820 est
361 751 445 822 velle
466 752 571 841 legem
592 771 685 819 snam
704 749 850 836 servari3
874 769 954 840 ergo
971 747 1150 818 censendae
1167 755 1215 816 est
1229 757 1406 818 conandu-

293 859 362 928 dini
395 858 567 929 contraria
599 881 664 926 non
696 858 876 927 eonmntirc
888 885 897 946 ;
934 879 1013 948 ergo
1044 856 1183 948 supponi
1212 875 1279 925 non
1310 854 1407 925 debet

291 967 406 1036 tacitns
430 967 501 1059 ejus
527 967 562 1034 in
588 965 855 1035 consuetudinem
883 963 1079 1034 contrariam
1103 983 1298 1050 consensns3
1325 985 1406 1053 crgo

292 1071 489 1143 consuetudo
511 1071 566 1142 ille
587 1073 711 1142 censeri
731 1071 826 1140 debet
843 1071 940 1141 tacito
953 1069 1143 1162 hujusmodi
1155 1091 1315 1138 musanen
1329 1069 1406 1138 dee-

291 1181 384 1268 titni3
409 1203 488 1272 crgo
512 1190 625 1251 contra
643 1181 748 1272 legem
771 1179 980 1273 praescribere
1004 1179 1130 1272 nequit,
1151 1177 1298 1269 quandin
1315 1178 1406 1270 Papa

293 1289 340 1358 sic
352 1298 497 1360 remanet
511 1290 633 1382 absque
648 1287 846 1358 reclamandi
861 1287 1024 1356 facilitate.

336 1396 457 1468 Sedulo
483 1397 671 1467 advertatur
694 1396 794 1489 hujus
816 1396 978 1466 ratiocinii
992 1396 1066 1463 vis:
1093 1417 1160 1464 non
1180 1393 1407 1464 concludimus

293 1529 335 1574 ox
357 1528 395 1575 eo
416 1505 504 1597 quod
525 1518 650 1574 ccrtrrm
673 1505 715 1573 sr't
739 1509 869 1596 Papam
889 1502 1113 1574 cosuetudini
1128 1525 1196 1572 non
1213 1503 1402 1584 mactus,

293 1611 349 1680 sed
367 1635 407 1682 ex
427 1635 464 1682 eo
477 1613 565 1706 quod
580 1613 615 1680 in
630 1613 798 1704 supposito
813 1635 888 1682 casn
904 1612 1065 1680 iacentem
1078 1611 1197 1680 saltem
1210 1612 1254 1680 sr't
1267 1633 1314 1678 oc
1327 1633 1405 1680 con-

292 1723 423 1790 sentiat.
449 1722 518 1790 Hoc
540 1721 610 1812 ipso
633 1721 722 1790 enim
744 1720 832 1812 quod
853 1721 1013 1788 incertum
1032 1720 1076 1787 sr't
1090 1743 1132 1788 an
1148 1718 1313 1809 legislator
1327 1719 1407 1787 velit

294 1829 398 1898 edicto
422 1851 482 1897 eno
506 1829 675 1918 derogare,
701 1836 797 1918 urget
819 1828 874 1919 jue
896 1827 1042 1896 naturale
1067 1836 1105 1896 nt
1128 1825 1268 1895 edictum
1291 1827 1406 1896 obser-

294 1951 406 2030 vetur,
432 1942 511 2034 quia
536 1940 680 2033 alioquin
706 1961 818 2010 omncs
843 1939 930 2029 leges
954 1937 1108 2006 humane
1135 1937 1264 2006 abirent
1291 1938 1326 2005 in
1353 1937 1406 2005 ni-

293 2048 410 2117 bilum.
436 2049 639 2140 Unoquoque
661 2047 750 2117 enim
775 2051 937 2115 momento
955 2043 1107 2136 possibile
1124 2053 1224 2112 estut
1238 2042 1406 2135 legislator

292 2157 426 2248 incipiat
444 2157 527 2225 velle
548 2155 611 2245 legi
634 2176 703 2223 suae
723 2153 892 2243 derogare,
914 2175 952 2220 ac
969 2151 1104 2244 proinde
1118 2173 1315 2242 unoquoque
1331 2173 1405 2219 mo-

294 2271 402 2332 mento
422 2263 580 2331 incertum
600 2275 645 2330 est
665 2285 708 2330 an
722 2260 899 2330 consentiat
914 2259 1128 2348 derogationi.
1156 2258 1191 2326 Si
1204 2280 1284 2349 ergo
1296 2259 1405 2327 ineer-

293 2373 397 2441 titudo
420 2371 491 2440 hrec
515 2371 582 2440 sola
606 2369 767 2440 sufficeret
790 2369 831 2439 od
853 2367 1029 2438 tollendam
1050 2367 1292 2458 obligationem,
1314 2367 1405 2437 nulla

293 2481 346 2548 lex
365 2480 509 2549 bumana
528 2480 696 2570 obligaret.
718 2479 803 2548 Hine
818 2501 931 2547 omnes
944 2477 1114 2546 admittere
1129 2476 1246 2545 debent
1259 2477 1406 2567 obligare

293 2588 397 2678 legem
425 2587 526 2656 donec
549 2595 685 2675 constet,
710 2585 744 2654 id
770 2593 830 2673 est,
857 2585 1001 2676 legitime
1024 2583 1173 2654 concludi
1195 2593 1227 2653 ct
1246 2585 1405 2676 presumi

294 2695 434 2786 possita
456 2694 639 2784 legislatore
661 2695 691 2762 ei
717 2694 818 2762 inisse
840 2691 1044 2782 derogatum.
1070 2689 1224 2772 Quendiu
1241 2691 1274 2759 id
1294 2691 1406 2784 aliquo

293 2802 390 2872 modo
418 2823 485 2872 non
511 2802 685 2889 constabit,
717 2800 914 2870 tenebuntur
941 2821 1054 2886 omnes
1083 2799 1189 2890 legem
1217 2798 1404 2886 observare,

293 2910 417 2980 etiamsi
439 2909 523 2978 torte
546 2909 586 2977 de
609 2909 692 2979 lacto
713 2916 836 2978 mutata
856 2907 974 2976 inisset
991 2907 1026 2974 in
1041 2905 1225 2996 legislatore
1237 2905 1407 2997 obligandi

294 3018 454 3087 voluntas.
480 3018 563 3087 Nam
584 3017 639 3110 jus
660 3015 807 3085 naturale
828 3013 900 3082 vult
922 3021 959 3082 nt
981 3020 1169 3106 permaneat
1186 3011 1357 3104 obligatio,
1375 3023 1406 3081 et

294 3126 456 3195 decretum
472 3125 664 3216 legislatoris
680 3123 816 3193 humani
835 3120 1047 3208 vimbabeat,
1069 3121 1172 3188 donec
1185 3119 1296 3211 aliquo
1310 3122 1408 3192 modo
1526 3195 1527 3198 ,

292 3241 415 3304 mactet
432 3233 658 3302 communitati
676 3231 827 3301 eumdem
847 3228 1065 3320 legislatorem
1078 3227 1156 3295 hnic
1170 3226 1299 3297 decreto
1311 3229 1408 3298 dero·

295 3365 398 3433 gesse.
422 3340 517 3412 Unde
539 3340 598 3410 boc
623 3340 694 3432 ipso
714 3339 802 3431 quod
828 3339 987 3407 incertum
1008 3344 1172 3404 remaneat
1191 3357 1234 3403 an
1251 3337 1409 3431 Princeps

295 3473 354 3520 sno
377 3450 504 3519 decreto
528 3447 745 3538 derogaverit,
771 3455 858 3516 certa
879 3468 919 3514 ex
938 3444 1012 3538 jure
1026 3443 1168 3513 naturali
1187 3453 1334 3515 remanet
1348 3445 1410 3514 de-

295 3566 418 3627 cretum
442 3556 523 3626 illud
547 3554 742 3626 observandi
765 3553 930 3644 obligatio.
956 3553 994 3620 ln
1017 3575 1093 3621 casu
1111 3559 1218 3621 autom
1238 3575 1305 3644 quo
1320 3553 1410 3647 Papa

294 3666 478 3736 facilitatem
506 3666 702 3736 reclamandi
726 3665 922 3751 nonhabet,
951 3672 983 3732 et
1004 3663 1088 3750 silet,
1113 3663 1270 3731 incertum
1295 3663 1410 3732 saltem

297 3782 440 3843 remanet
462 3797 504 3842 on
525 3773 815 3844 consuetudinibus
832 3773 898 3863 legi
916 3771 1087 3842 contrariis
1106 3772 1302 3859 consentiat;
1329 3795 1410 3865 ergo

298 3883 361 3950 nisi
392 3882 555 3951 silentium
587 3889 718 3975 rumpet
744 3889 776 3950 et
806 3903 957 3974 expresse
986 3880 1211 3950 consuetudini
1243 3882 1409 3968 desendet,

298 3997 385 4058 certo
406 3989 513 4081 pergit
532 3989 586 4058 lex
606 3988 774 4078 obligare:
802 3986 901 4080 idque
920 3987 1004 4073 ssuit,
1027 3995 1064 4056 ut
1082 3985 1241 4076 diximus,
1265 4009 1307 4057 ex
1322 3995 1410 4057 certo

295 4096 381 4186 juris
396 4096 552 4166 naturalis
566 4095 740 4188 principio.

342 4205 560 4274 Confirmatur
582 4204 682 4274 thesis
704 4227 743 4274 ex
765 4206 959 4297 Apostolieae
981 4205 1073 4274 Sedis
1093 4211 1125 4274 el
1141 4204 1249 4276 Curio
1265 4225 1410 4274 romanae
