3064 4952
294 457 352 524 186
644 477 818 524 rnccrurus
842 477 880 522 uu
904 477 1058 524 nannenus

288 616 386 708 gendi
409 641 478 686 esse
495 619 633 710 plenam
658 619 692 686 iu
714 617 865 686 Romano
891 617 1067 704 Pontifice3
1097 639 1175 708 ergo
1199 626 1338 710 potestus
1351 616 1403 685 illa

287 727 468 817 legislativa
483 736 541 796 est.

333 835 516 904 Concilium
544 834 787 907 Tridentinum.
805 873 850 888 -
867 835 984 905 Merito
1000 834 1174 927 Pontifices
1190 835 1334 904 matrimi
1344 857 1404 927 pro

289 966 441 1036 suprema
465 956 626 1037 potestate
652 945 715 1014 siti
743 945 778 1013 ia
799 945 949 1014 uniuersa
976 944 1122 1014 Ecclesia
1151 944 1278 1014 tradita
1293 967 1406 1013 causas

288 1052 417 1143 aliquas
431 1053 596 1144 praetores
610 1053 788 1122 mutuum
797 1065 978 1144 potueruut
988 1075 1046 1122 suo
1058 1054 1271 1145 peculiariter
1278 1053 1406 1144 judicio

290 1183 461 1230 reservare.
494 1161 592 1252 (Sess.
623 1185 693 1248 xiv,
724 1185 751 1230 c.
788 1162 833 1250 7.)
860 1161 917 1230 Ille
942 1183 1133 1254 supremam
1157 1169 1347 1252 potestatem
1374 1160 1408 1228 iu

292 1270 401 1361 aliquo
424 1291 527 1359 regno
549 1268 734 1338 nullatenus
756 1268 898 1355 obtinet,
920 1270 978 1360 qui
994 1271 1107 1360 legum
1131 1268 1345 1338 ferendarum
1363 1268 1409 1336 fa·

291 1376 409 1444 cultate
435 1376 633 1445 destituitur.
666 1377 779 1446 Patres
803 1399 883 1467 ergo
910 1377 1094 1446 Tridentini
1122 1377 1324 1468 pontificiam
1353 1399 1409 1468 po-

292 1492 440 1553 testatem
463 1507 651 1576 supremam
677 1484 759 1554 falso
788 1484 964 1572 dixissent,
996 1485 1059 1553 nisi
1088 1484 1305 1575 legislativum
1336 1507 1409 1554 eam

188 1667 189 1670 Ἴ
292 1593 511 1682 agnovissent.
544 1593 650 1674 Quam
681 1595 816 1684 insuper
849 1592 968 1683 agendi
1001 1593 1162 1662 rationem
1200 1615 1267 1662 uon
1298 1593 1410 1660 minus

293 1701 461 1768 evidenter
483 1685 665 1790 agnovere,¹
691 1700 772 1769 dum
798 1700 1000 1770 decretusne
1022 1700 1068 1770 ita
1093 1699 1265 1770 demuma
1286 1724 1321 1768 se
1334 1723 1412 1792 pro-

293 1811 367 1878 bata
388 1810 493 1878 testati
520 1816 615 1894 sunt,
642 1815 676 1876 ut
701 1809 792 1877 selva
816 1831 945 1900 semper
968 1807 1203 1899 intelligeretur
1229 1807 1354 1878 Christi
1379 1809 1412 1876 in

294 1917 388 1984 terris
402 1916 515 1988 vicarii
529 1915 714 1986 auctoritas.

719 2243 910 2302 tunicatus
929 2244 972 2299 lll.

324 2461 506 2503 ,lucustarum
527 2461 560 2500 EX
581 2459 708 2500 PthllBUS
728 2459 760 2498 ET
780 2459 859 2499 sltwL
879 2460 912 2498 EX
931 2459 1114 2499 AUCTORITATE
1133 2459 1227 2500 Buttvls
1245 2459 1389 2500 hoauattffl

687 2564 700 2590 u
720 2559 806 2598 SUPER
828 2559 989 2598 soututtnrtt.
1014 2563 1025 2584 '·

339 2793 425 2860 Cum
449 2791 536 2882 Papa
550 2791 628 2858 Pius
651 2791 715 2877 Vl,
733 2791 917 2860 testimonia
943 2791 1081 2862 Petrum
1095 2794 1130 2861 in
1144 2792 1303 2885 praedicto
1319 2793 1417 2863 Brevi
1517 2781 1518 2788 ἵ

296 2901 505 2986 indicaverit,
541 2900 645 2968 Breve
679 2899 760 2973 illud
797 2900 990 2991 allegando,
1024 2911 1055 2970 et
1092 2903 1228 2971 Petrum
1259 2904 1362 2972 simul
1388 2913 1418 2971 ct

297 3013 421 3080 summi
437 3010 602 3080 Pontificis
619 3009 802 3100 dogmatice
817 3018 918 3077 totam
935 3009 1114 3078 Ecclesiam
1132 3011 1296 3078 monentis
1308 3019 1418 3080 aucto-

297 3121 426 3188 ritatem
454 3119 659 3188 habebimus.
689 3117 762 3188 Sint
786 3141 864 3206 ergo
885 3127 1039 3210 excerpta
1062 3118 1133 3200 haec
1159 3120 1191 3186 in
1219 3119 1321 3188 thesis
1341 3143 1417 3188 con-

297 3227 529 3297 firmationem.
558 3254 574 3292 ιι
598 3228 704 3318 Super
731 3225 892 3296 soliditate
917 3232 1019 3316 petrae
1049 3225 1220 3294 fundatam
1241 3251 1262 3294 a
1289 3228 1418 3297 Christo

301 3363 318 3401 ιι
341 3335 539 3423 Ecclesiam,
581 3335 782 3425 Petrumque
823 3332 982 3423 singulari
1017 3332 1138 3402 Christi
1175 3357 1312 3422 munere
1350 3357 1417 3428 prae

301 3470 317 3508 ιι
342 3444 468 3512 caeteris
479 3444 630 3530 electum,
655 3443 712 3534 qui
728 3441 852 3511 vicaria
865 3447 1020 3532 potestate
1035 3441 1204 3533 apostolici
1219 3444 1311 3512 chori
1326 3445 1420 3534 prin·-

302 3580 319 3618 «
342 3574 417 3643 ceps
446 3550 615 3637 existeret,
654 3550 818 3642 totiusque
849 3547 929 3616 adeo
959 3549 1070 3640 gregis
1099 3552 1271 3640 pascendi,
1302 3553 1419 3622 fratres

303 3691 319 3729 ιι
343 3660 581 3749 confirmandi,
609 3669 740 3754 totoque
764 3661 841 3730 orbe
862 3660 989 3750 ligandi
1016 3685 1053 3730 ac
1077 3663 1225 3732 solvendi
1251 3687 1417 3734 summam

305 3798 321 3836 ιι
344 3793 458 3840 curam
484 3769 776 3861 auctoritatemque
797 3769 832 3836 in
856 3791 1057 3838 successores
1084 3771 1176 3839 omni
1204 3793 1275 3840 avo
1301 3794 1419 3863 proro-

304 3906 320 3944 ιι
343 3878 487 3968 gandam
525 3877 719 3968 susciperet,
758 3877 882 3968 dogma
919 3876 1116 3946 catholicum
1150 3886 1216 3966 est,
1248 3880 1335 3970 quod
1366 3903 1420 3948 ore

305 4013 321 4050 ιι
343 3986 465 4056 Christi
490 3991 681 4076 acceptum,
706 3985 842 4076 perenni
856 3985 994 4054 Petrum
1016 3985 1247 4076 predicatione
1261 3987 1418 4056 tradimm

307 4121 323 4158 ι
346 4116 382 4160 ac
409 4094 597 4180 detonsum,
627 4091 770 4162 Ecclesia
794 4093 952 4162 universa
975 4092 1068 4161 omni
1096 4101 1189 4162 aetnte
1219 4095 1420 4164 sanctissime

307 4229 323 4265 ιι
349 4201 497 4289 retinuit,
520 4201 706 4296 saepiusque
728 4200 885 4270 adversus
900 4209 1095 4271 novatorum
1112 4224 1254 4289 errores,
1271 4227 1419 4273 summo-
