3072 4948
489 501 572 549 rucis
594 501 745 552 cononici.
1112 485 1167 550 371

65 663 83 702 c
106 643 210 707 stetur
224 637 415 728 generaliter
426 661 486 731 pro
498 641 648 709 omnihus
658 639 948 710 consuctudinibus
962 641 1173 711 rationalibus

66 771 84 810 c
106 754 139 814 ct
160 747 220 816 rite
239 749 447 842 prescriptis.
471 752 516 818 At
538 773 615 820 vero
636 750 799 842 duplicem
821 751 963 843 priorem
979 773 1173 820 consensum

66 881 84 918 c
106 855 272 946 appellent
286 858 468 948 specialem,
488 880 527 926 eo
551 857 639 950 quod
661 880 722 950 pro
741 857 800 927 hnc
822 859 873 928 vel
887 858 943 927 ille
960 857 1174 928 determinate

66 989 83 1026 «
107 963 339 1034 consuetudine
352 966 386 1034 in
404 966 509 1057 specie
523 965 628 1052 detur,
646 964 725 1034 dum
741 967 776 1033 in
790 987 863 1035 eem
878 966 1034 1058 Princeps
1047 967 1098 1037 vel
1113 989 1172 1036 ex-

65 1097 83 1134 c
106 1093 229 1162 presse,
243 1073 297 1140 vel
310 1073 421 1142 seltem
435 1073 529 1142 tecite
543 1077 711 1143 consentit.
738 1099 755 1140 o
775 1073 1010 1166 (Reiffenstnel,
1022 1075 1059 1142 in
1076 1077 1090 1142 1
1110 1075 1174 1144 lle·

61 1179 245 1267 crelslinm,
260 1179 308 1249 tit.
326 1183 360 1267 l,
376 1179 397 1271 ξ
415 1185 446 1268 5,
462 1203 497 1250 n.
514 1181 602 1270 138.)

105 1287 154 1356 De
180 1311 331 1358 emiserim
353 1311 500 1381 expresso
525 1289 618 1360 nulle
636 1297 827 1382 potestesse
849 1289 1022 1360 difficultes
1038 1317 1046 1358 ε
1064 1289 1172 1358 stetim

59 1399 151 1466 enim
171 1419 209 1466 ec
231 1407 355 1468 constet
380 1399 565 1468 Romanum
593 1399 785 1468 Pontificem
811 1421 957 1491 seps-esse
975 1399 1073 1469 elicui
1092 1421 1175 1468 con-
1249 1443 1253 1452 ·

59 1505 234 1575 suetudine
257 1507 467 1592 consensisse,
490 1513 614 1576 certum
636 1515 684 1575 est
708 1507 796 1588 illem
817 1508 1085 1578 consuetudinem
1105 1509 1173 1575 vim

60 1611 143 1702 legis
171 1611 301 1681 hebere.
326 1611 550 1704 Exprimendo
569 1613 658 1680 enim
682 1612 879 1684 voluntatem
903 1613 998 1701 henc,
1025 1635 1173 1684 summus

60 1718 213 1788 Pontifex
240 1720 308 1811 ipse
328 1730 482 1811 tenquem
506 1719 610 1810 legem
637 1721 746 1788 firmet
764 1720 852 1812 qnod
871 1721 1082 1808 consuetudo,
1105 1721 1173 1790 sivo

60 1835 190 1918 preter,
205 1828 276 1898 sive
288 1835 400 1897 contre
413 1827 467 1918 jus
480 1849 651 1928 commune
665 1827 860 1900 introduxit.

506 2129 664 2188 PUNC'lUld
682 2132 728 2188 lll.

58 2301 84 2350 Sl
99 2299 258 2351 consuetudo
273 2303 340 2350 esset
356 2303 427 2350 certo
443 2299 625 2352 irrctlonebille
639 2313 685 2351 seu
701 2301 779 2360 mels,
795 2312 826 2349 ex
842 2299 914 2350 nullo
927 2299 1022 2349 summi
1043 2297 1172 2350 Pontificis

409 2403 538 2442 consensu
553 2391 606 2442 dm
624 2390 719 2441 hebere
740 2389 839 2453 posset.

102 2591 177 2660 Non
199 2611 241 2658 ex
265 2609 423 2659 consensu
444 2589 553 2678 legali,
568 2609 644 2656 cum
663 2587 722 2654 iste
745 2607 811 2654 non
830 2585 965 2654 exsistet
979 2585 1040 2654 nisi
1062 2587 1170 2678 quocd

57 2697 307 2768 consuetudines
324 2697 544 2766 rationabiles.
568 2694 641 2764 Non
663 2717 705 2764 ex
720 2715 880 2763 consensu
897 2694 1005 2780 lecito,
1023 2685 1097 2762 cum
1113 2717 1171 2763 ne-

57 2829 122 2898 que
145 2807 206 2874 iste
222 2805 376 2897 prsesumi
393 2805 493 2896 possit
513 2826 555 2871 ex
567 2801 697 2872 silentio
712 2802 834 2872 summi
848 2800 1023 2890 Pontificis,
1040 2803 1171 2893 quondo

57 2914 168 3002 egitur
192 2912 232 2982 de
252 2913 485 2982 consuetudine
504 2909 674 2980 intrinsece
693 2919 725 2978 et
747 2931 805 3000 per
820 2931 854 2978 ss
870 2909 955 2978 mdc
969 2918 1001 2978 et
1012 2913 1170 3000 peccemi-

58 3041 149 3088 nose.
172 3019 246 3088 Non
269 3041 312 3088 ex
335 3041 493 3088 consensu
516 3039 682 3110 expresso,
704 3038 779 3086 cum
800 3039 969 3108 nunquam
993 3019 1172 3088 consentiet

56 3149 207 3196 summus
231 3128 382 3196 Pontifex
407 3125 631 3197 consuetudini
655 3125 750 3194 mslae
775 3133 935 3217 quatenus
955 3125 1069 3212 melae3
1092 3149 1170 3217 ergo

56 3235 86 3302 si
99 3235 182 3304 torte
196 3234 353 3304 accideret
366 3235 557 3322 Pontificem
576 3255 729 3325 expresse
744 3233 882 3325 probem
902 3233 1167 3303 consuetudinem

57 3343 178 3411 melem
204 3343 343 3435 alicujus
368 3344 523 3434 regionis,
550 3343 702 3434 deceptus
727 3363 844 3433 nempe
863 3342 945 3411 lelse
957 3342 1068 3434 eliqne
1083 3343 1169 3412 rele-

55 3451 158 3536 ticne,
179 3450 268 3519 illem
288 3473 352 3520 non
373 3451 554 3519 intenderet
570 3451 750 3542 approbere
774 3449 837 3516 nisi
857 3458 1017 3541 quotenus
1036 3450 1168 3540 bouem,

56 3567 88 3624 et
111 3558 160 3626 sic
182 3579 259 3626 vcre
282 3559 317 3626 in
331 3557 597 3627 consuetudinem
612 3564 711 3648 prout
723 3557 757 3624 in
773 3579 808 3624 se
819 3565 867 3624 est
881 3577 946 3624 non
960 3558 1167 3630 consentiret.

56 3665 219 3734 Praeteree
237 3663 435 3734 consuetudo
456 3665 629 3733 intrinsece
649 3664 734 3732 mele
751 3685 808 3732 seu
825 3663 1068 3748 irretionebilis,
1086 3674 1168 3735 essct

56 3773 116 3848 hoc
143 3777 215 3868 ipso
239 3785 352 3844 contre
372 3776 429 3867 jus
448 3775 595 3844 neturele
613 3775 666 3842 vel
688 3773 836 3842 divinum
862 3773 1053 3866 positivum,
1080 3777 1168 3847 cuin

57 3882 145 3952 nulle
159 3891 314 3977 potestate
330 3883 473 3953 humens
487 3883 637 3972 derogeri
653 3889 767 3973 potest.
