3042 4946
482 515 564 562 soors
587 515 737 564 canocice
1108 501 1167 570 581

19 683 31 721 ι
68 679 161 724 cum
192 657 319 726 dudum
335 664 502 750 receptum
518 657 621 726 luit...
645 663 675 726 5⁰
690 658 774 740 Quia
792 681 833 727 ex
849 661 1059 752 scriptoribus
1073 661 1172 732 hodie

18 793 33 828 ;‹
71 765 176 833 natis
200 765 289 858 apud
318 789 376 834 nos
400 765 483 834 alius
506 765 606 834 alium
633 773 729 858 atque
750 765 850 834 alium
867 774 952 836 tenet
972 769 1120 840 ordinem
1136 771 1171 839 in

18 901 37 939 a
72 873 301 964 gravissimis
323 873 559 966 pertractandis
581 874 699 952 rebus;
728 875 760 942 id
781 875 869 966 quod
896 876 976 944 mihi
995 878 1104 948 visum
1123 888 1174 948 est

18 1007 39 1045 a
72 981 298 1072 privatorum
325 981 461 1050 arbitrio
480 981 615 1049 minime
639 979 781 1074 relinqui
800 980 932 1062 debere;
950 1006 1024 1053 cum
1043 1008 1115 1054 eam
1130 986 1171 1056 ch

18 1117 42 1154 a
75 1111 225 1158 causam
248 1090 323 1158 sciri
347 1090 435 1158 hand
461 1087 655 1181 possitque
675 1089 717 1156 sit
739 1089 871 1181 propria
893 1091 1051 1183 cujusque
1070 1116 1171 1185 argu-

20 1225 44 1264 «
79 1201 193 1266 menti
209 1199 313 1267 veluti
332 1197 423 1267 sedes
442 1226 449 1266 :
467 1221 533 1290 quo
555 1196 626 1266 loco
643 1197 729 1266 idem
751 1197 785 1265 in
802 1198 945 1289 antiquis
960 1197 1170 1270 decretalium

24 1331 45 1370 a
78 1306 419 1376 commentationibus
444 1307 486 1374 sit
510 1304 774 1396 investigandum
792 1333 799 1374 :
816 1307 897 1398 qnid
918 1308 1059 1399 denique
1081 1333 1171 1379 ccm-

25 1441 46 1477 «
80 1413 181 1482 modi
195 1437 237 1482 ex
253 1415 436 1482 recentibus
449 1413 543 1482 libris
557 1436 626 1506 pree
642 1413 799 1505 antiquis,
816 1417 1059 1507 comparatione
1073 1418 1169 1508 lacte,

28 1549 50 1586 «
82 1519 229 1590 studiosi
245 1521 315 1613 ejus
326 1521 411 1614 juris
426 1529 612 1613 exspectare
626 1529 756 1614 queant.
776 1548 792 1586 e
812 1521 931 1612 (instit.
944 1524 1036 1615 juris
1049 1527 1168 1609 eccles„

25 1629 136 1698 initio
154 1631 257 1722 primi
269 1629 473 1720 voluminis.)

84 1738 197 1808 Hodie
224 1747 331 1808 tamen
361 1738 546 1824 methodus,
572 1761 592 1806 a
614 1738 707 1807 libris
734 1739 952 1808 Decretalium
972 1749 1126 1835 tanquam
1152 1769 1172 1814 a

30 1859 123 1940 typo
150 1847 454 1939 praedeterminata,
481 1847 675 1937 generaliter
702 1847 956 1941 derelinquitur,
987 1859 1084 1945 atque
1112 1878 1172 1923 suc

32 1959 187 2050 quisque
207 1965 381 2048 systemate
402 1957 621 2026 institutiones
635 1965 667 2026 et
682 1959 969 2027 commentationes
990 1962 1074 2029 sacri
1087 1962 1172 2053 juris

36 2067 231 2135 concinnat.
258 2067 305 2134 lte
321 2066 406 2135 inter
428 2067 508 2136 alios
524 2067 645 2135 multos
666 2067 822 2153 Schenkl,
847 2066 987 2154 Walter,
1005 2079 1036 2137 et
1063 2073 1173 2140 novis-

38 2177 130 2242 sime
154 2175 303 2266 Phillips.
322 2175 433 2266 Neque
456 2197 517 2264 ego
539 2175 727 2244 existimavi
750 2174 828 2242 huic
844 2183 1028 2266 temporum
1043 2188 1171 2248 nostro-

39 2306 123 2351 rum
136 2283 203 2374 jam
231 2283 390 2352 obtinenti
410 2283 637 2352 consuetudini
653 2305 722 2350 esse
742 2281 968 2350 obnitendum.
988 2283 1069 2365 Qum
1082 2290 1170 2357 enim

42 2401 160 2460 nostro
182 2401 274 2461 aetate
297 2392 428 2460 utiliora
442 2399 530 2479 sunt,
549 2391 678 2460 clariori
694 2391 808 2460 ordine
828 2390 981 2459 videntur
996 2415 1088 2483 posse
1103 2395 1172 2466 dis-

45 2501 140 2592 poni,
163 2523 261 2592 qnam
277 2500 336 2568 sia
353 2500 434 2568 serie
453 2498 662 2568 decretalium
681 2521 746 2567 non
769 2497 1001 2567 discederetur.
1027 2502 1171 2574 Aliunde

44 2616 157 2676 autem
173 2607 260 2700 quod
276 2608 355 2676 olim
371 2608 536 2700 proderat,
555 2607 632 2700 quia
652 2606 804 2676 omnibus
819 2614 932 2676 notum
949 2609 1075 2702 Corpus
1087 2613 1171 2705 juris

44 2715 207 2802 canonici,
241 2714 338 2785 hodie
367 2715 491 2796 multis,
520 2715 747 2806 tironibusque
777 2716 973 2806 presertim,
1002 2720 1172 2789 conlusio-

46 2845 127 2890 nem
144 2832 285 2913 pareret3
309 2831 340 2891 et
357 2823 488 2890 tandem
513 2823 598 2914 (qum
616 2822 698 2890 ratio
718 2823 821 2890 instar
836 2824 1034 2892 necessitatis
1048 2831 1170 2920 urget),

47 2929 266 3000 institutiones
274 2931 371 3022 juxta
385 2929 604 2998 Decretalium
619 2929 719 2998 libros
733 2928 898 2999 ordinatas
912 2931 1008 3022 pauci
1025 2932 1170 3024 legerent

49 3041 106 3110 vel
124 3041 213 3110 nulli.

100 3149 168 3219 Jem
184 3173 261 3219 vero
273 3150 356 3218 inter
371 3149 489 3217 liberas
506 3148 687 3236 methodos,
705 3171 859 3240 quaenam
874 3150 1000 3219 caeteris
1016 3155 1171 3245 anteponi

54 3257 178 3346 debeat,
201 3257 362 3326 subtiliori
385 3280 483 3349 quam
510 3256 648 3344 utiliori,
679 3263 715 3324 ut
739 3255 820 3324 mihi
845 3257 987 3346 videtur,
1017 3259 1170 3330 disserta-

55 3366 142 3434 tione
165 3365 332 3457 inquirnnt
355 3363 503 3434 moderni
525 3373 683 3434 auctores.
708 3364 796 3432 Dum
811 3365 898 3433 enim
915 3373 979 3434 tam
995 3367 1125 3438 abunde
1140 3379 1173 3438 et

58 3475 210 3545 subtiliter
233 3475 400 3566 disputent
422 3476 461 3544 de
487 3498 562 3544 vere
587 3475 811 3568 philosophica
833 3484 930 3568 atque
953 3501 970 3545 e
993 3479 1172 3550 visceribus

59 3585 107 3652 rei
130 3581 259 3652 deducta
282 3582 434 3652 methodo
453 3605 518 3674 qua
539 3583 670 3652 tractari
691 3582 776 3675 juris
797 3583 880 3651 sacri
905 3585 1102 3674 questiones
1115 3589 1173 3658 de-

60 3698 138 3778 ceat,
162 3693 193 3760 in
215 3692 286 3782 ipsa
309 3691 527 3783 quaestionum
553 3691 741 3759 tractatione
756 3675 851 3758 valde
864 3690 968 3783 jejuni
981 3692 1172 3788 plerumque

63 3808 144 3868 sunt.
164 3799 342 3868 Fatendum
359 3809 467 3868 tamen
482 3807 529 3868 est
548 3799 730 3890 plurimum
742 3799 778 3866 in
795 3799 898 3867 variis
913 3798 1092 3892 disciplinis
1108 3806 1175 3872 uti-

64 3909 133 3977 liter
151 3907 311 3977 tradendis
332 3908 480 3976 conlerre
507 3907 696 3976 methodum
720 3929 763 3974 ex
778 3913 896 3974 natura
910 3909 957 3976 rei
974 3918 1173 4000 pertractan-

68 4019 115 4085 dae
137 4017 319 4107 regulariter
346 4017 529 4104 deductam,
556 4039 631 4110 quae
652 4015 775 4084 scilicet
798 4037 816 4083 a
840 4017 1083 4106 generalissima
1099 4045 1174 4114 pro-

69 4126 156 4218 positi
180 4125 294 4216 objecti
317 4125 575 4195 consideratione
605 4131 760 4214 tanquam
792 4147 811 4190 a
843 4131 958 4192 trunco
987 4127 1175 4218 exordiens,

71 4257 123 4326 per
141 4233 269 4324 logicam
296 4235 495 4303 divisionum
516 4239 546 4298 et
575 4229 840 4302 subdivisionum
863 4230 1175 4330 subordinationem,
