3050 4946
313 465 369 530 158
662 489 836 533 rurcratcs
861 489 898 532 nr
921 488 1077 532 enisurus

306 623 409 691 Porro
433 624 562 712 singula
583 649 657 716 qnae
678 627 712 694 in
734 627 915 694 lsidoriana
936 627 1125 694 collectione
1138 635 1228 712 snut,
1246 625 1421 718 probantur

305 729 462 800 doctriua
481 741 556 800 ante
577 733 737 802 lsidorum
755 745 892 826 receptae
907 745 939 802 et
957 735 1138 826 disciplinae
1152 743 1227 803 ante
1242 735 1356 825 ipsum
1374 737 1422 802 ri-

305 840 393 927 genti
419 861 572 908 consona.
600 840 695 922 Quod
719 864 793 910 curn
819 843 917 910 nimis
943 843 1079 932 longum
1102 851 1185 910 esset
1207 843 1248 910 de
1272 842 1422 910 omnibus

307 947 359 1014 hic
384 947 565 1034 ostendere,
588 950 666 1016 satis
689 951 731 1017 sit
756 973 830 1018 cum
853 951 1025 1018 Ballerinis
1038 973 1077 1018 ea
1093 959 1219 1018 tantum
1235 973 1422 1040 percurrere

305 1054 477 1146 dequibus
497 1056 559 1124 tuit
581 1079 656 1125 curn
673 1058 850 1126 Hincmaro
865 1058 1014 1150 qrrffltio.
1036 1059 1182 1126 «Nonne
1196 1081 1306 1125 cansae
1322 1059 1422 1149 majo-

309 1187 400 1232 ures
425 1188 499 1256 qnae
523 1167 608 1233 circa
631 1169 850 1235 accusationes
876 1168 1112 1258 Episcoporum
1136 1176 1312 1234 remeatur
1330 1167 1422 1233 certis

308 1299 325 1338 a
347 1275 559 1365 antiquorum
574 1275 769 1342 Pontificum
790 1275 927 1343 decretis
941 1283 1127 1360 reservatae,
1148 1276 1219 1342 sine
1230 1275 1304 1364 ejus
1314 1297 1419 1342 asseu

308 1406 324 1444 «
348 1403 387 1448 su
411 1381 540 1449 deliniri
566 1405 631 1450 non
648 1387 822 1473 poterant?
837 1383 921 1452 Vide
941 1385 1026 1451 inter
1039 1393 1156 1452 caetera
1171 1384 1291 1452 Leonis
1304 1385 1421 1474 episto-

308 1515 324 1552 «
347 1489 395 1556 las
409 1494 441 1576 6,
458 1493 511 1576 13,
531 1493 585 1574 11,
600 1500 631 1558 et
642 1491 790 1580 Gregorii
805 1491 852 1560 IV
866 1492 1035 1581 epistolam
1045 1493 1186 1582 primani
1198 1491 1239 1558 ad
1253 1493 1423 1558 universos

306 1621 323 1658 a
348 1595 533 1688 Episcopos.
563 1597 677 1664 Nonne
702 1598 939 1689 Episcoporum
963 1599 1194 1690 appellationes
1211 1599 1252 1666 ad
1275 1597 1421 1666 eamdem

307 1703 455 1772 «sedem
484 1705 627 1796 antiquis
657 1709 835 1774 canonibus
861 1718 893 1774 et
923 1707 1164 1791 consuetudini,
1198 1730 1235 1774 ac
1266 1707 1422 1798 primatus

306 1813 441 1880 uetiam
464 1813 532 1903 juri
560 1815 689 1882 innixas
716 1816 993 1905 probavimns‘l...
1024 1815 1071 1883 Ne
1100 1837 1213 1882 omues
1241 1817 1421 1906 promiscue

307 1945 323 1984 a
347 1919 560 1991 admittantur
585 1922 626 1990 ad
648 1924 867 1991 accusandum
893 1925 1104 2014 Episcopum,
1125 1933 1258 1992 cantum
1274 1925 1420 1992 lueratiu

307 2053 323 2090 a
346 2029 524 2098 canonibus
548 2029 667 2097 codicis
685 2031 832 2098 Africani
859 2035 934 2114 128,
957 2035 1032 2116 129,
1054 2035 1114 2097 1311
1138 2039 1171 2097 et
1188 2035 1262 2116 131,
1283 2053 1343 2098 nec
1359 2054 1420 2098 non

306 2163 323 2202 c
347 2138 441 2206 etiam
456 2161 579 2208 maone
591 2145 609 2207 6
622 2141 748 2208 concilii
764 2141 1125 2232 Constantinopolitani,
1139 2163 1235 2232 quem
1250 2163 1292 2208 ex
1308 2141 1419 2208 Graeco

304 2271 320 2310 a
343 2245 450 2316 codice
466 2248 617 2318 Nicolaus
639 2251 653 2316 l
672 2251 782 2318 laudat
799 2249 934 2340 epistola
953 2257 1077 2318 octava.
1103 2251 1279 2340 Episcopos
1306 2249 1419 2340 ejectos

307 2379 323 2417 u
346 2361 377 2422 et
401 2355 468 2423 suis
490 2355 588 2428 rebus
613 2357 811 2448 exspoliatos
830 2380 896 2425 uon
917 2357 1081 2446 cogendos
1103 2356 1144 2424 ad
1167 2357 1343 2448 judicium,
1359 2358 1419 2425 nisi

306 2487 320 2524 a
345 2461 436 2552 prius
460 2463 605 2531 insnum
624 2464 762 2553 gradum
789 2465 1060 2551 restituantur...,
1078 2465 1242 2554 colligitur
1254 2487 1295 2534 ex
1312 2465 1418 2533 codice

304 2595 320 2632 u
346 2569 494 2640 Ecclesiae
510 2572 686 2658 Africana,
704 2597 733 2640 e.
753 2577 805 2640 87.
821 2574 898 2642 llaec
912 2583 944 2641 et
959 2573 1111 2665 quaedam
1124 2575 1188 2641 alia
1201 2575 1347 2665 ejusdem
1362 2597 1417 2663 ge-

304 2703 320 2740 «
345 2678 444 2762 neris,
470 2701 544 2769 quae
567 2702 661 2748 novae
678 2679 859 2770 disciplinae.
874 2705 893 2748 a
909 2681 1236 2771 pseudo-isidorianis
1251 2681 1417 2750 decretali-

304 2810 320 2848 «
338 2785 405 2856 bus
418 2785 559 2856 inducta
576 2788 779 2874 tribuuntur,
796 2789 904 2878 legere
919 2788 1033 2856 licebit
1047 2790 1082 2856 in
1094 2790 1238 2878 epistolis
1249 2794 1281 2874 8,
1296 2794 1352 2857 tet
1364 2793 1413 2873 38,

306 2923 321 2960 «
346 2897 468 2964 Nicolai
492 2898 518 2982 Ι,
547 2897 603 2988 qui
628 2907 734 2964 tamen
761 2897 830 2987 ipse
855 2918 921 2963 non
943 2918 985 2962 ex
1006 2895 1070 2962 illis
1088 2895 1285 2986 apocryphis
1299 2895 1415 2986 quibus

305 3031 322 3068 u
345 3005 473 3072 carebat
497 3003 553 3072 sed
570 3013 601 3072 et
621 3005 860 3096 antiquioribus
881 3001 1086 3072 documentis
1108 3006 1312 3072 confirmat»
1340 3005 1415 3094 (loco

301 3135 399 3204 supra
418 3112 537 3202 citato).
559 3112 643 3180 Cum
659 3133 738 3200 ergo
754 3111 908 3202 quaelibet
929 3121 997 3178 tum
1013 3110 1169 3178 doctrinae
1183 3111 1268 3178 circa
1283 3121 1415 3202 potesta-

300 3229 365 3288 tem
392 3219 531 3288 Romani
554 3219 731 3304 pontilicis,
758 3227 827 3286 tum
843 3217 1023 3308 discipline
1044 3227 1176 3307 puncta,
1194 3219 1227 3284 in
1243 3217 1415 3286 isidoriana

300 3330 485 3397 collectione
513 3336 674 3410 contenta,
711 3328 976 3396 demonstrentur
1012 3325 1145 3394 aliunde
1177 3328 1273 3394 certis
1305 3349 1415 3394 mouit-

302 3438 420 3506 mentis
449 3445 523 3505 aute
553 3437 714 3505 Isidorum
745 3443 883 3526 recepta,
916 3435 1108 3523 figmentum
1131 3435 1266 3503 omuino
1291 3444 1338 3503 est
1365 3434 1415 3502 illa

175 3565 181 3578 ·
300 3557 462 3638 praetensa
488 3569 546 3638 per
572 3545 667 3614 falsas
690 3545 865 3612 decretales
884 3545 1068 3612 immutatio
1088 3553 1120 3613 et
1135 3545 1180 3611 rei
1199 3542 1413 3614 ecclesiastice

301 3655 512 3748 perturbatio.

347 3767 565 3832 Aranunuruu
574 3763 615 3831 11.
624 3801 667 3814 -
675 3765 731 3831 Ea
738 3765 957 3854 acceptatione
967 3764 1132 3855 salsarum
1143 3763 1367 3832 decretalium.
1377 3799 1415 3813 -

221 3887 223 3903 “
300 3875 433 3942 Certum
447 3883 494 3942 est
520 3873 591 3940 illas
604 3873 726 3964 absque
741 3873 969 3942 reclamatione
990 3873 1114 3963 ubique
1138 3881 1285 3963 acceptas
1308 3871 1413 3952 iuuisse,

301 3984 382 4074 quin
402 3983 542 4050 oriretur
561 3982 602 4050 de
624 4004 737 4049 earum
759 3981 897 4050 falsitate
920 3978 1071 4050 dubium.
1095 3981 1198 4073 Atqui
1213 3980 1415 4072 impossibilis

303 4090 415 4158 fuisset
444 4088 632 4181 hujusmodi
663 4089 796 4178 pacifica
821 4089 1031 4174 introductio,
1054 4090 1081 4156 si
1104 4089 1313 4157 exsistentem
1345 4097 1414 4155 tuuc

303 4197 506 4290 disciplinam
532 4207 563 4265 et
584 4197 763 4268 doctrinam
785 4199 987 4266 evertissent.
1005 4199 1108 4289 Cttjus
1122 4200 1309 4288 argumenti
1327 4198 1374 4265 vis
1390 4198 1413 4264 si
