3050 4946
635 443 808 489 amuranus
830 443 870 490 DE
892 443 1047 490 sumemus

708 847 852 918 CAPUT
875 851 964 928 vlu.

281 1087 319 1132 DE
366 1086 529 1134 Bnttvlnnto
566 1087 603 1132 ET
645 1087 848 1134 COLLECTlONE
884 1088 1050 1152 CRESCONH,
1095 1090 1215 1136 SAECULO
1251 1090 1388 1137 sumno.
1506 1115 1507 1130 r

323 1349 533 1418 Cresconium
556 1371 626 1435 seu,
654 1359 690 1419 nt
715 1351 770 1419 alii
795 1351 933 1438 malunt,
958 1351 1175 1440 Grisconium,
1198 1352 1390 1422 Africanum

277 1456 487 1548 Episcopum,
513 1479 599 1527 anno
624 1461 685 1526 697
709 1458 857 1528 floruisse
872 1481 913 1527 ex
937 1459 1033 1528 certis
1046 1458 1250 1530 documentis
1264 1461 1390 1550 colligi-

154 1655 158 1667 ·
275 1574 342 1634 tur.
368 1566 450 1634 Duae
476 1565 579 1656 ipsius
599 1566 639 1636 de
657 1589 692 1636 re
712 1567 867 1636 canonica
882 1567 1058 1637 laudantur
1080 1568 1294 1656 collectiones,
1311 1574 1390 1638 Bre-

276 1673 422 1741 viarium
444 1695 572 1764 nempe,
588 1683 620 1742 et
636 1675 817 1744 Corrcordio
831 1697 1007 1744 cononum.
1029 1676 1116 1744 Ante
1130 1675 1310 1746 Bellerinos
1324 1677 1392 1744 lra-

278 1791 343 1850 tres
377 1781 560 1850 dubitatum
587 1791 635 1852 est
661 1784 747 1853 inter
777 1785 922 1854 eruditos
950 1807 1031 1854 num
1065 1786 1132 1854 dno
1162 1794 1269 1854 essent
1295 1808 1390 1877 opera

277 1891 439 1978 distincta,
462 1913 504 1959 an
527 1892 635 1983 potius
660 1892 735 1963 dum
754 1891 901 1984 ejusdem
919 1894 1028 1985 operis
1041 1902 1170 1985 partes;
1186 1894 1264 1962 item
1280 1903 1388 1963 utrum

279 1999 460 2068 Concordia
475 2022 640 2068 canonum
653 2022 674 2068 a
686 2001 859 2070 Cresconio
872 2001 943 2092 ipso
958 2023 1000 2069 an
1015 2001 1057 2070 ab
1072 2001 1137 2070 alio
1148 2001 1245 2092 juxta
1257 2003 1389 2070 Brevio-
1506 2013 1507 2092 ,

276 2107 322 2175 rii
335 2107 484 2177 ordinem
500 2108 614 2178 fnisset
628 2110 832 2178 concinnata.
849 2109 1005 2178 Ballerini
1019 2117 1131 2178 anum
1146 2109 1260 2178 multis
1273 2111 1388 2180 veteri-
1506 2141 1507 2156 κ

274 2217 337 2285 bus
363 2216 527 2286 codicibus
540 2216 675 2286 feliciter
696 2217 840 2285 inventis
857 2217 914 2304 (De
929 2218 1032 2308 antiq.
1057 2216 1131 2286 coll.
1159 2239 1246 2300 cam,
1264 2239 1340 2308 pars
1356 2223 1386 2302 l,

275 2349 302 2392 c.
337 2327 367 2415 3)
397 2323 607 2393 ostenderunt
628 2334 661 2394 et
687 2334 866 2416 utrumque
892 2349 975 2416 opus
999 2347 1068 2394 esse
1094 2325 1271 2410 Cresconii,
1295 2337 1327 2394 et
1348 2325 1386 2394 ad

274 2456 375 2502 unam
401 2430 616 2524 eamdemque
639 2431 863 2502 collectionem
890 2435 1064 2524 pertinere.
1093 2433 1301 2502 Breoiamam
1327 2434 1387 2502 sci-

272 2541 348 2610 licet
369 2549 417 2609 est
438 2541 533 2632 quasi
551 2541 660 2608 tabula
680 2541 860 2610 collectioni
885 2540 1069 2632 praemissa,
1094 2542 1129 2610 in
1144 2565 1210 2632 qua
1224 2551 1387 2633 ponuntur

275 2654 338 2719 300
362 2649 450 2718 tituli
470 2672 548 2724 cnm
571 2649 640 2720 sola
661 2650 856 2720 indicatione
877 2649 1153 2720 documentorum
1180 2679 1188 2718 ι
1211 2662 1283 2721 tnm
1308 2653 1386 2720 snb-

269 2756 421 2850 jungitnr
457 2758 572 2826 eodem
607 2757 721 2827 ordine
760 2759 910 2848 ipsorum
947 2757 1221 2828 documentorum
1249 2781 1308 2828 sco
1335 2782 1386 2828 ca-

273 2890 400 2936 nonum
439 2866 600 2953 collectio,
640 2889 714 2958 quae
756 2890 799 2936 ex
846 2866 1033 2937 collectione
1074 2867 1225 2958 Dionysii
1268 2867 1385 2957 Exigui

271 2975 446 3066 desumpta
460 2984 519 3044 cst.

313 3085 434 3155 Notant
454 3085 623 3169 Ballerini,
649 3085 860 3156 Cresconium
889 3084 1039 3174 primum
1066 3085 1167 3154 inisse
1187 3085 1247 3176 qui
1270 3085 1305 3152 in
1331 3108 1386 3153 sua
1504 3139 1505 3142 ,

269 3194 456 3264 collectione
475 3193 617 3286 synodos
639 3202 671 3260 et
694 3193 846 3283 epistolas
865 3192 1094 3260 Romanorum
1108 3191 1309 3262 Pontificum
1323 3215 1386 3262 non

270 3302 407 3373 ediderit
433 3303 577 3391 integras
600 3309 728 3370 servato
750 3309 938 3391 temporum
959 3299 1088 3386 ordine,
1113 3309 1150 3368 ut
1164 3301 1292 3392 antiqui
1306 3301 1385 3370 lece·

270 3421 357 3499 rant,
379 3411 437 3480 sed
457 3418 559 3479 sectas
580 3409 615 3476 in
638 3417 757 3500 partes,
784 3421 816 3476 et
831 3408 864 3476 in
879 3407 991 3476 titulos
1003 3407 1213 3496 distributas,
1230 3431 1298 3478 non
1312 3432 1387 3502 pro-

268 3519 346 3589 inde
382 3517 612 3588 Burchardnm
650 3525 682 3586 et
716 3516 852 3586 ivonem
890 3514 1129 3584 Carnutenscm
1165 3515 1291 3607 primos
1330 3516 1386 3586 hac

269 3627 423 3698 methodo
440 3649 516 3696 usos
530 3626 650 3713 fnisse,
669 3623 726 3693 sed
738 3624 952 3694 Cresconium
966 3645 1008 3692 ex
1023 3623 1093 3692 sola
1107 3624 1310 3716 Dionysiana
1323 3625 1386 3693 col-

266 3735 405 3806 lectione
419 3733 614 3804 docnmenta
633 3732 843 3825 excerpsisse,
860 3731 1091 3801 Barchardum
1110 3755 1188 3802 vero
1206 3741 1239 3802 et
1253 3733 1384 3804 lvonem
1503 3821 1504 3838 χ

269 3866 312 3913 ex
326 3843 399 3912 aliis
413 3865 543 3935 qnoque
556 3841 712 3911 lontibus.

313 3951 478 4021 Cresconii
498 3948 706 4019 Brentesium
732 3959 764 4016 et
791 3951 966 4018 Cononem
987 3948 1196 4018 corcordiam
1218 3947 1385 4018 ediderunt

268 4060 406 4134 Voellns
436 4070 468 4127 et
497 4057 658 4128 Henricus
681 4057 837 4128 instellns
860 4059 895 4126 in
917 4065 1007 4126 tomo
1033 4059 1048 4126 Ι
1073 4057 1283 4126 Bibliothecae
1299 4056 1385 4148 juris

268 4169 419 4242 canonici
444 4167 568 4251 ocimu,
600 4165 656 4234 sed
684 4166 860 4257 separatim
893 4193 900 4234 :
929 4166 1138 4236 Breviorium
1166 4187 1285 4258 nempe
1310 4187 1381 4236 cum
