3022 4950
312 474 352 540 20
664 493 839 542 rmcrtrns
863 497 901 542 nn
924 495 1078 544 rmuurua

310 636 384 703 tatis
399 635 574 724 sensitiva,
593 643 662 704 tum
684 636 887 723 hominibus,
908 645 979 705 tum
996 636 1105 706 brutis
1120 637 1215 706 etiam
1232 635 1432 706 animalibus

309 743 473 813 communi
486 770 496 832 ;
521 753 553 813 ot
579 743 652 813 ideo
666 769 741 814 cum
767 747 906 838 Ulpiano
918 745 974 838 jus
996 747 1143 816 naturale
1157 746 1386 837 intelligebant
1400 754 1435 815 et

309 852 506 922 deliniebant
529 853 619 945 quod
638 865 763 922 natura
785 855 899 922 omnia
920 855 1085 924 animalia
1105 854 1227 924 docuit.
1252 854 1317 924 Sed
1337 854 1433 923 illius

243 1003 246 1014 ·
309 959 441 1051 abjecta
461 961 604 1029 notionis
622 961 743 1030 falsitas
757 961 838 1030 adeo
857 971 957 1053 patet,
973 971 1010 1032 ut
1026 963 1073 1031 illi
1088 959 1294 1032 confutandas
1310 963 1434 1032 immo·

308 1069 450 1138 randum
467 1093 532 1139 non
547 1070 598 1139 sit.
616 1070 669 1138 Ad
686 1071 787 1139 multa
800 1071 919 1140 scilicet
934 1072 1096 1163 appetitus
1109 1071 1284 1141 sensitivus
1296 1071 1434 1140 inclinat

308 1178 468 1265 homines,
486 1201 561 1270 quae
572 1177 695 1246 nedum
707 1178 865 1269 sintjuris
877 1179 1048 1267 naturalis,
1066 1179 1108 1246 ab
1124 1179 1186 1248 isto
1198 1179 1274 1270 jure
1286 1202 1304 1248 e
1316 1187 1434 1247 contra

307 1286 522 1378 prohibentur
531 1313 540 1373 ;
558 1286 633 1354 licet
647 1286 761 1355 eadem
777 1287 812 1354 in
827 1287 945 1372 brutis,
963 1293 1076 1378 utpote
1096 1289 1221 1357 ratione
1237 1297 1269 1355 et
1281 1287 1434 1356 libertate

306 1394 503 1480 carentibus,
525 1393 610 1462 mala
627 1417 693 1462 non
708 1393 786 1461 sint.
808 1394 946 1476 Quando
966 1417 1046 1464 vero
1068 1394 1294 1465 inclinationes
1311 1394 1433 1486 hujus-

308 1500 396 1571 modi
425 1503 518 1571 mnlae
539 1524 605 1570 non
633 1511 721 1591 suut,
748 1502 893 1571 iudicant
919 1502 1053 1596 quidem
1069 1503 1125 1593 Jus
1144 1504 1306 1592 naturale,
1331 1512 1363 1572 et
1387 1503 1434 1572 ad

305 1612 389 1681 illud
414 1610 619 1703 probandum
633 1621 866 1701 argumentum
881 1611 1152 1699 subministrant3
1175 1610 1231 1680 sed
1252 1613 1434 1703 ipsummet

237 1703 241 1718 ¹
305 1721 360 1812 jus
389 1720 536 1789 naturale
567 1742 633 1789 non
664 1721 879 1790 constituunt.
914 1719 1009 1788 Adde
1051 1719 1218 1790 facultates
1256 1719 1433 1789 sensitiras

309 1829 450 1898 hominis
477 1851 496 1896 a
519 1828 628 1898 multis
658 1828 847 1918 abhorrere,
879 1829 1019 1921 adquae
1046 1837 1155 1898 tamen
1182 1829 1257 1920 jure
1286 1829 1434 1898 naturali

310 1945 449 2005 tenetur.

353 2049 385 2112 2.
403 2043 469 2112 Alii
482 2067 558 2112 cum
575 2044 726 2136 Vasq'uez
749 2045 792 2132 (1.
816 2049 849 2128 2,
875 2044 951 2113 dist.
977 2048 1052 2133 tto,
1069 2067 1098 2113 c.
1120 2046 1152 2135 3)
1168 2043 1356 2113 existiment
1374 2044 1433 2135 jus

309 2153 455 2223 naturale
484 2175 553 2220 esse
580 2153 754 2244 ipsammet
781 2162 931 2221 naturam
964 2153 1168 2240 rationalem,
1197 2160 1358 2244 quatenus
1382 2162 1434 2220 est

308 2263 414 2356 prima
429 2261 543 2351 regula
557 2260 609 2330 vel
624 2261 703 2330 boni
718 2262 956 2348 convenientis,
974 2262 1028 2330 vel
1048 2261 1125 2329 mali
1139 2259 1429 2329 discemeniemis.

308 2372 392 2440 Cum
419 2393 535 2463 nempe
553 2369 673 2461 aliquae
693 2369 837 2439 actiones
857 2370 923 2437 sint
945 2393 1002 2460 per
1024 2393 1072 2456 se,
1094 2392 1150 2437 scu
1166 2355 1206 2437 ex
1223 2375 1340 2437 natura
1354 2389 1431 2454 sua,

310 2482 482 2549 intrinsece
509 2479 615 2566 malae,
638 2501 696 2546 nec
718 2479 842 2546 malitia
865 2479 926 2546 ista
948 2476 1086 2568 pendeat
1106 2475 1358 2568 aprohibitione
1372 2486 1434 2544 aut

310 2589 474 2656 voluntate
490 2588 614 2670 divina,
628 2585 889 2655 concludendum
907 2592 1024 2676 putant
1037 2585 1142 2674 legem
1158 2583 1340 2652 naturalem
1361 2604 1434 2651 esse

311 2697 485 2788 ipsammet
511 2695 657 2766 hominis
685 2705 717 2763 et
743 2703 877 2764 actuum
909 2695 1132 2763 humanorum
1161 2692 1345 2762 essentiam.
1371 2691 1435 2759 Illa

311 2811 419 2871 antem
443 2803 545 2888 notio,
564 2826 639 2896 quse
654 2827 674 2870 a
691 2803 801 2871 multis
817 2802 990 2888 refellitur,
1008 2801 1118 2893 aliquo
1132 2823 1229 2870 sensu
1244 2823 1322 2868 vera
1338 2799 1435 2868 vidc-

311 2924 378 3000 tur,
395 2913 504 3003 aliquo
519 2934 616 2981 seusu
636 2911 732 2998 falsa3
757 2915 845 3002 quod
869 2911 991 3003 patebit
1013 2909 1208 2979 attendendo
1233 2908 1274 2977 ad
1298 2929 1435 2977 sensum

311 3022 472 3110 strictum,
502 3021 596 3090 etad
622 3045 755 3090 sensum
779 3022 883 3090 latum
910 3019 1060 3089 vocabuli
1085 3019 1173 3086 illius
1196 3019 1258 3087 lea.
1288 3017 1323 3085 Si
1342 3017 1436 3086 euim

310 3131 420 3200 stricto
444 3153 542 3197 seusu
564 3137 753 3220 usurpetur,
781 3129 930 3219 designat
945 3117 1052 3197 actum
1068 3150 1133 3218 quo
1149 3127 1298 3218 superior
1312 3124 1435 3218 aliquis

312 3240 462 3332 prohibet
469 3239 594 3331 aliquid
606 3239 658 3307 vel
667 3238 822 3330 injungit.
835 3237 943 3326 Unde,
956 3238 1014 3306 ubi
1026 3237 1115 3306 deest
1126 3235 1303 3327 superioris
1312 3233 1434 3304 voluu-

313 3357 362 3414 tas
379 3346 503 3438 aliquid
520 3346 711 3438 praecipieus
729 3345 782 3414 vel
802 3345 989 3438 prohibens,
1007 3343 1096 3412 deest
1114 3344 1168 3413 lex
1183 3343 1315 3435 proprie
1332 3340 1432 3411 diota.

312 3453 353 3522 ut
374 3453 435 3522 hoc
450 3475 548 3521 sensu
567 3451 685 3521 falsum
702 3460 750 3521 est
769 3453 940 3520 essentiam
965 3452 1070 3543 ipsam
1087 3451 1253 3520 actionum
1271 3450 1435 3518 humana-

312 3585 399 3648 rum,
417 3563 486 3632 sive
501 3560 673 3630 essentiam
687 3559 845 3648 hominis,
860 3559 1028 3628 autetiam
1043 3558 1114 3644 Dei,
1126 3581 1201 3628 csse
1212 3558 1318 3648 legem
1335 3566 1436 3627 natu-

313 3670 434 3756 ralem;
452 3667 616 3761 siquidem
632 3667 773 3737 essentia
795 3668 851 3735 illa
866 3689 931 3735 non
949 3675 996 3734 est
1012 3665 1135 3756 aliquis
1150 3675 1241 3734 actus
1256 3665 1436 3734 voluntatis

313 3779 514 3871 prohibentis
536 3777 662 3870 aliquos
684 3784 776 3844 actus
798 3783 856 3843 aut
876 3773 1095 3866 precipientis
1117 3773 1211 3860 elios,
1228 3771 1284 3841 sed
1303 3779 1436 3841 tautum

314 3896 362 3956 est
378 3887 472 3972 ratio,
487 3908 547 3954 our
559 3885 707 3977 praedicti
721 3891 812 3952 actus
827 3881 1068 3950 constituantur
1082 3881 1117 3949 in
1131 3903 1165 3949 se
1180 3880 1258 3948 boni
1275 3879 1326 3948 vel
1342 3881 1435 3970 mali,

314 4006 346 4067 et
362 3997 456 4084 ratio,
479 4017 538 4063 cnr
562 3993 621 4060 Ilei
643 3991 847 4060 sanctissima
869 3999 901 4059 et
912 3989 1094 4081 justissima
1108 3989 1259 4059 voluntas
1273 4011 1327 4059 eos
1343 3998 1437 4060 actus

315 4104 495 4178 necessario
513 4102 626 4194 jubeat
653 4101 705 4171 vel
730 4109 827 4170 vetet.
855 4098 1043 4193 Aliquando
1065 4106 1173 4167 autem
1201 4121 1267 4168 vox
1296 4099 1352 4167 illa
1381 4099 1437 4168 lea

316 4224 493 4311 usurpatur
510 4235 569 4305 pro
592 4209 805 4280 laudamento
828 4209 921 4300 legis,
951 4209 1004 4279 vel
1029 4208 1127 4276 etiam
1150 4195 1211 4300 pro
1238 4207 1344 4276 medio
1374 4230 1436 4300 per
