3048 4954
290 439 329 504 78
399 453 404 464 “
642 458 816 504 ratcrrrus
839 457 877 502 on
900 455 1054 504 rurnerrus

286 606 402 686 tatem,
431 597 486 666 sed
514 607 621 666 servat
647 605 767 684 totam3
792 620 871 687 ergo
891 598 974 666 sicut
994 597 1099 690 potuit
1117 595 1210 666 initio
1232 617 1299 666 non
1321 620 1401 666 con-

285 707 403 776 sentire
429 707 660 776 consuetudini
685 707 857 777 contrariae
878 707 1059 798 incipienti,
1081 715 1119 774 et·
1134 707 1209 799 jure
1229 708 1400 776 communi

282 813 385 904 ligare
408 813 575 904 regionem
596 813 687 883 illam
699 867 708 900 ,
738 823 841 906 potest
861 837 990 905 semper
1019 836 1227 906 quocumque
1251 823 1399 906 ternpore

280 923 372 991 illam
401 924 641 1014 constringere3
672 946 751 1014 ergo
781 931 812 992 et
840 922 1107 993 consuetudinem
1138 925 1278 992 irritare.
1307 925 1398 1014 Ergo

281 1039 384 1121 potest
405 1054 534 1123 semper
555 1053 707 1100 summus
727 1031 879 1099 Pontifex
899 1030 1028 1098 irritare
1045 1030 1101 1123 jus
1117 1030 1278 1100 nationale
1293 1031 1398 1100 eccle·

282 1140 464 1228 siasticam,
481 1161 522 1210 ex
541 1162 632 1210 mero
645 1139 816 1233 privilegio
836 1139 1071 1210 introductum.

323 1249 505 1319 Pnorosrrro
530 1253 561 1317 2.
586 1287 632 1301 -
657 1247 748 1316 Idem
778 1246 962 1330 uicenam,
993 1249 1125 1316 etiamsi
1137 1249 1198 1340 jus
1225 1248 1398 1318 nationale

274 1358 377 1447 suerit
396 1357 490 1426 initia
510 1357 569 1446 jus
585 1379 767 1438 commuue,
793 1369 824 1424 et
844 1379 911 1424 non
933 1357 1070 1424 evaserit
1088 1357 1307 1448 particulare,
1332 1358 1398 1426 nisi

279 1465 358 1556 quia
373 1466 433 1557 jus
454 1488 625 1534 commune
645 1465 842 1556 qeneraliter
865 1465 947 1534 olidi
959 1478 1137 1547 mutatum,
1162 1466 1198 1533 in
1212 1466 1326 1558 aliqua
1341 1490 1396 1534 re-

277 1573 372 1661 qione
409 1573 547 1641 illesum
574 1572 769 1664 permansit.
798 1611 838 1623 -
866 1572 1049 1641 Probamus
1083 1573 1170 1641 infra
1205 1574 1306 1664 (parte
1347 1573 1390 1660 ΙΙ,

277 1688 352 1747 sect.
380 1683 417 1766 2,
440 1703 510 1771 cap.
537 1682 588 1769 1),
611 1679 760 1748 Romano
774 1677 924 1748 Pontifici
946 1689 1129 1771 competere
1144 1702 1310 1748 summam
1327 1699 1393 1772 po-

278 1795 425 1856 testatem
448 1787 665 1877 legislativam
692 1788 725 1855 in
751 1787 913 1868 Ecclesia,
944 1797 975 1855 et
998 1789 1032 1855 in
1056 1791 1210 1856 Tractatu
1233 1788 1272 1856 cle
1294 1792 1392 1880 Papa

276 1895 478 1964 ostendimus
504 1896 587 1964 hane
623 1903 813 1988 potestatem
834 1918 902 1963 esse
932 1903 1120 1988 potestatem
1151 1919 1250 1988 supra
1281 1902 1390 1967 conci·

274 2005 360 2072 lium
380 2001 637 2089 acumenicum,
663 2021 816 2096 utsupra
842 2027 980 2073 canones
1006 2029 1025 2072 a
1050 2006 1105 2073 tali
1128 2007 1225 2074 etiam
1253 2007 1390 2076 concilio

275 2111 440 2198 decretos3
464 2111 551 2204 quod
574 2112 709 2180 includit
724 2112 826 2180 simul
842 2113 1010 2203 prasentis
1034 2113 1133 2181 thesis
1148 2115 1385 2204 probationem.

321 2220 503 2289 Prorosrrro
528 2225 559 2287 3.
586 2259 629 2272 -
651 2223 761 2288 Potest
782 2243 928 2288 summus
946 2222 1108 2312 Pontifex,
1129 2223 1225 2318 justa
1240 2225 1389 2314 culpante

274 2351 390 2411 caasa,
412 2329 547 2397 irritae
555 2329 617 2421 jus
636 2329 829 2397 canonicum
849 2329 1034 2411 nationale,
1061 2331 1161 2398 etiam
1184 2331 1388 2400 concordatis

269 2437 456 2528 firmatum.
486 2475 529 2490 --
558 2433 760 2504 Gravissima
788 2443 837 2504 est
861 2437 932 2504 haee
957 2439 1106 2528 questio,
1136 2447 1168 2505 et
1197 2441 1386 2530 nuperrime

272 2543 378 2612 adhuc
412 2545 577 2613 occasione
606 2544 890 2634 perturbationum
926 2545 1019 2634 regni
1048 2543 1208 2613 Sardinia
1246 2547 1383 2636 agitata,

272 2661 385 2718 utrum
406 2673 558 2718 summus
581 2650 732 2718 Pontifex
756 2651 957 2718 concordatis
976 2635 1209 2720 ¹contravenire
1235 2663 1267 2720 et
1288 2653 1384 2722 dero-

271 2780 348 2847 gare
362 2759 476 2848 possit.
493 2759 712 2826 Disserentem
729 2758 886 2826 Binerum
902 2757 1093 2828 audiamus:

320 2892 336 2929 c
359 2865 453 2934 Ratio
469 2863 660 2950 dubitandi,
679 2865 742 2952 nit,
759 2887 828 2934 esse
841 2866 987 2934 videtur:
1005 2868 1082 2958 quia
1095 2891 1267 2938 summum
1283 2871 1382 2938 etiam

276 2973 499 3065 «principem
523 2973 611 3064 leges
634 2995 710 3042 suas
732 2974 904 3042 observare
930 2975 1070 3066 postulat
1095 2976 1250 3044 naturalis
1278 2979 1384 3068 aequi-

274 3109 291 3148 a
315 3095 401 3150 tas...
430 3081 483 3150 Ad
508 3081 598 3170 hmo,
628 3091 719 3174 pacta
743 3092 774 3151 et
797 3091 979 3152 contractus
1002 3107 1151 3153 summos
1169 3087 1268 3154 etiam
1286 3088 1381 3178 prin—

273 3220 290 3258 «
313 3194 399 3284 cipes
422 3193 544 3282 ligant,
560 3217 637 3262 cum
656 3193 740 3285 juris
761 3195 917 3264 naturalis
931 3197 1049 3265 scitum
1073 3200 1136 3286 sit,
1154 3199 1254 3268 tidem
1270 3200 1379 3270 deum

273 3329 290 3368 u
312 3324 381 3370 esse
394 3299 600 3370 servandam.
621 3303 663 3368 At
683 3303 875 3371 concordata
890 3315 966 3373 sunt
982 3329 1059 3374 vera
1073 3316 1181 3398 pacta,
1199 3310 1377 3401 etquidem

272 3439 289 3476 u
312 3409 459 3502 publica,
478 3418 593 3479 mutuo
616 3432 773 3478 consensu
789 3411 898 3510 'inita;
914 3415 1139 3506 promittitque
1158 3417 1194 3483 in
1209 3417 1248 3484 iis
1265 3419 1307 3508 (t't
1324 3418 1379 3486 di-

271 3543 288 3582 «
311 3526 393 3586 serte
406 3517 555 3584 Pontifex
567 3519 826 3609 seperquarnois
837 3519 1092 3610 dispunctam,
1104 3523 1163 3590 sud
1174 3547 1379 3616 quacumque

167 3707 170 3714 γ
271 3655 288 3692 c
310 3629 479 3696 cuborum
502 3630 613 3718 forma
624 3629 750 3719 saetam
772 3643 832 3696 aut
852 3630 1118 3721 faciendamnon
1140 3633 1378 3725 impediturum

270 3763 287 3802 a
310 3735 556 3804 ordinariorum
573 3737 779 3828 aliorumque
798 3737 992 3807 collatorum
1008 3741 1258 3829 provisiones...
1268 3743 1376 3834 juata

270 3871 286 3912 u
309 3842 504 3914 concordata
520 3845 667 3933 sactus...
686 3843 867 3936 Subditque
889 3855 999 3937 postea
1016 3870 1089 3916 eam
1104 3849 1374 3920 concordatorum

296 4113 331 4179 tt)
341 4111 406 4166 Citat
417 4113 493 4164 itiner
506 4105 542 4163 ibi
554 4109 739 4164 concordatum
752 4113 895 4168 Germanias
913 4114 973 4169 anni
989 4119 1058 4183 rste,
1068 4134 1116 4184 per
1129 4117 1226 4172 buttem
1243 4121 1340 4173 tttcotnt
1354 4120 1374 4174 v

263 4195 303 4254 Aa
313 4209 412 4261 maram
429 4195 501 4244 Petri
513 4193 597 4244 rectem
610 4193 747 4246 firmatum.
