3064 4952
495 525 578 574 runrs
600 527 751 574 cruenter.
1124 506 1178 572 ltl

59 673 159 742 Politi
182 674 459 768 (temperantia
481 674 692 744 ecclesiastica
717 673 879 756 universa,
905 681 929 741 t.
958 676 985 761 l,
1009 683 1126 768 quaest.
1154 681 1186 762 7,

59 803 133 870 pag.
157 785 232 867 llt,
248 781 326 851 edit.
342 781 460 852 Venet.
478 783 588 872 1787),
607 780 688 850 dum
701 779 858 849 Photium
868 778 1063 873 hujusmodi
1073 791 1185 877 potes·

60 887 135 956 tatis
164 888 356 980 legislatirae
378 889 413 958 in
442 890 544 958 veteri
569 887 711 958 Ecclesia
736 887 930 957 exercitium
951 888 1105 960 audacter
1129 914 1187 960 ue-

59 1002 194 1084 gantem
210 995 355 1065 confutat
369 1004 466 1090 atque
480 995 583 1089 aperti
601 993 762 1064 mendacii
779 1014 873 1064 reum
888 993 1092 1069 demonstrat
1110 1027 1117 1067 :

111 1129 128 1168 a
151 1102 340 1172 Plurimum
362 1129 382 1173 a
407 1125 487 1175 vero
507 1101 635 1173 abludit
658 1101 740 1172 illud
763 1101 850 1194 quod
867 1103 912 1171 ait
925 1103 1063 1176 Photius
1077 1105 1112 1174 in
1128 1129 1188 1177 suo

64 1211 339 1281 «Nomocanone
364 1213 399 1305 (t.
429 1213 456 1300 1,
481 1235 508 1280 c.
539 1211 586 1302 l),
616 1211 761 1280 elicorum
788 1232 887 1280 neco
908 1212 1023 1281 veteris
1035 1214 1188 1284 Ecclesia

65 1345 82 1384 a
107 1319 280 1407 instinctis,
308 1332 346 1390 ut
368 1319 504 1389 eeclesiis
527 1319 680 1389 omnibus
695 1323 865 1388 Romanus
880 1319 1037 1410 Pontifex
1051 1343 1190 1391 conones

66 1453 83 1490 a
107 1425 225 1495 edicat.
242 1427 291 1496 Ne
306 1427 410 1496 nimia
424 1427 569 1496 satietate
584 1434 615 1496 te
625 1426 798 1514 delassem,
815 1449 936 1520 paucos
946 1435 1076 1499 tautum
1087 1452 1188 1501 cano-

68 1561 83 1598 r
106 1557 165 1602 nes
186 1535 392 1624 memorabo,
414 1536 472 1628 qui
489 1535 646 1604 Photium
666 1557 807 1627 suosque
828 1535 966 1604 asseclas
981 1536 1187 1628 putidissimi

68 1673 84 1711 a
107 1645 270 1716 mendacii
294 1650 482 1735 coarguent.
509 1641 648 1711 Sanctus
672 1640 843 1710 Eraristus
868 1663 954 1710 anno
979 1645 1054 1732 112,
1077 1646 1188 1715 statuit

69 1763 232 1845 «septem
253 1752 406 1821 diaconos
431 1749 599 1842 Episcopis
625 1748 779 1818 omnibus
802 1749 842 1818 ud
867 1749 1029 1842 populum
1056 1753 1188 1822 concio-

69 1891 84 1928 «
106 1863 263 1933 nantibus
283 1869 402 1955 praesto
430 1883 499 1930 esse
521 1857 650 1928 debere.
676 1856 814 1928 Sanctus
834 1857 949 1930 Xistus
961 1861 989 1948 l,
1007 1881 1094 1931 anno
1111 1864 1186 1950 132,

70 2003 84 2038 a
106 1975 252 2044 decrevit
275 1981 312 2042 ut
331 1972 442 2042 nullus
461 1971 640 2064 Episcopus
661 1969 803 2038 Romam
823 1979 975 2040 evocatus
999 1972 1039 2041 ad
1064 1973 1189 2065 episco-

71 2111 86 2146 a
108 2090 221 2175 patum
251 2104 350 2150 suum
372 2079 501 2149 rediens
524 2077 755 2169 susciperetur,
783 2077 846 2144 nisi
871 2078 1067 2169 Apostolicae
1095 2080 1190 2150 Sedis

72 2215 86 2252 a
108 2189 231 2258 litteras
250 2191 415 2280 formatas
441 2186 562 2280 populo
578 2207 638 2254 suo
658 2183 838 2252 exhiberet.
861 2183 974 2276 (Erant
988 2185 1105 2256 litterae
1122 2188 1189 2256 for·-

73 2310 220 2386 amatae,
253 2321 311 2392 per
334 2321 414 2390 quas
440 2297 549 2367 unitus
580 2295 670 2385 fidei,
695 2319 731 2364 ac
756 2304 892 2366 mutuus
922 2296 1008 2365 intcr
1036 2301 1190 2390 caputet

73 2410 261 2478 «membra
284 2429 378 2476 amor
401 2406 504 2477 foveri
528 2413 560 2474 et
588 2403 767 2496 significari
792 2412 1026 2485 consueverat3
1053 2406 1190 2499 ideoque

74 2520 207 2588 aetiam
232 2518 408 2604 canoniea,
431 2514 732 2586 communicatoriae
754 2523 786 2583 et
807 2514 949 2607 pacificae
974 2515 1185 2586 vocabantur.

75 2627 236 2696 illarum
263 2625 511 2695 scribendarum
544 2623 725 2711 rationem,
759 2646 800 2692 ue
830 2623 939 2692 fraudi
968 2623 1058 2692 locus
1087 2633 1187 2712 esset,

74 2734 309 2828 «praescripsit
335 2733 466 2801 Nicaena
490 2730 661 2823 synodus.)
690 2729 829 2801 Sanctus
852 2731 978 2819 Victor,
998 2753 1084 2801 anuo
1110 2736 1187 2821 198,

76 2871 90 2908 c
112 2843 193 2914 cavit
214 2865 256 2912 ne
269 2842 338 2911 ullo
352 2841 416 2911 alio
431 2861 532 2932 quem
546 2839 713 2908 dominico
729 2838 781 2908 die
799 2839 997 2932 mysterium
1022 2861 1189 2910 resurrec-

78 2983 92 3018 ιι
112 2957 205 3026 tionis
227 2955 361 3025 Domini
381 2953 490 3022 ubivis
518 2961 682 3021 terrarum
698 2950 926 3020 celebraretur.
946 2950 1085 3021 Sanctus
1100 2953 1186 3024 Cor-

78 3089 91 3124 «
112 3064 225 3149 nelias,
258 3084 343 3132 anno
374 3063 451 3146 nrt,
483 3060 595 3130 statuit
622 3066 659 3127 ut
688 3059 783 3151 lapsi,
808 3058 925 3127 ubiubi
952 3059 1071 3148 essent,
1095 3071 1188 3130 extra

78 3172 224 3240 «mortis
260 3169 460 3262 pericnlum,
494 3166 626 3236 nonnisi
653 3173 784 3258 peracta
811 3164 967 3236 diuturna
997 3170 1190 3260 poenitentia

79 3303 92 3340 c
112 3279 331 3370 reciperentur
347 3277 378 3344 in
398 3275 680 3345 communionem.
699 3273 839 3342 Sanctus
855 3273 989 3363 Lucius,
1005 3297 1092 3346 anno
1109 3283 1186 3368 256,

79 3413 91 3446 u
111 3385 210 3454 edixit
233 3395 269 3453 ut
293 3382 358 3453 duo
383 3383 563 3476 presbyteri
589 3389 620 3450 et
645 3380 773 3451 diaconi
788 3389 853 3450 tres
868 3381 1066 3475 Episcopum
1081 3409 1188 3478 quan-

80 3519 92 3554 «
113 3502 325 3585 tumcumque
346 3513 451 3583 usqne
473 3491 719 3577 comitarentur,
737 3497 832 3559 testes
857 3489 929 3582 ejus
944 3490 1021 3559 vitre
1044 3500 1075 3561 et
1089 3497 1188 3564 actio-

80 3628 92 3664 α
113 3625 204 3671 uum.
221 3601 301 3670 Haec
311 3624 351 3669 ex
364 3601 464 3668 Libro
473 3599 664 3692 pontificali
673 3605 869 3692 exprompta
881 3605 998 3666 sunt...
1009 3599 1189 3673 Historiam

81 3737 93 3772 a
114 3711 338 3780 Romanorum
359 3706 555 3778 Pontificum
581 3729 656 3799 quae
683 3706 745 3774 sub
766 3706 863 3775 titulo
883 3705 978 3774 Libri
991 3709 1193 3802 pontificalis

81 3843 94 3880 «
114 3818 355 3902 circumfertur,
377 3839 397 3884 e
420 3815 570 3908 pluribus
593 3824 762 3884 exaratam
788 3812 1020 3882 existimamus
1048 3842 1055 3881 :
1086 3817 1190 3887 nihil-

83 3951 95 3986 «
116 3927 267 4012 ominus,
296 3933 332 3993 ut
365 3923 578 4016 autographae
611 3923 828 4015 genuinisque
858 3945 901 3990 ex
931 3921 1101 4014 scripturis
1130 3948 1195 3995 ex-

85 4057 98 4094 a
118 4043 231 4126 oerptae
247 4032 431 4102 maximam
453 4053 491 4100 uc
509 4053 677 4101 summam
706 4029 806 4098 fidem
826 4027 1011 4098 habendam
1032 4053 1101 4101 esse
1121 4057 1196 4104 crn-

87 4164 101 4198 «
121 4163 265 4210 semus...

127 4273 141 4311 r
162 4247 224 4318 Sed
253 4249 324 4318 haec
341 4249 476 4318 fortusse
497 4246 561 4315 lide
580 4245 729 4316 laborant
752 4243 840 4338 apud
859 4265 927 4331 eos,
943 4243 1001 4340 qui
1018 4267 1055 4316 ea
1070 4251 1194 4344 omnia,
