3042 4946
553 519 634 566 ,runis
658 517 811 566 canonum.
1176 499 1236 564 527

121 655 178 726 sed
203 667 356 751 tauquam
385 659 568 746 intrusum;
601 681 667 728 non
694 668 849 750 tanquam
883 669 1056 749 pastorem,
1084 658 1138 728 sed
1168 669 1239 728 tan·

120 787 221 857 mam
235 765 351 859 lupum
367 789 405 836 ae
416 767 586 837 latronem.

166 872 231 942 Sed
247 883 277 942 et
293 875 402 966 quood
416 875 633 945 sacerdotium
649 873 848 968 superiorem
861 897 899 944 ao
910 875 1034 966 Regem
1046 875 1109 946 sibi
1121 875 1242 946 babent

119 980 307 1052 Romanum
331 983 518 1053 Antistitem
541 983 650 1054 caeteri
665 1005 778 1054 omnes
799 982 964 1074 Episcopi.
981 983 1138 1064 Quamvis
1150 985 1238 1054 enim

119 1090 300 1184 Episcopus
322 1093 462 1185 quisque
485 1091 526 1160 ad
551 1092 657 1160 valide
679 1091 929 1161 consecrandam
952 1089 1097 1161 divinam
1111 1093 1239 1162 Eucba·

120 1198 259 1288 ristiam,
286 1200 498 1270 conferendos
526 1219 634 1270 sacrm
662 1199 792 1268 ordines
814 1198 1131 1290 ministrandumque
1159 1223 1239 1270 oon-

120 1307 314 1376 lirmetionis
329 1316 567 1378 sacramentum
585 1330 605 1376 a
623 1306 760 1376 Summo
783 1305 936 1375 Pontifice
958 1329 1025 1376 non
1044 1305 1235 1398 dependeat,

119 1439 255 1508 prorsus
276 1430 383 1488 tamen
404 1417 563 1510 dependet
580 1416 687 1510 quoad
703 1416 887 1506 legitimum
909 1415 1055 1507 ejusdem
1072 1417 1237 1508 potestatis

119 1527 323 1596 exercitium.
342 1529 395 1595 Ad
411 1529 533 1619 Papam
549 1524 712 1618 siquidem
728 1525 868 1618 pertinet
879 1524 970 1615 leges
979 1525 1064 1593 circa
1074 1524 1237 1616 ejusmodi

119 1636 313 1704 exercitium
338 1635 476 1723 edicere,
509 1634 631 1726 quibus
660 1633 811 1726 Episcopi
838 1655 952 1702 omnes
977 1632 1235 1723 obstringuntur.

118 1744 201 1812 ltcm
227 1751 330 1836 potest
351 1745 440 1836 Papu
462 1743 627 1836 quodlibet
641 1741 735 1813 diotae
756 1743 921 1834 potestatis
934 1741 1125 1813 exercitium
1141 1743 1238 1812 alicui

119 1850 280 1942 Episcopo
299 1851 484 1943 prohibere,
501 1850 563 1920 sub
578 1860 687 1920 reatus
698 1851 809 1941 gravis
821 1861 918 1943 atque
933 1851 1029 1920 edam
1045 1871 1237 1921 excummu-

119 1959 293 2028 nicationis
312 1981 416 2051 paena.
435 1959 507 2041 Qua
527 1966 630 2028 stente
646 1957 880 2050 prohibitione,
903 1957 929 2025 si
943 1958 1121 2050 Episcopus
1134 1958 1237 2030 dictos

120 2068 288 2157 potestatis
309 2065 435 2136 ordinis
458 2073 550 2134 actus
576 2071 737 2150 exerceat,
765 2063 872 2132 valide
891 2062 1026 2155 quidem
1040 2075 1126 2154 aget,
1144 2075 1177 2135 at
1192 2069 1237 2134 si·

120 2175 191 2243 mul
220 2174 373 2244 horrendi
400 2197 468 2244 sese
495 2173 611 2264 flagitii
637 2194 729 2241 reum
754 2170 860 2259 faciet,
889 2179 920 2239 et
945 2180 1038 2240 extra
1061 2172 1237 2242 Ecclesiam

113 2283 263 2375 seipsum
284 2284 402 2352 misere
426 2281 625 2352 exturbabit.
648 2280 742 2350 Unde
765 2281 835 2370 ipsa
857 2279 983 2348 ordinis
1003 2289 1155 2371 potestas,
1173 2283 1237 2351 nisi

118 2392 339 2484 dependenter
359 2415 379 2460 a
398 2392 486 2484 Papa
508 2397 708 2477 exerceatur,
729 2389 798 2480 jam
820 2411 885 2458 non
899 2397 947 2457 est
961 2397 1100 2481 potestas
1114 2391 1178 2460 nisi
1194 2392 1235 2461 ad

118 2499 278 2588 flagitium
294 2510 327 2569 et
342 2509 488 2568 mortem.

162 2607 300 2699 Insuper
323 2607 432 2699 aliqua
457 2605 583 2675 ordinis
607 2613 758 2697 potestas,
780 2605 877 2673 etiem
901 2605 1009 2697 quoad
1034 2607 1236 2677 validitatem

117 2740 138 2784 a
151 2715 306 2816 Romano·
313 2713 467 2785 Pontifice
482 2713 653 2807 dependet.
671 2705 773 2799 Verbi
790 2715 907 2803 gratis,
921 2714 1119 2806 penitentie
1132 2739 1238 2787 sacra-

119 2831 265 2893 mentum
290 2823 398 2892 valide
421 2845 487 2892 nou
510 2823 670 2891 ministrat
688 2822 866 2916 Episcopus
890 2823 952 2890 nisi
968 2823 1109 2915 eisquos
1123 2825 1185 2916 ipsi
1199 2827 1236 2896 in

116 2930 266 2999 subditos
280 2930 447 3000 Romanus
461 2929 587 2998 Presul
600 2929 824 3020 assignaverit.

162 3037 250 3128 Ergo
269 3037 437 3107 Romanus
456 3036 646 3128 Episcopus,
664 3035 881 3106 secerdotium
900 3059 959 3106 seu
972 3046 1160 3131 potestatem
1175 3064 1235 3112 or-

117 3145 204 3213 dinis
218 3147 265 3214 ita
284 3145 437 3237 possidet,
454 3155 490 3214 ut
503 3145 571 3236 ipse
586 3145 840 3236 independenter
855 3168 874 3213 a
891 3146 1035 3238 quolibet
1052 3149 1116 3218 alio
1130 3151 1236 3220 valeat
1319 3235 1321 3244 γ

117 3260 306 3342 potestatem
334 3252 423 3321 illam
442 3252 586 3341 legitime
609 3273 772 3321 exercere.
801 3252 870 3320 Alii
887 3275 966 3321 vero
996 3254 1145 3348 Episcopi
1167 3280 1234 3326 non

117 3359 181 3428 nisi
206 3358 425 3451 dependenter
445 3360 487 3428 ab
513 3359 583 3451 ipso
609 3359 734 3428 licitum
760 3360 879 3428 habent
898 3359 1046 3450 ejusdem
1069 3365 1235 3454 potestatis

116 3467 323 3554 exercitium
341 3468 442 3536 immo
456 3490 513 3536 uec
526 3467 674 3536 validum
690 3467 796 3558 quoad
809 3466 951 3558 aliquam
964 3466 1060 3538 dicte
1070 3473 1235 3560 potestatis

116 3584 254 3665 partem.
280 3575 367 3665 Ergo
390 3575 560 3646 sacerdotii
581 3583 719 3667 potestas
739 3575 842 3666 major
864 3596 900 3642 ac
914 3575 1064 3666 superior
1085 3589 1144 3664 cst,
1158 3579 1235 3670 jure

115 3683 242 3768 divino,
264 3683 298 3749 iu
316 3683 464 3752 Romano
483 3682 650 3751 Pontifice.
675 3683 763 3772 Ergo
786 3683 883 3750 etiarn
896 3680 1004 3774 quoad
1019 3685 1234 3754 sacerdotium

115 3813 173 3859 seu
187 3789 313 3859 ordinis
328 3799 528 3882 potestatem,
546 3791 714 3858 Romanus
730 3789 909 3881 Episcopus
922 3791 1050 3859 caeteris
1066 3791 1234 3886 Episcopis

114 3899 265 3991 superior
282 3911 340 3967 est.
357 3897 521 3966 Nimirum
536 3899 632 3967 etiam
649 3906 810 3988 quatenus
830 3897 979 3967 sacerdos
996 3899 1074 3991 ipsis
1089 3908 1122 3968 et
1136 3911 1233 3993 ceput

114 4021 146 4080 et
161 4035 219 4081 rex
235 4021 294 4084 cst.

159 4121 331 4214 Equidem,
352 4129 472 4190 attenta
490 4121 558 4191 sola
574 4127 727 4213 potestate
742 4140 816 4210 quae
839 4140 897 4211 per
918 4119 1160 4210 presbyteratus
1175 4143 1235 4190 or-

115 4231 224 4302 dinem
251 4238 282 4297 et
305 4229 520 4320 episcopalem
546 4227 820 4296 consecrationem
853 4227 1047 4314 confertur,
1064 4250 1129 4296 non
1160 4230 1235 4322 plus
