3050 4946
313 497 375 560 166
665 513 841 560 1110111110
866 513 902 558 ns
925 512 1077 559 1111111111

309 677 467 744 neopnam
493 653 588 722 illurn
609 653 771 722 librorum
799 654 994 734 helluonem,
1019 647 1253 720 bibliothecarii
1277 649 1313 717 in
1334 647 1445 717 Vati-

306 785 387 831 cano
416 785 536 831 munus
557 761 678 830 obibat.
704 761 856 830 Codicem
872 783 891 828 a
906 761 1051 829 flaucato
1067 761 1158 851 petiit
1171 759 1232 826 sibi
1246 757 1287 826 ad
1303 757 1443 825 brevis-

307 869 428 937 simum
444 877 571 958 tempus
592 868 792 937 commodari
807 867 1010 937 Holstenius.
1028 866 1192 951 obtinuit,
1209 875 1240 932 et
1255 887 1322 934 nna
1336 875 1443 934 nocte

304 977 591 1046 transcribendum
605 978 743 1046 curavit.

351 1084 509 1152 Audierat
541 1091 648 1152 autem
681 1083 869 1152 Holstenius
897 1083 1037 1151 alterum
1064 1105 1192 1173 magnae
1226 1081 1442 1173 antiquitatis

305 1191 450 1283 ejusdem
472 1192 549 1260 libri
569 1191 737 1282 exemplar
758 1192 903 1280 Parisiis,
927 1192 961 1260 in
978 1191 1114 1282 collegio
1135 1190 1332 1260 lesnitarnm
1352 1189 1440 1258 Cla-

305 1313 499 1368 romontono
524 1299 609 1368 dicto
635 1299 741 1388 (hodie
766 1297 1073 1387 Louis-te-Grand),
1095 1297 1184 1389 apud
1207 1297 1245 1365 P.
1272 1296 1440 1365 8111111111-

305 1411 385 1478 dum
411 1412 547 1479 servari.
576 1410 712 1501 Scripsit
739 1409 780 1478 ad
807 1419 928 1501 patrem
956 1409 1186 1494 Sirmundum,
1219 1417 1250 1478 et
1274 1408 1438 1478 adhibitis

306 1518 403 1585 simul
437 1518 626 1586 auctoritate
654 1527 686 1586 et
715 1515 831 1586 litteris
858 1518 1034 1588 cardinalis
1065 1518 1227 1586 Francisci
1241 1517 1433 1600 Barbarini,

305 1624 447 1693 codicem
475 1626 616 1694 obtinuit
645 1627 706 1694 sibi
736 1628 922 1712 transmitti,
952 1651 1038 1696 anno
1072 1631 1169 1695 1616.
1196 1626 1292 1696 lllum
1318 1637 1435 1717 postea

305 1732 342 1799 P.
368 1731 547 1802 Sirmnndo
571 1735 707 1823 remisit,
729 1743 760 1802 et
785 1737 818 1802 in
839 1759 898 1804 sua
921 1735 1064 1804 editione
1086 1735 1143 1804 illo
1158 1735 1301 1826 parisino
1316 1733 1433 1802 codice

304 1862 370 1908 non
387 1863 467 1910 usus
482 1849 540 1909 est.

348 1953 421 2022 Non
449 1949 552 2021 multo
577 1958 649 2042 post
676 1951 776 2040 praelo
802 1972 900 2019 suum
926 1950 1100 2020 commisit.
1128 1948 1305 2046 Exemplar
1329 1949 1432 2040 hujus

304 2059 458 2128 editionis
479 2057 560 2127 vidit
578 2059 615 2125 P.
642 2057 802 2141 Zaccaria,
829 2059 886 2148 qui
901 2058 947 2126 sic
968 2065 1103 2125 testatur
1121 2084 1128 2123 :
1149 2059 1346 2146 Impressum
1361 2056 1432 2124 vitii

313 2170 506 2238 Vaticanum
528 2168 734 2236 Holsteniani
760 2168 865 2258 operis
888 2167 1075 2259 exemplum
1098 2166 1510 2244 1110010110,1101111111,Ὶ

304 2278 394 2371 quod
405 2279 519 2358 sciam,
542 2279 698 2346 hactenus
714 2290 842 2346 notam.
860 2281 976 2348 Deerat
993 2277 1106 2348 titulus
1122 2281 1312 2371 impressus,
1329 2301 1426 2369 quem
1509 2259 1510 2322 Ῐ

305 2389 350 2455 sic
373 2387 506 2478 proprie
527 2407 627 2454 mann
650 2385 837 2454 Holstenins
859 2386 1007 2454 affixerat
1026 2415 1032 2456 :
1050 2387 1197 2456 Dicamus
1211 2388 1424 2480 Pontificum,

302 2498 368 2564 siue
390 2507 480 2584 oetas
497 2493 745 2583 formulariam,
768 2518 831 2584 qno
845 2498 883 2562 S.
903 2499 939 2564 11.
959 2497 1104 2564 Ecclesia
1127 2509 1203 2564 ante
1215 2517 1320 2562 annos
1338 2495 1427 2561 mille

303 2603 469 2670 utebatur.
500 2605 606 2669 Lucos
631 2601 816 2670 Holstmias
840 2602 942 2670 edidit
966 2627 1040 2672 cnm
1067 2605 1162 2672 notis.
1197 2608 1320 2684 nomn,
1341 2604 1425 2693 typri
1508 2635 1509 2646 ¹

304 2709 388 2777 Lacl.
422 2709 588 2789 Gnniani,
619 2713 716 2777 16116.
745 2711 848 2779 Porro
876 2720 968 2779 notas
992 2712 1113 2780 illasin
1130 2713 1228 2781 titulo
1249 2711 1426 2802 promissas

303 2817 449 2885 nondum
475 2816 621 2884 ediderat
647 2817 845 2905 Holstenias‚
875 2842 979 2911 neque
1011 2819 1112 2888 edidit
1141 2829 1263 2911 postea.
1294 2819 1426 2888 Monta

302 2926 399 2992 ctiam
412 2924 502 2992 fuere
518 2924 642 2991 ultimae
658 2925 821 2993 sexdecim
837 2927 979 3017 paginae.

348 3032 555 3123 Divulgaudo
583 3033 672 3123 operi
702 3054 851 3099 censores
880 3033 1021 3101 Romani
1057 3035 1263 3123 obstiterunt,
1295 3035 1425 3104 1101110-

303 3146 358 3212 nio
381 3142 561 3211 indicantes
579 3139 856 3231 supersedendum
879 3151 910 3208 et
930 3143 1147 3233 exspectanda
1169 3144 1316 3234 aequiora
1339 3153 1424 3213 tem·

302 3273 393 3342 pora.
946 3274 949 3282 ·

346 3357 482 3450 Scripsit
511 3355 634 3424 interea
665 3355 831 3424 Holstenio
866 3357 980 3425 Petrus
1014 3358 1054 3425 de
1086 3359 1207 3444 Merca,
1243 3359 1296 3427 die
1330 3364 1343 3426 1
1376 3359 1426 3450 ja·

300 3465 409 3534 nuccii
439 3467 535 3548 1666,
563 3462 655 3530 sein
679 3485 717 3530 ea
736 3463 928 3551 cogitatione
953 3466 1089 3552 versari,
1113 3474 1150 3534 ut
1168 3465 1365 3556 peculiarem
1387 3468 1425 3534 de

301 3571 557 3663 exemptionibus
580 3571 818 3640 monachornm
840 3571 1425 3662 111011100103310101011111100011-
1506 3605 1507 3624 1

302 3681 383 3748 bens
407 3679 594 3750 Holstenius
614 3678 713 3746 simul
736 3676 824 3744 misit
844 3677 910 3747 duo
935 3681 1045 3770 priora
1067 3681 1145 3750 folia
1171 3680 1214 3770 (1)
1246 3690 1278 3748 et
1302 3692 1425 3772 pastre—

303 3811 394 3856 muni
419 3786 533 3855 lolium
558 3786 633 3853 libri
659 3786 810 3853 Diurnia
833 3807 867 3853 se
886 3787 978 3874 editi,
1005 3811 1043 3857 eo
1068 3788 1156 3880 qnod
1181 3789 1215 3856 in
1246 3790 1320 3857 istis
1342 3791 1426 3860 loliis

302 3902 467 3966 exstarent
492 3894 637 3986 antiqua
666 3893 816 3962 formulae
843 3894 1093 3984 privilegiorum
1120 3897 1326 3966 monasteriis
1349 3919 1424 3965 con·

303 4027 468 4074 cesseram
489 4027 509 4071 a
532 4003 688 4072 Romanis
713 4001 935 4072 Pontificibus.
961 4005 1008 4072 Ea
1028 4005 1106 4074 lolia
1121 4005 1271 4091 Baluzio,
1285 4006 1424 4074 Labbaeo

336 4167 366 4230 11)
390 4164 530 4224 Quodtibet
546 4179 578 4213 ex
602 4163 656 4213 istis
669 4161 735 4214 loliis
758 4165 909 4216 continebat
930 4167 1037 4230 paginas
1060 4171 1098 4226 ta,
1120 4167 1249 4230 siquidem
1270 4167 1338 4218 tiber
1357 4171 1420 4218 in-t·

304 4251 367 4300 erat
