3072 4948
311 481 371 546 tte
660 499 834 546 reserares
857 499 895 544 aa
918 497 1072 544 niminis

310 649 418 708 textus
432 637 518 728 juris
534 667 542 706 ι
573 641 615 706 ttt
629 651 742 706 antem
757 639 962 708 correetionn
974 651 1006 706 et
1019 635 1265 728 reformationis
1278 635 1422 726 effidem

311 743 455 835 (Praelati
477 745 698 835 ecelesiarum)
718 745 817 814 libere
836 747 970 814 ratmot
992 765 1147 822 33333333,
1170 740 1425 810 doceamur

308 850 1423 946 mentionempsommnattaconaoetadoodoppettaaomteat

305 962 475 1054 impedire.
504 965 552 1052 (C.
574 965 801 1054 Irresrapabt‘lt‘
821 969 874 1051 1³,
898 967 945 1034 ne
960 965 1046 1034 offic.
1062 961 1223 1052 ordiner.)
1250 959 1424 1045 Omanad-

306 1069 442 1139 modnm
466 1093 524 1140 nec
547 1084 660 1140 corttm
682 1072 905 1142 cantationem
928 1074 1035 1164 iptsam
1055 1084 1166 1163 potest
1187 1069 1302 1161 atiquo
1325 1068 1424 1137 niodo

299 1179 481 1272 prosata.
502 1179 550 1270 (C.
567 1181 653 1248 Cam
668 1203 709 1248 aa
723 1181 823 1272 officii
838 1185 892 1267 16,
909 1181 957 1248 De
974 1181 1167 1272 praeripe}
1183 1178 1294 1269 Hujus
1312 1187 1424 1245 autem

305 1285 570 1378 propositionied
596 1285 778 1354 doctrinam
799 1285 880 1354 dicit
899 1286 1108 1357 Reiffenstuel
1129 1309 1425 1355 essecommnnem

306 1393 473 1462 doctorum
489 1391 692 1462 sententiam.

350 1503 533 1571 Psorostrro
555 1505 664 1570 13-
688 1501 893 1572 connotatio
918 1502 1072 1572 advena
1097 1504 1281 1572 libertatem
1303 1515 1335 1570 et
1360 1503 1424 1569 im·

306 1611 504 1678 amnitatem
519 1609 765 1678 eeclesiasticam
782 1633 847 1678 non
864 1611 950 1680 oalct
965 1625 997 1679 et
1010 1611 1250 1680 manassias
1261 1609 1423 1678 smseroda

304 1730 361 1784 est.
385 1755 429 1770 -
452 1717 579 1784 Asserit
602 1715 754 1786 laudatas
778 1716 989 1788 Reiffanstuel
1014 1719 1098 1787 hanc
1119 1741 1189 1786 esse
1211 1741 1423 1788 communem

303 1825 451 1894 omnium
474 1825 644 1894 doctorum
667 1825 872 1911 sententiam,
897 1825 1041 1917 exceptis
1057 1824 1262 1894 comnovio
1280 1837 1315 1894 31
1331 1847 1422 1917 qno-

303 1934 377 2002 dam
393 1933 481 2002 lnlio
494 1932 604 2018 Claro,
620 1933 678 2024 qni
690 1941 800 2002 tenent
812 1934 1051 2002 immunitatem
1067 1933 1314 2003 ecelesiasticam
1326 1957 1422 2025 posse

303 2041 370 2110 tolli
392 2063 434 2110 ax
455 2048 545 2132 parte
563 2047 594 2106 31
611 2039 718 2130 quoad
733 2051 836 2108 certas
849 2063 962 2110 causas
976 2063 1033 2132 per
1046 2039 1327 2128 consuetudinem,
1346 2041 1423 2109 lieet

302 2171 367 2218 non
391 2149 490 2240 possit
513 2146 693 2216 universim
712 2147 846 2216 aboleri.
875 2148 1004 2239 Duplici
1024 2159 1133 2217 anam
1151 2157 1348 2236 argumento
1370 2150 1422 2216 in-

301 2260 384 2326 victe
410 2256 539 2350 probari
559 2264 673 2346 potest.
702 2259 733 2322 l·
752 2257 885 2324 Certum
909 2265 969 2344 est,
995 2279 1037 2326 ex
1057 2256 1152 2326 dietis
1169 2281 1271 2349 snpra
1292 2259 1327 2324 in
1341 2281 1421 2349 pro-

300 2366 458 2457 positione
481 2362 633 2444 seennda,
659 2363 915 2433 irrationabilem
939 2387 1009 2433 esse
1028 2365 1296 2434 consuetudinem
1317 2389 1420 2458 quam

301 2475 463 2567 reprobat,
489 2473 521 2540 id
543 2483 603 2558 est,
628 2473 746 2542 malam
768 2472 910 2542 declarat
930 2476 986 2567 jns
1008 2475 1223 2562 canonicam3
1249 2477 1341 2568 atqui
1363 2479 1420 2568 jus

300 2585 492 2654 canonicum
522 2581 742 2673 multipliciter
775 2583 960 2675 reprobavit
989 2607 1119 2652 omnem
1145 2585 1419 2653 consuetudinem

300 2692 439 2760 libertati
461 2701 492 2760 et
514 2690 713 2759 immunitati
739 2690 961 2761 ecclesiasticae
985 2693 1223 2761 adversantem.
1251 2694 1289 2761 ln
1312 2695 1420 2785 capite

302 2800 435 2870 Noverit
463 2800 515 2888 (ta
538 2799 578 2866 de
599 2808 679 2865 sent.
705 2800 881 2889 excomm.)
910 2799 1117 2869 declarantur
1141 2804 1419 2870 excommunicati

301 2910 359 3001 qta'
380 2907 420 2975 de
440 2919 553 2974 cetero
575 2907 700 2974 servari
718 2907 855 2998 fecerint
873 2919 1000 2976 statuta
1022 2908 1111 2976 edita
1128 2923 1159 2977 et
1172 2909 1420 2977 contrectationes

300 3016 501 3086 introductas
528 3027 642 3082 contra
666 3015 818 3084 Ecclesia
845 3015 1042 3084 libertam.
1074 3017 1115 3085 nt
1139 3017 1174 3085 in
1198 3018 1301 3109 capite
1328 3019 1417 3086 Crem

301 3139 388 3195 tetra
414 3121 640 3216 (1111331331.)
660 3151 668 3190 ι
696 3124 782 3206 Quia
805 3124 909 3214 ipitar
929 3125 991 3192 boc
1008 3124 1171 3194 redundat
1185 3124 1221 3192 t'n
1233 3147 1418 3214 precamen

299 3245 330 3302 et
349 3231 530 3326 perniciem
552 3229 768 3298 molestastica
789 3229 961 3312 libertates,
987 3231 1215 3323 prascnptam
1240 3245 1418 3300 consuma-

298 3342 382 3412 dim's
398 3340 601 3433 pravitatem
621 3337 782 3407 sancimus
796 3340 926 3431 pettitrts
940 3339 1146 3410 abolendam.
1170 3339 1260 3408 ldem
1275 3339 1417 3409 babetur

297 3452 333 3520 in
345 3449 435 3519 bulla
450 3452 617 3517 llontanas
627 3447 781 3539 Pontisea
798 3447 918 3539 tjunii
935 3452 1031 3535 1611,
1048 3449 1082 3517 in
1096 3449 1185 3518 bulla
1199 3451 1319 3532 Cana,
1335 3473 1414 3541 qnae

297 3579 447 3652 expresse
470 3555 620 3648 reprobat
642 3577 858 3646 quaecumque
883 3555 1082 3625 immunitati
1103 3563 1135 3625 et
1153 3555 1293 3625 libertati
1309 3557 1415 3626 eccle-

298 3667 433 3735 siastice
458 3663 684 3748 adversantur,
710 3671 742 3730 et
763 3663 797 3730 in
814 3662 928 3731 multis
941 3664 1014 3732 aliis
1028 3664 1114 3755 juris
1129 3665 1275 3733 canonici
1290 3687 1415 3733 monu-

298 3776 426 3844 mentis.
438 3773 525 3862 Ergo
538 3793 651 3841 revera
662 3772 842 3862 reprobata
855 3781 932 3840 sunt
940 3795 959 3839 a
968 3772 1043 3864 jure
1052 3773 1131 3841 tales
1140 3771 1408 3860 consuetudinem

223 3897 226 3902 '
296 3907 374 3974 ergo
394 3881 629 3952 irrationabiles
646 3881 816 3948 censenda
831 3889 918 3949 sunt.
937 3885 970 3948 2⁰
984 3882 1119 3951 Certum
1133 3891 1182 3950 est
1194 3891 1227 3950 et
1241 3881 1282 3950 ab
1296 3884 1411 3951 omni-

230 4021 233 4028 *
298 3993 358 4062 bus
373 3990 554 4059 admissum
571 3989 603 4057 vi
618 4009 727 4055 carere
741 4010 876 4056 omnam
894 3990 1163 4060 consuetudinem
1178 4013 1253 4082 qnae
1268 4011 1335 4058 non
1351 3988 1411 4056 fir-

299 4108 581 4170 maturconeensu
597 4095 706 4187 aliquo
722 4096 894 4188 principie5
912 4098 1001 4188 atqui
1017 4098 1139 4168 nedum
1154 4097 1319 4191 predictis
1330 4119 1409 4166 con-

297 4207 521 4280 suetudinibus
547 4201 675 4273 socedat
701 4225 875 4273 muscosus
899 4203 1075 4296 requisitus
1096 4205 1219 4275 summi
1241 4203 1409 4274 Pontificis
