<?xml version="1.0" encoding="UTF-8"?>
<!DOCTYPE html PUBLIC "-//W3C//DTD XHTML 1.0 Transitional//EN"
    "http://www.w3.org/TR/xhtml1/DTD/xhtml1-transitional.dtd">
<html xmlns="http://www.w3.org/1999/xhtml" xml:lang="en" lang="en">
 <head>
  <title>
</title>
<meta http-equiv="Content-Type" content="text/html;charset=utf-8" />
  <meta name='ocr-system' content='tesseract 3.04.00' />
  <meta name='ocr-capabilities' content='ocr_page ocr_carea ocr_par ocr_line ocrx_word'/>
</head>
<body>
  <div class='ocr_page' id='page_1' title='image "./tractatusdeprin00bouigoog_0553.png"; bbox 0 0 3042 4946; ppageno 0'>
   <div class='ocr_carea' id='block_1_1' title="bbox 284 459 1046 526">
    <p class='ocr_par' dir='ltr' id='par_1_1' title="bbox 284 459 1046 526">
     <span class='ocr_line' id='line_1_1' title="bbox 284 459 1046 526; baseline 0 -2"><span class='ocrx_word' id='word_1_1' title='bbox 284 459 343 525; x_wconf 77' lang='lat' dir='ltr'>ill</span> <span class='ocrx_word' id='word_1_2' title='bbox 634 480 809 526; x_wconf 74' lang='lat' dir='ltr'>suecrius</span> <span class='ocrx_word' id='word_1_3' title='bbox 832 481 869 526; x_wconf 86' lang='lat' dir='ltr'>or</span> <span class='ocrx_word' id='word_1_4' title='bbox 893 481 1046 526; x_wconf 67' lang='lat' dir='ltr'>sarsurus</span> 
     </span>
    </p>
   </div>
   <div class='ocr_carea' id='block_1_2' title="bbox 279 618 1502 3090">
    <p class='ocr_par' dir='ltr' id='par_1_2' title="bbox 279 618 1502 3090">
     <span class='ocr_line' id='line_1_2' title="bbox 282 618 1409 713; baseline -0.002 -25"><span class='ocrx_word' id='word_1_5' title='bbox 282 623 400 690; x_wconf 87' lang='lat' dir='ltr'>terium</span> <span class='ocrx_word' id='word_1_6' title='bbox 416 620 579 710; x_wconf 80' lang='lat' dir='ltr'>Ecclesiae,</span> <span class='ocrx_word' id='word_1_7' title='bbox 598 629 708 713; x_wconf 90' lang='lat' dir='ltr'>utpote</span> <span class='ocrx_word' id='word_1_8' title='bbox 727 621 898 690; x_wconf 83' lang='lat' dir='ltr'>infallibile</span> <span class='ocrx_word' id='word_1_9' title='bbox 918 629 949 690; x_wconf 90' lang='lat' dir='ltr'>et</span> <span class='ocrx_word' id='word_1_10' title='bbox 969 621 1067 690; x_wconf 86' lang='lat' dir='ltr'><strong>fidem</strong></span> <span class='ocrx_word' id='word_1_11' title='bbox 1081 621 1231 711; x_wconf 77' lang='lat' dir='ltr'><strong>exigens,</strong></span> <span class='ocrx_word' id='word_1_12' title='bbox 1249 618 1409 687; x_wconf 87' lang='lat' dir='ltr'>divinum</span> 
     </span>
     <span class='ocr_line' id='line_1_3' title="bbox 282 727 1409 824; baseline -0.003 -26"><span class='ocrx_word' id='word_1_13' title='bbox 282 739 341 799; x_wconf 85' lang='lat' dir='ltr'>est.</span> <span class='ocrx_word' id='word_1_14' title='bbox 376 731 434 799; x_wconf 84' lang='lat' dir='ltr'>Est</span> <span class='ocrx_word' id='word_1_15' title='bbox 462 741 568 799; x_wconf 68' lang='lat' dir='ltr'><strong>amen</strong></span> <span class='ocrx_word' id='word_1_16' title='bbox 603 731 700 800; x_wconf 88' lang='lat' dir='ltr'>simul</span> <span class='ocrx_word' id='word_1_17' title='bbox 739 731 940 816; x_wconf 88' lang='lat' dir='ltr'>humanum,</span> <span class='ocrx_word' id='word_1_18' title='bbox 968 730 1128 824; x_wconf 79' lang='lat' dir='ltr'>siquidem</span> <span class='ocrx_word' id='word_1_19' title='bbox 1166 751 1224 821; x_wconf 85' lang='lat' dir='ltr'>per</span> <span class='ocrx_word' id='word_1_20' title='bbox 1251 727 1409 796; x_wconf 82' lang='lat' dir='ltr'>homiues</span> 
     </span>
     <span class='ocr_line' id='line_1_4' title="bbox 281 835 1407 925; baseline -0.004 -17"><span class='ocrx_word' id='word_1_21' title='bbox 281 849 460 908; x_wconf 84' lang='lat' dir='ltr'>exercetur.</span> <span class='ocrx_word' id='word_1_22' title='bbox 490 839 584 909; x_wconf 89' lang='lat' dir='ltr'><strong>Unde</strong></span> <span class='ocrx_word' id='word_1_23' title='bbox 613 839 873 910; x_wconf 90' lang='lat' dir='ltr'>concludendum</span> <span class='ocrx_word' id='word_1_24' title='bbox 904 839 1092 925; x_wconf 86' lang='lat' dir='ltr'>Ecclesiam,</span> <span class='ocrx_word' id='word_1_25' title='bbox 1118 855 1194 907; x_wconf 87' lang='lat' dir='ltr'>cum</span> <span class='ocrx_word' id='word_1_26' title='bbox 1217 835 1407 906; x_wconf 81' lang='lat' dir='ltr'><strong>doctrinam</strong></span> 
     </span>
     <span class='ocr_line' id='line_1_5' title="bbox 282 945 1408 1039; baseline -0.003 -25"><span class='ocrx_word' id='word_1_27' title='bbox 282 946 407 1036; x_wconf 84' lang='lat' dir='ltr'><strong>delinit,</strong></span> <span class='ocrx_word' id='word_1_28' title='bbox 429 970 495 1016; x_wconf 88' lang='lat' dir='ltr'>non</span> <span class='ocrx_word' id='word_1_29' title='bbox 517 949 618 1016; x_wconf 90' lang='lat' dir='ltr'>solam</span> <span class='ocrx_word' id='word_1_30' title='bbox 644 971 752 1039; x_wconf 84' lang='lat' dir='ltr'><strong>agere,</strong></span> <span class='ocrx_word' id='word_1_31' title='bbox 773 947 828 1016; x_wconf 91' lang='lat' dir='ltr'>sed</span> <span class='ocrx_word' id='word_1_32' title='bbox 852 970 910 1039; x_wconf 87' lang='lat' dir='ltr'>per</span> <span class='ocrx_word' id='word_1_33' title='bbox 929 948 1038 1039; x_wconf 90' lang='lat' dir='ltr'>ipsum</span> <span class='ocrx_word' id='word_1_34' title='bbox 1064 946 1224 1039; x_wconf 89' lang='lat' dir='ltr'>Spiritum</span> <span class='ocrx_word' id='word_1_35' title='bbox 1251 945 1323 1031; x_wconf 89' lang='lat' dir='ltr'><strong>Dei,</strong></span> <span class='ocrx_word' id='word_1_36' title='bbox 1343 966 1408 1012; x_wconf 90' lang='lat' dir='ltr'>seu</span> 
     </span>
     <span class='ocr_line' id='line_1_6' title="bbox 281 1055 1408 1146; baseline -0.003 -24"><span class='ocrx_word' id='word_1_37' title='bbox 281 1055 386 1123; x_wconf 88' lang='lat' dir='ltr'>Deum</span> <span class='ocrx_word' id='word_1_38' title='bbox 409 1055 516 1146; x_wconf 88' lang='lat' dir='ltr'>ipsum</span> <span class='ocrx_word' id='word_1_39' title='bbox 537 1056 662 1125; x_wconf 90' lang='lat' dir='ltr'><strong>docere.</strong></span> <span class='ocrx_word' id='word_1_40' title='bbox 687 1057 728 1124; x_wconf 84' lang='lat' dir='ltr'>Et</span> <span class='ocrx_word' id='word_1_41' title='bbox 747 1077 860 1124; x_wconf 86' lang='lat' dir='ltr'><strong>revere</strong></span> <span class='ocrx_word' id='word_1_42' title='bbox 886 1057 932 1124; x_wconf 86' lang='lat' dir='ltr'>itu</span> <span class='ocrx_word' id='word_1_43' title='bbox 957 1077 1040 1142; x_wconf 89' lang='lat' dir='ltr'>esse,</span> <span class='ocrx_word' id='word_1_44' title='bbox 1057 1076 1248 1146; x_wconf 86' lang='lat' dir='ltr'>persuasum</span> <span class='ocrx_word' id='word_1_45' title='bbox 1271 1075 1408 1144; x_wconf 82' lang='lat' dir='ltr'><strong>semper</strong></span> 
     </span>
     <span class='ocr_line' id='line_1_7' title="bbox 279 1160 1402 1251; baseline 0.001 -22"><span class='ocrx_word' id='word_1_46' title='bbox 279 1162 342 1230; x_wconf 86' lang='lat' dir='ltr'>fuit</span> <span class='ocrx_word' id='word_1_47' title='bbox 366 1163 529 1251; x_wconf 79' lang='lat' dir='ltr'>Ecelesiae,</span> <span class='ocrx_word' id='word_1_48' title='bbox 551 1174 582 1232; x_wconf 89' lang='lat' dir='ltr'>et</span> <span class='ocrx_word' id='word_1_49' title='bbox 606 1164 752 1233; x_wconf 85' lang='lat' dir='ltr'>omnium</span> <span class='ocrx_word' id='word_1_50' title='bbox 778 1163 973 1233; x_wconf 83' lang='lat' dir='ltr'>saeculorum</span> <span class='ocrx_word' id='word_1_51' title='bbox 997 1163 1149 1232; x_wconf 86' lang='lat' dir='ltr'>Patribus</span> <span class='ocrx_word' id='word_1_52' title='bbox 1173 1171 1203 1229; x_wconf 86' lang='lat' dir='ltr'>et</span> <span class='ocrx_word' id='word_1_53' title='bbox 1228 1160 1402 1231; x_wconf 86' lang='lat' dir='ltr'>Conciliis.</span> 
     </span>
     <span class='ocr_line' id='line_1_8' title="bbox 282 1268 1407 1360; baseline -0.004 -20"><span class='ocrx_word' id='word_1_54' title='bbox 282 1271 374 1352; x_wconf 83' lang='lat' dir='ltr'>Quod</span> <span class='ocrx_word' id='word_1_55' title='bbox 400 1271 545 1341; x_wconf 88' lang='lat' dir='ltr'>indicant</span> <span class='ocrx_word' id='word_1_56' title='bbox 569 1273 720 1342; x_wconf 75' lang='lat' dir='ltr'>formula</span> <span class='ocrx_word' id='word_1_57' title='bbox 744 1273 777 1340; x_wconf 90' lang='lat' dir='ltr'>in</span> <span class='ocrx_word' id='word_1_58' title='bbox 799 1270 938 1341; x_wconf 77' lang='lat' dir='ltr'><strong>decretis</strong></span> <span class='ocrx_word' id='word_1_59' title='bbox 960 1271 1038 1340; x_wconf 90' lang='lat' dir='ltr'><strong>fidei</strong></span> <span class='ocrx_word' id='word_1_60' title='bbox 1061 1278 1093 1338; x_wconf 87' lang='lat' dir='ltr'>et</span> <span class='ocrx_word' id='word_1_61' title='bbox 1115 1268 1298 1360; x_wconf 80' lang='lat' dir='ltr'>discipliuae</span> <span class='ocrx_word' id='word_1_62' title='bbox 1325 1269 1407 1338; x_wconf 90' lang='lat' dir='ltr'>uni-</span> 
     </span>
     <span class='ocr_line' id='line_1_9' title="bbox 282 1377 1408 1474; baseline -0.004 -26"><span class='ocrx_word' id='word_1_63' title='bbox 282 1380 416 1449; x_wconf 84' lang='lat' dir='ltr'>versalis</span> <span class='ocrx_word' id='word_1_64' title='bbox 445 1381 587 1450; x_wconf 78' lang='lat' dir='ltr'><strong>ferendis</strong></span> <span class='ocrx_word' id='word_1_65' title='bbox 616 1389 772 1474; x_wconf 90' lang='lat' dir='ltr'>perpetuo</span> <span class='ocrx_word' id='word_1_66' title='bbox 807 1380 962 1450; x_wconf 77' lang='lat' dir='ltr'>adhibitae</span> <span class='ocrx_word' id='word_1_67' title='bbox 997 1408 1005 1447; x_wconf 75' lang='grc' dir='ltr'><strong>ι</strong></span> <span class='ocrx_word' id='word_1_68' title='bbox 1041 1379 1152 1448; x_wconf 81' lang='lat' dir='ltr'>Visum</span> <span class='ocrx_word' id='word_1_69' title='bbox 1181 1391 1226 1444; x_wconf 88' lang='lat' dir='ltr'>cst</span> <span class='ocrx_word' id='word_1_70' title='bbox 1255 1377 1408 1469; x_wconf 74' lang='lat' dir='ltr'>Spiritui</span> 
     </span>
     <span class='ocr_line' id='line_1_10' title="bbox 280 1489 1502 1582; baseline 0 -24"><span class='ocrx_word' id='word_1_71' title='bbox 280 1504 394 1560; x_wconf 78' lang='lat' dir='ltr'>sancto</span> <span class='ocrx_word' id='word_1_72' title='bbox 416 1505 446 1559; x_wconf 89' lang='lat' dir='ltr'>et</span> <span class='ocrx_word' id='word_1_73' title='bbox 469 1492 569 1560; x_wconf 64' lang='lat' dir='ltr'>nobb.</span> <span class='ocrx_word' id='word_1_74' title='bbox 595 1531 639 1544; x_wconf 90' lang='lat'><em>-</em></span> <span class='ocrx_word' id='word_1_75' title='bbox 664 1495 883 1560; x_wconf 86' lang='lat' dir='ltr'>Sacrosoncto</span> <span class='ocrx_word' id='word_1_76' title='bbox 906 1490 1047 1582; x_wconf 79' lang='lat' dir='ltr'><strong><em>synodus</em></strong></span> <span class='ocrx_word' id='word_1_77' title='bbox 1073 1491 1109 1558; x_wconf 82' lang='lat' dir='ltr'>in</span> <span class='ocrx_word' id='word_1_78' title='bbox 1133 1489 1264 1579; x_wconf 81' lang='lat' dir='ltr'><em>Spiritu</em></span> <span class='ocrx_word' id='word_1_79' title='bbox 1289 1500 1405 1556; x_wconf 74' lang='lat' dir='ltr'>sarecto</span> <span class='ocrx_word' id='word_1_80' title='bbox 1501 1543 1502 1558; x_wconf 64' lang='grc'>,</span> 
     </span>
     <span class='ocr_line' id='line_1_11' title="bbox 281 1597 1315 1691; baseline -0.002 -25"><span class='ocrx_word' id='word_1_81' title='bbox 281 1600 424 1690; x_wconf 85' lang='lat' dir='ltr'>lepitime</span> <span class='ocrx_word' id='word_1_82' title='bbox 439 1613 648 1691; x_wconf 79' lang='lat' dir='ltr'>conprepato.</span> <span class='ocrx_word' id='word_1_83' title='bbox 665 1639 710 1654; x_wconf 91' lang='lat'>-·-</span> <span class='ocrx_word' id='word_1_84' title='bbox 727 1604 889 1670; x_wconf 83' lang='lat' dir='ltr'>Potestate</span> <span class='ocrx_word' id='word_1_85' title='bbox 905 1625 927 1668; x_wconf 87' lang='grc' dir='ltr'><em>α</em></span> <span class='ocrx_word' id='word_1_86' title='bbox 946 1597 1076 1667; x_wconf 80' lang='lat' dir='ltr'>Christo</span> <span class='ocrx_word' id='word_1_87' title='bbox 1092 1610 1235 1689; x_wconf 82' lang='lat' dir='ltr'>accepto,</span> <span class='ocrx_word' id='word_1_88' title='bbox 1254 1605 1315 1665; x_wconf 90' lang='lat' dir='ltr'>etc.</span> 
     </span>
     <span class='ocr_line' id='line_1_12' title="bbox 326 1705 1403 1798; baseline -0.005 -21"><span class='ocrx_word' id='word_1_89' title='bbox 326 1709 508 1777; x_wconf 84' lang='lat' dir='ltr'>Peorosrrro</span> <span class='ocrx_word' id='word_1_90' title='bbox 527 1714 571 1777; x_wconf 71' lang='lat'>5³.</span> <span class='ocrx_word' id='word_1_91' title='bbox 588 1748 632 1762; x_wconf 94' lang='lat'>-</span> <span class='ocrx_word' id='word_1_92' title='bbox 647 1713 793 1779; x_wconf 80' lang='lat' dir='ltr'>Potestas</span> <span class='ocrx_word' id='word_1_93' title='bbox 807 1707 943 1778; x_wconf 83' lang='lat' dir='ltr'>docendi</span> <span class='ocrx_word' id='word_1_94' title='bbox 960 1730 1036 1776; x_wconf 82' lang='lat' dir='ltr'>eum</span> <span class='ocrx_word' id='word_1_95' title='bbox 1054 1705 1293 1798; x_wconf 77' lang='lat' dir='ltr'>infallibilitate</span> <span class='ocrx_word' id='word_1_96' title='bbox 1306 1718 1339 1774; x_wconf 85' lang='lat' dir='ltr'>et</span> <span class='ocrx_word' id='word_1_97' title='bbox 1354 1705 1403 1773; x_wconf 87' lang='lat' dir='ltr'>itu</span> 
     </span>
     <span class='ocr_line' id='line_1_13' title="bbox 282 1816 1404 1909; baseline -0.003 -24"><span class='ocrx_word' id='word_1_98' title='bbox 282 1830 319 1886; x_wconf 84' lang='lat' dir='ltr'>ut</span> <span class='ocrx_word' id='word_1_99' title='bbox 333 1831 489 1909; x_wconf 82' lang='lat' dir='ltr'>sequatur</span> <span class='ocrx_word' id='word_1_100' title='bbox 502 1818 658 1908; x_wconf 80' lang='lat' dir='ltr'>odllpotlo</span> <span class='ocrx_word' id='word_1_101' title='bbox 678 1817 839 1901; x_wconf 81' lang='lat' dir='ltr'><strong>credendi,</strong></span> <span class='ocrx_word' id='word_1_102' title='bbox 856 1816 972 1886; x_wconf 81' lang='lat' dir='ltr'>residet</span> <span class='ocrx_word' id='word_1_103' title='bbox 987 1839 1087 1909; x_wconf 85' lang='lat' dir='ltr'>penes</span> <span class='ocrx_word' id='word_1_104' title='bbox 1100 1820 1289 1884; x_wconf 81' lang='lat' dir='ltr'>Romanum</span> <span class='ocrx_word' id='word_1_105' title='bbox 1310 1817 1404 1882; x_wconf 81' lang='lat' dir='ltr'>Porr-</span> 
     </span>
     <span class='ocr_line' id='line_1_14' title="bbox 283 1923 1402 2019; baseline -0.003 -25"><span class='ocrx_word' id='word_1_106' title='bbox 283 1928 402 2018; x_wconf 80' lang='lat' dir='ltr'>tificem</span> <span class='ocrx_word' id='word_1_107' title='bbox 416 1949 456 1994; x_wconf 78' lang='lat' dir='ltr'>ea</span> <span class='ocrx_word' id='word_1_108' title='bbox 474 1927 629 1995; x_wconf 76' lang='lat' dir='ltr'>cathedra</span> <span class='ocrx_word' id='word_1_109' title='bbox 647 1927 865 2019; x_wconf 81' lang='lat' dir='ltr'><strong>definientem,</strong></span> <span class='ocrx_word' id='word_1_110' title='bbox 881 1928 946 1994; x_wconf 82' lang='lat' dir='ltr'>sive</span> <span class='ocrx_word' id='word_1_111' title='bbox 959 1927 1046 1994; x_wconf 84' lang='lat' dir='ltr'>solus</span> <span class='ocrx_word' id='word_1_112' title='bbox 1062 1925 1265 2016; x_wconf 81' lang='lat' dir='ltr'>pronuntiet,</span> <span class='ocrx_word' id='word_1_113' title='bbox 1281 1923 1352 1992; x_wconf 82' lang='lat' dir='ltr'>sive</span> <span class='ocrx_word' id='word_1_114' title='bbox 1367 1924 1402 1992; x_wconf 81' lang='lat' dir='ltr'>ia</span> 
     </span>
     <span class='ocr_line' id='line_1_15' title="bbox 282 2033 1400 2118; baseline -0.004 -14"><span class='ocrx_word' id='word_1_115' title='bbox 282 2049 311 2104; x_wconf 86' lang='lat' dir='ltr'>et</span> <span class='ocrx_word' id='word_1_116' title='bbox 324 2059 398 2103; x_wconf 82' lang='lat' dir='ltr'>cum</span> <span class='ocrx_word' id='word_1_117' title='bbox 412 2037 544 2104; x_wconf 79' lang='lat' dir='ltr'>concilio</span> <span class='ocrx_word' id='word_1_118' title='bbox 561 2037 773 2118; x_wconf 83' lang='lat' dir='ltr'>oecumeuico,·</span> <span class='ocrx_word' id='word_1_119' title='bbox 787 2059 850 2104; x_wconf 76' lang='lat' dir='ltr'>reon</span> <span class='ocrx_word' id='word_1_120' title='bbox 863 2049 975 2104; x_wconf 81' lang='lat' dir='ltr'>antem</span> <span class='ocrx_word' id='word_1_121' title='bbox 990 2035 1106 2103; x_wconf 78' lang='lat' dir='ltr'>residet</span> <span class='ocrx_word' id='word_1_122' title='bbox 1119 2035 1154 2102; x_wconf 85' lang='lat' dir='ltr'>in</span> <span class='ocrx_word' id='word_1_123' title='bbox 1165 2034 1232 2106; x_wconf 84' lang='lat' dir='ltr'>ullo</span> <span class='ocrx_word' id='word_1_124' title='bbox 1249 2033 1400 2114; x_wconf 84' lang='lat' dir='ltr'>concilio,</span> 
     </span>
     <span class='ocr_line' id='line_1_16' title="bbox 281 2127 1502 2240; baseline -0.003 -26"><span class='ocrx_word' id='word_1_125' title='bbox 281 2158 438 2237; x_wconf 75' lang='lat' dir='ltr'>quolenus</span> <span class='ocrx_word' id='word_1_126' title='bbox 451 2147 520 2215; x_wconf 82' lang='lat' dir='ltr'>sine</span> <span class='ocrx_word' id='word_1_127' title='bbox 534 2150 628 2240; x_wconf 82' lang='lat' dir='ltr'>Papo</span> <span class='ocrx_word' id='word_1_128' title='bbox 644 2161 704 2214; x_wconf 78' lang='lat' dir='ltr'>ortt</span> <span class='ocrx_word' id='word_1_129' title='bbox 722 2159 836 2215; x_wconf 83' lang='lat' dir='ltr'>contro</span> <span class='ocrx_word' id='word_1_130' title='bbox 854 2149 986 2238; x_wconf 83' lang='lat' dir='ltr'><em>Papam</em></span> <span class='ocrx_word' id='word_1_131' title='bbox 1003 2145 1256 2237; x_wconf 77' lang='lat' dir='ltr'><em>pronuntiante.</em></span> <span class='ocrx_word' id='word_1_132' title='bbox 1273 2143 1404 2212; x_wconf 82' lang='lat' dir='ltr'><strong>Remr&#39;s·</strong></span> <span class='ocrx_word' id='word_1_133' title='bbox 1501 2127 1502 2144; x_wconf 42' lang='lat'>¹</span> 
     </span>
     <span class='ocr_line' id='line_1_17' title="bbox 281 2251 1502 2348; baseline -0.007 -22"><span class='ocrx_word' id='word_1_134' title='bbox 281 2259 357 2326; x_wconf 83' lang='lat' dir='ltr'>slve.</span> <span class='ocrx_word' id='word_1_135' title='bbox 374 2295 418 2310; x_wconf 91' lang='lat'>--</span> <span class='ocrx_word' id='word_1_136' title='bbox 440 2258 519 2323; x_wconf 76' lang='lat' dir='ltr'>Hac</span> <span class='ocrx_word' id='word_1_137' title='bbox 543 2256 675 2348; x_wconf 88' lang='lat' dir='ltr'><strong>quidem</strong></span> <span class='ocrx_word' id='word_1_138' title='bbox 700 2255 879 2347; x_wconf 79' lang='lat' dir='ltr'>propositio</span> <span class='ocrx_word' id='word_1_139' title='bbox 906 2277 1009 2324; x_wconf 90' lang='lat' dir='ltr'>unum</span> <span class='ocrx_word' id='word_1_140' title='bbox 1035 2279 1052 2322; x_wconf 93' lang='lat' dir='ltr'><strong>e</strong></span> <span class='ocrx_word' id='word_1_141' title='bbox 1075 2253 1249 2346; x_wconf 81' lang='lat' dir='ltr'>praecipuis</span> <span class='ocrx_word' id='word_1_142' title='bbox 1267 2251 1404 2343; x_wconf 89' lang='lat' dir='ltr'>juribus</span> <span class='ocrx_word' id='word_1_143' title='bbox 1501 2269 1502 2340; x_wconf 48' lang='grc' dir='ltr'><em>ᾗ</em></span> 
     </span>
     <span class='ocr_line' id='line_1_18' title="bbox 281 2364 1406 2456; baseline -0.007 -20"><span class='ocrx_word' id='word_1_144' title='bbox 281 2367 431 2436; x_wconf 65' lang='lat' dir='ltr'>Ecclesiae</span> <span class='ocrx_word' id='word_1_145' title='bbox 454 2365 671 2435; x_wconf 74' lang='lat' dir='ltr'>constitutivis</span> <span class='ocrx_word' id='word_1_146' title='bbox 690 2366 860 2456; x_wconf 82' lang='lat' dir='ltr'>exprimit3</span> <span class='ocrx_word' id='word_1_147' title='bbox 887 2387 923 2432; x_wconf 92' lang='lat' dir='ltr'>ac</span> <span class='ocrx_word' id='word_1_148' title='bbox 943 2364 1094 2456; x_wconf 85' lang='lat' dir='ltr'>proinde,</span> <span class='ocrx_word' id='word_1_149' title='bbox 1111 2370 1232 2431; x_wconf 89' lang='lat' dir='ltr'>attento</span> <span class='ocrx_word' id='word_1_150' title='bbox 1252 2382 1406 2453; x_wconf 84' lang='lat' dir='ltr'>praeseu-</span> 
     </span>
     <span class='ocr_line' id='line_1_19' title="bbox 282 2465 1502 2566; baseline -0.007 -22"><span class='ocrx_word' id='word_1_151' title='bbox 282 2478 325 2544; x_wconf 89' lang='lat' dir='ltr'>tis</span> <span class='ocrx_word' id='word_1_152' title='bbox 348 2484 501 2544; x_wconf 87' lang='lat' dir='ltr'>tractatus</span> <span class='ocrx_word' id='word_1_153' title='bbox 522 2497 630 2566; x_wconf 90' lang='lat' dir='ltr'>scopo,</span> <span class='ocrx_word' id='word_1_154' title='bbox 647 2474 701 2543; x_wconf 93' lang='lat' dir='ltr'>hic</span> <span class='ocrx_word' id='word_1_155' title='bbox 718 2473 899 2544; x_wconf 83' lang='lat' dir='ltr'><strong>evolvenda</strong></span> <span class='ocrx_word' id='word_1_156' title='bbox 926 2473 1152 2566; x_wconf 76' lang='lat' dir='ltr'>firmandaque</span> <span class='ocrx_word' id='word_1_157' title='bbox 1173 2471 1310 2541; x_wconf 87' lang='lat' dir='ltr'><strong>veniret.</strong></span> <span class='ocrx_word' id='word_1_158' title='bbox 1333 2469 1404 2538; x_wconf 88' lang='lat' dir='ltr'>Sed</span> <span class='ocrx_word' id='word_1_159' title='bbox 1501 2465 1502 2484; x_wconf 62' lang='lat'>¹</span> 
     </span>
     <span class='ocr_line' id='line_1_20' title="bbox 281 2577 1405 2674; baseline -0.007 -23"><span class='ocrx_word' id='word_1_160' title='bbox 281 2582 360 2652; x_wconf 87' lang='lat' dir='ltr'>adeo</span> <span class='ocrx_word' id='word_1_161' title='bbox 383 2605 483 2674; x_wconf 84' lang='lat' dir='ltr'>grave</span> <span class='ocrx_word' id='word_1_162' title='bbox 501 2583 621 2673; x_wconf 79' lang='lat' dir='ltr'>dogma</span> <span class='ocrx_word' id='word_1_163' title='bbox 641 2581 723 2650; x_wconf 90' lang='lat' dir='ltr'>illud</span> <span class='ocrx_word' id='word_1_164' title='bbox 745 2590 805 2669; x_wconf 84' lang='lat' dir='ltr'>est,</span> <span class='ocrx_word' id='word_1_165' title='bbox 821 2590 852 2650; x_wconf 90' lang='lat' dir='ltr'>et</span> <span class='ocrx_word' id='word_1_166' title='bbox 874 2581 954 2648; x_wconf 88' lang='lat' dir='ltr'>tanti</span> <span class='ocrx_word' id='word_1_167' title='bbox 976 2583 1110 2649; x_wconf 88' lang='lat' dir='ltr'>interest</span> <span class='ocrx_word' id='word_1_168' title='bbox 1133 2579 1228 2665; x_wconf 88' lang='lat' dir='ltr'>illud,</span> <span class='ocrx_word' id='word_1_169' title='bbox 1244 2599 1311 2646; x_wconf 90' lang='lat' dir='ltr'>non</span> <span class='ocrx_word' id='word_1_170' title='bbox 1336 2577 1405 2644; x_wconf 87' lang='lat' dir='ltr'>ali·</span> 
     </span>
     <span class='ocr_line' id='line_1_21' title="bbox 281 2685 1402 2783; baseline -0.006 -24"><span class='ocrx_word' id='word_1_171' title='bbox 281 2692 432 2783; x_wconf 79' lang='lat' dir='ltr'>qualiter,</span> <span class='ocrx_word' id='word_1_172' title='bbox 453 2690 508 2759; x_wconf 88' lang='lat' dir='ltr'>sed</span> <span class='ocrx_word' id='word_1_173' title='bbox 531 2691 624 2782; x_wconf 88' lang='lat' dir='ltr'>plene</span> <span class='ocrx_word' id='word_1_174' title='bbox 649 2713 686 2758; x_wconf 90' lang='lat' dir='ltr'>ac</span> <span class='ocrx_word' id='word_1_175' title='bbox 710 2689 925 2782; x_wconf 83' lang='lat' dir='ltr'>peremptorie</span> <span class='ocrx_word' id='word_1_176' title='bbox 948 2689 1103 2758; x_wconf 87' lang='lat' dir='ltr'>inculcari</span> <span class='ocrx_word' id='word_1_177' title='bbox 1125 2685 1223 2778; x_wconf 86' lang='lat' dir='ltr'>(quod</span> <span class='ocrx_word' id='word_1_178' title='bbox 1247 2707 1314 2754; x_wconf 90' lang='lat' dir='ltr'>uon</span> <span class='ocrx_word' id='word_1_179' title='bbox 1335 2685 1402 2752; x_wconf 89' lang='lat' dir='ltr'>uisi</span> 
     </span>
     <span class='ocr_line' id='line_1_22' title="bbox 280 2794 1502 2892; baseline -0.006 -24"><span class='ocrx_word' id='word_1_180' title='bbox 280 2810 327 2868; x_wconf 88' lang='lat' dir='ltr'>sat</span> <span class='ocrx_word' id='word_1_181' title='bbox 342 2801 442 2890; x_wconf 80' lang='lat' dir='ltr'>longa</span> <span class='ocrx_word' id='word_1_182' title='bbox 454 2799 682 2892; x_wconf 82' lang='lat' dir='ltr'>disceptatione</span> <span class='ocrx_word' id='word_1_183' title='bbox 699 2800 810 2892; x_wconf 78' lang='lat' dir='ltr'>peragi</span> <span class='ocrx_word' id='word_1_184' title='bbox 830 2799 944 2891; x_wconf 88' lang='lat' dir='ltr'>potest)</span> <span class='ocrx_word' id='word_1_185' title='bbox 964 2806 1000 2866; x_wconf 89' lang='lat' dir='ltr'>ut</span> <span class='ocrx_word' id='word_1_186' title='bbox 1025 2798 1125 2866; x_wconf 91' lang='lat' dir='ltr'>satius</span> <span class='ocrx_word' id='word_1_187' title='bbox 1144 2794 1338 2866; x_wconf 83' lang='lat' dir='ltr'>duxerimus</span> <span class='ocrx_word' id='word_1_188' title='bbox 1356 2795 1400 2862; x_wconf 86' lang='lat' dir='ltr'>ad</span> <span class='ocrx_word' id='word_1_189' title='bbox 1501 2861 1502 2892; x_wconf 24' lang='lat' dir='ltr'>i</span> 
     </span>
     <span class='ocr_line' id='line_1_23' title="bbox 280 2901 1502 3002; baseline 0.004 -28"><span class='ocrx_word' id='word_1_190' title='bbox 280 2916 451 2978; x_wconf 86' lang='lat' dir='ltr'>tractatum</span> <span class='ocrx_word' id='word_1_191' title='bbox 471 2919 618 2980; x_wconf 88' lang='lat' dir='ltr'>nostrum</span> <span class='ocrx_word' id='word_1_192' title='bbox 643 2909 683 2978; x_wconf 88' lang='lat' dir='ltr'><strong>de</strong></span> <span class='ocrx_word' id='word_1_193' title='bbox 703 2913 797 3002; x_wconf 86' lang='lat' dir='ltr'>Papo</span> <span class='ocrx_word' id='word_1_194' title='bbox 821 2911 996 2996; x_wconf 84' lang='lat' dir='ltr'>remittere,</span> <span class='ocrx_word' id='word_1_195' title='bbox 1017 2910 1073 2979; x_wconf 93' lang='lat' dir='ltr'>ubi</span> <span class='ocrx_word' id='word_1_196' title='bbox 1096 2911 1166 2979; x_wconf 83' lang='lat' dir='ltr'>fuse</span> <span class='ocrx_word' id='word_1_197' title='bbox 1186 2909 1226 2978; x_wconf 93' lang='lat' dir='ltr'><strong>de</strong></span> <span class='ocrx_word' id='word_1_198' title='bbox 1248 2909 1304 2978; x_wconf 91' lang='lat' dir='ltr'>illa</span> <span class='ocrx_word' id='word_1_199' title='bbox 1326 2910 1403 2979; x_wconf 87' lang='lat' dir='ltr'>Ro-</span> <span class='ocrx_word' id='word_1_200' title='bbox 1501 2901 1502 2961; x_wconf 68' lang='lat' dir='ltr'><strong>i</strong></span> 
     </span>
     <span class='ocr_line' id='line_1_24' title="bbox 281 3018 1016 3090; baseline 0.003 -4"><span class='ocrx_word' id='word_1_201' title='bbox 281 3018 368 3086; x_wconf 89' lang='lat' dir='ltr'>mani</span> <span class='ocrx_word' id='word_1_202' title='bbox 384 3019 549 3089; x_wconf 88' lang='lat' dir='ltr'>Pontificis</span> <span class='ocrx_word' id='word_1_203' title='bbox 564 3019 792 3090; x_wconf 82' lang='lat' dir='ltr'>infallibilitate</span> <span class='ocrx_word' id='word_1_204' title='bbox 805 3020 1016 3090; x_wconf 82' lang='lat' dir='ltr'>disserimus·</span> 
     </span>
    </p>
   </div>
   <div class='ocr_carea' id='block_1_3' title="bbox 721 3401 950 3474">
    <p class='ocr_par' dir='ltr' id='par_1_3' title="bbox 721 3401 950 3474">
     <span class='ocr_line' id='line_1_25' title="bbox 721 3401 950 3474; baseline -0.004 0"><span class='ocrx_word' id='word_1_205' title='bbox 721 3401 863 3474; x_wconf 78' lang='lat' dir='ltr'><strong>CAPUT</strong></span> <span class='ocrx_word' id='word_1_206' title='bbox 892 3402 950 3474; x_wconf 90' lang='lat' dir='ltr'>Vl.</span> 
     </span>
    </p>
   </div>
   <div class='ocr_carea' id='block_1_4' title="bbox 448 3637 1228 3688">
    <p class='ocr_par' dir='ltr' id='par_1_4' title="bbox 448 3637 1228 3688">
     <span class='ocr_line' id='line_1_26' title="bbox 448 3637 1228 3688; baseline -0.005 -2"><span class='ocrx_word' id='word_1_207' title='bbox 448 3639 486 3686; x_wconf 82' lang='lat' dir='ltr'>DE</span> <span class='ocrx_word' id='word_1_208' title='bbox 508 3641 730 3688; x_wconf 73' lang='lat' dir='ltr'>Jou1su1cr1ortu</span> <span class='ocrx_word' id='word_1_209' title='bbox 753 3639 808 3686; x_wconf 85' lang='lat' dir='ltr'>SEU</span> <span class='ocrx_word' id='word_1_210' title='bbox 831 3639 1022 3686; x_wconf 70' lang='lat' dir='ltr'>obturarunt</span> <span class='ocrx_word' id='word_1_211' title='bbox 1045 3637 1228 3683; x_wconf 71' lang='lat' dir='ltr'>retusum.</span> 
     </span>
    </p>
   </div>
   <div class='ocr_carea' id='block_1_5' title="bbox 280 3875 1502 4314">
    <p class='ocr_par' dir='ltr' id='par_1_5' title="bbox 280 3875 1502 4314">
     <span class='ocr_line' id='line_1_27' title="bbox 325 3875 1502 3984; baseline -0.003 -20"><span class='ocrx_word' id='word_1_212' title='bbox 325 3892 852 3964; x_wconf 70' lang='lat' dir='ltr'>procreando-turisdictioa</span> <span class='ocrx_word' id='word_1_213' title='bbox 865 3889 1202 3984; x_wconf 79' lang='lat' dir='ltr'>juredicundodicta</span> <span class='ocrx_word' id='word_1_214' title='bbox 1216 3898 1276 3959; x_wconf 88' lang='lat' dir='ltr'>est.</span> <span class='ocrx_word' id='word_1_215' title='bbox 1295 3891 1403 3960; x_wconf 64' lang='lat' dir='ltr'>&amp;usu</span> <span class='ocrx_word' id='word_1_216' title='bbox 1501 3875 1502 3880; x_wconf 6' lang='grc' dir='ltr'>ἵ</span> 
     </span>
     <span class='ocr_line' id='line_1_28' title="bbox 280 3999 1502 4094; baseline -0.005 -19"><span class='ocrx_word' id='word_1_217' title='bbox 280 4001 375 4075; x_wconf 84' lang='lat' dir='ltr'><strong>valde</strong></span> <span class='ocrx_word' id='word_1_218' title='bbox 393 4004 539 4073; x_wconf 88' lang='lat' dir='ltr'>restricto</span> <span class='ocrx_word' id='word_1_219' title='bbox 565 4003 784 4094; x_wconf 82' lang='lat' dir='ltr'>usurpabatur</span> <span class='ocrx_word' id='word_1_220' title='bbox 806 4025 871 4070; x_wconf 84' lang='lat' dir='ltr'>vox</span> <span class='ocrx_word' id='word_1_221' title='bbox 900 4001 958 4069; x_wconf 89' lang='lat' dir='ltr'>illa</span> <span class='ocrx_word' id='word_1_222' title='bbox 985 4001 1020 4068; x_wconf 89' lang='lat' dir='ltr'>iu</span> <span class='ocrx_word' id='word_1_223' title='bbox 1042 3999 1116 4091; x_wconf 88' lang='lat' dir='ltr'>jure</span> <span class='ocrx_word' id='word_1_224' title='bbox 1136 3999 1224 4070; x_wconf 86' lang='lat' dir='ltr'>civili</span> <span class='ocrx_word' id='word_1_225' title='bbox 1248 4022 1397 4070; x_wconf 86' lang='lat' dir='ltr'>romano.</span> <span class='ocrx_word' id='word_1_226' title='bbox 1501 4079 1502 4094; x_wconf 15' lang='grc' dir='ltr'>ἓ</span> 
     </span>
     <span class='ocr_line' id='line_1_29' title="bbox 280 4107 1502 4203; baseline -0.004 -24"><span class='ocrx_word' id='word_1_227' title='bbox 280 4112 530 4203; x_wconf 82' lang='lat' dir='ltr'>Distinguebaut</span> <span class='ocrx_word' id='word_1_228' title='bbox 554 4111 675 4180; x_wconf 88' lang='lat' dir='ltr'>seilicet</span> <span class='ocrx_word' id='word_1_229' title='bbox 696 4110 922 4202; x_wconf 88' lang='lat' dir='ltr'>jurisconsulti</span> <span class='ocrx_word' id='word_1_230' title='bbox 940 4117 1064 4178; x_wconf 89' lang='lat' dir='ltr'><strong>veteres</strong></span> <span class='ocrx_word' id='word_1_231' title='bbox 1087 4107 1336 4200; x_wconf 79' lang='lat' dir='ltr'>quadruplicem</span> <span class='ocrx_word' id='word_1_232' title='bbox 1363 4109 1400 4177; x_wconf 91' lang='lat' dir='ltr'>iu</span> <span class='ocrx_word' id='word_1_233' title='bbox 1501 4163 1502 4174; x_wconf 70' lang='grc'>,</span> 
     </span>
     <span class='ocr_line' id='line_1_30' title="bbox 281 4189 1502 4314; baseline -0.005 -24"><span class='ocrx_word' id='word_1_234' title='bbox 281 4219 446 4312; x_wconf 87' lang='lat' dir='ltr'>republica</span> <span class='ocrx_word' id='word_1_235' title='bbox 460 4227 647 4311; x_wconf 85' lang='lat' dir='ltr'>potestatem</span> <span class='ocrx_word' id='word_1_236' title='bbox 662 4219 833 4308; x_wconf 84' lang='lat' dir='ltr'>nimirum,</span> <span class='ocrx_word' id='word_1_237' title='bbox 847 4219 1067 4309; x_wconf 81' lang='lat' dir='ltr'>majestatem,</span> <span class='ocrx_word' id='word_1_238' title='bbox 1084 4217 1274 4309; x_wconf 82' lang='lat' dir='ltr'>imperium,</span> <span class='ocrx_word' id='word_1_239' title='bbox 1292 4219 1401 4314; x_wconf 56' lang='lat' dir='ltr'>jorra</span> <span class='ocrx_word' id='word_1_240' title='bbox 1501 4189 1502 4284; x_wconf 84' lang='lat' dir='ltr'>l</span> 
     </span>
    </p>
   </div>
   <div class='ocr_carea' id='block_1_6' title="bbox 0 0 1526 4946">
    <p class='ocr_par' dir='ltr' id='par_1_6' title="bbox 0 0 1526 4946">
     <span class='ocr_line' id='line_1_31' title="bbox 0 0 1526 4946; baseline 0 0"><span class='ocrx_word' id='word_1_241' title='bbox 0 0 1526 4946; x_wconf 95' lang='lat' dir='ltr'> </span> 
     </span>
    </p>
   </div>
  </div>
 </body>
</html>
