3022 4950
611 499 786 546 antenatus
809 500 848 545 DE
871 497 1024 546 eumeleus

255 643 470 734 ligioserum;
506 640 649 734 capitula
681 640 895 726 cathedralia3
932 650 1072 710 rectores
1102 639 1371 725 universitatum,

254 762 285 822 et
298 753 389 821 ahos.
408 751 570 822 Deberem
583 773 662 840 ergo
678 759 798 818 statuta
814 771 872 818 seu
891 749 981 839 leges
1003 748 1123 818 horum
1146 747 1296 818 omnium
1318 746 1375 816 de·

255 859 402 944 finitione
416 858 660 952 comprehendi.
675 859 757 939 Quae
774 881 851 926 cum
865 855 1097 942 excludantur,
1109 857 1144 925 in
1161 854 1262 948 priori
1277 877 1375 924 sensu

253 969 308 1059 jus
345 968 538 1038 canonicum
566 965 764 1036 intellexisse
794 965 947 1036 videntur
977 974 1126 1034 auctores
1156 962 1373 1050 definitionis,

257 1086 289 1145 et
311 1076 448 1169 proinde
469 1084 665 1146 venenatum
688 1073 814 1166 aliquid
829 1073 967 1144 incautis
987 1074 1161 1144 lectoribus
1175 1072 1373 1166 propinasse.

300 1185 352 1254 Ex
372 1183 509 1254 subdola
525 1193 636 1253 autem
660 1181 718 1250 illa
741 1180 930 1250 definitione
953 1181 1119 1274 quomodo
1145 1179 1248 1271 logice
1272 1179 1377 1249 subu-

1509 1 1510 45 t

1509 49 1510 91 t

1509 133 1510 198 l

1509 440 1510 484 t

1509 497 1510 550 l

1509 599 1510 652 l

256 1293 383 1362 riantur
399 1294 552 1386 pleraque
572 1291 727 1361 Febronii
746 1299 778 1358 et
798 1290 959 1358 similium
980 1289 1257 1359 heterodoxorum
1276 1309 1376 1356 ever·

256 1403 327 1472 siva
356 1402 521 1495 potestatis
551 1400 729 1493 pontificias
764 1399 893 1492 placita,
924 1400 977 1468 vel
1008 1401 1165 1492 tantisper
1200 1397 1377 1467 attendenti

257 1513 376 1604 patebit
393 1513 496 1580 facile.
512 1510 548 1579 Si
565 1511 655 1579 enim
667 1510 723 1602 jus
738 1509 932 1578 canonicum
948 1530 1015 1578 nnn
1031 1529 1051 1575 a
1065 1507 1133 1576 sola
1145 1505 1274 1576 romani
1289 1506 1375 1576 Pon-

255 1618 351 1687 tifieis
372 1620 559 1688 anctoritate
584 1618 709 1688 oriatur
731 1626 828 1708 atque
842 1617 912 1685 vim
928 1617 1101 1686 universos
1122 1614 1246 1685 Christi
1266 1613 1377 1683 fideles

256 1725 422 1817 obligandi
447 1725 589 1813 hauriat,
612 1725 668 1794 sed
686 1728 829 1817 potinsa
849 1724 1017 1793 collectiva
1034 1721 1226 1792 auctoritate
1245 1721 1376 1814 primo·
1509 1803 1510 1826 Χ

257 1859 335 1904 rum
370 1846 552 1928 pastorum,
588 1836 622 1906 id
654 1845 714 1924 est,
745 1837 928 1925 generatim
957 1835 1186 1926 episcoporum
1200 1830 1315 1902 ¹simul
1346 1839 1377 1900 et

1509 2999 1510 3056 l

257 1944 382 2014 summi
406 1942 582 2030 Pontificis,
609 1943 757 2036 sequitur
784 1946 815 2009 1ο
838 1943 926 2032 leges
947 1951 979 2010 et
1002 1939 1247 2010 constitutiones
1266 1961 1285 2006 a
1307 1937 1377 2007 solo

257 2053 380 2122 vicario
403 2052 524 2122 Christi
548 2052 630 2120 latas
652 2073 718 2118 non
737 2050 933 2120 constituere
951 2051 1006 2142 jus
1031 2047 1226 2118 canonicum
1246 2045 1377 2139 proprie

257 2161 395 2248 dictum,
418 2159 474 2230 sed
499 2169 577 2229 tunc
600 2168 726 2228 tantum
742 2159 845 2250 injus
860 2158 1055 2228 canonicum
1076 2157 1227 2241 transire,
1245 2159 1378 2246 quando

258 2271 357 2338 simul
372 2291 391 2338 a
405 2269 531 2338 caeteris
543 2267 666 2359 primis
686 2267 838 2336 Ecclesiae
849 2266 1038 2358 pastorebus
1063 2268 1204 2334 firmatae
1228 2262 1350 2331 fuerint
1369 2289 1376 2330 ε

257 2377 405 2470 sequitur
419 2381 466 2463 2⁰,
484 2377 673 2446 Rauranum
682 2375 874 2446 Pontificem
888 2375 943 2444 eui
957 2376 992 2443 in
1002 2396 1140 2466 persona
1151 2370 1239 2442 Petri
1253 2370 1377 2441 dictum

257 2495 305 2554 est
313 2507 411 2577 pasce
424 2507 647 2576 agnosgpasce
663 2505 746 2566 oues,
764 2505 829 2553 non
844 2504 938 2574 posse
948 2503 1079 2576 pascere
1093 2490 1125 2551 et
1137 2501 1250 2571 regere
1261 2501 1375 2570 agnos,

257 2593 366 2679 idest,
393 2593 503 2663 fideles
527 2594 689 2662 universes
716 2592 871 2661 Ecclesiae
894 2602 926 2660 et
949 2615 1004 2660 eos
1024 2591 1162 2661 decretis
1188 2590 1257 2660 suis
1279 2588 1378 2658 attin-

257 2724 346 2790 gere,
372 2701 435 2768 uisi
451 2701 661 2791 inquantum
678 2700 918 2791 Episcoporum
934 2699 1136 2768 universitas
1147 2698 1249 2766 simul
1263 2696 1377 2766 eadem

258 2811 429 2898 decernat3
448 2813 527 2878 item
541 2831 609 2878 non
623 2831 717 2901 posse
732 2831 862 2900 pascere
876 2831 967 2895 oves,
984 2808 1016 2877 id
1031 2817 1092 2896 est,
1105 2807 1296 2899 Episcopus,
1315 2804 1379 2872 nisi

257 2919 320 3009 ipsi
335 2918 435 2987 velint
452 2939 521 2986 sese
544 2917 647 3008 ligare
667 2917 808 2986 decretis
822 2940 842 2984 a
857 2939 991 2986 summo
1007 2915 1166 2985 Pontifice
1184 2915 1270 2984 cirea
1291 2914 1379 3004 ipsos

256 3026 328 3094 latis
357 3053 363 3092 :
394 3024 541 3116 sequitur
572 3028 622 3109 3⁰,
651 3025 896 3094 constitutiones
925 3022 1108 3116 pontificias
1137 3045 1196 3114 pro
1226 3021 1380 3091 universa

256 3133 398 3201 Ecclesia
425 3133 505 3200 latas
537 3156 629 3224 posse
657 3133 698 3200 ab
726 3132 894 3224 Episcopis
921 3155 981 3224 pro
1011 3153 1077 3200 non
1099 3129 1319 3220 obligantibus
1342 3152 1379 3196 ac

258 3242 394 3334 proinde
409 3261 468 3333 pro
483 3241 582 3310 nullis
606 3241 730 3328 baberi,
755 3241 916 3332 quamdiu
938 3241 1001 3334 ipsi
1016 3239 1147 3310 easdem
1164 3261 1224 3307 sua
1238 3238 1380 3306 auctori·

258 3359 321 3418 tate
335 3372 402 3418 non
417 3351 606 3436 firmarunt,
623 3349 835 3440 quantumvis
850 3358 963 3440 urgeat
982 3350 1070 3442 Papa
1085 3357 1116 3417 et
1134 3349 1170 3416 in
1186 3347 1380 3416 rebellantes

257 3481 410 3527 censuras
425 3457 581 3526 fulminet
598 3482 604 3520 :
624 3458 772 3550 sequitur
786 3462 831 3544 4⁰,
848 3468 881 3527 et
892 3458 1110 3549 apertissime,
1130 3457 1281 3525 Romano
1293 3454 1380 3524 Pon-

259 3564 339 3634 tifici
360 3588 380 3632 a
403 3564 533 3634 Christo
550 3566 584 3632 in
610 3586 748 3656 persona
766 3564 855 3634 Petri
877 3587 943 3634 non
963 3564 1073 3634 datam
1090 3585 1159 3631 esse
1169 3563 1305 3654 plenam
1314 3583 1381 3653 po-

260 3684 409 3742 testatem
438 3673 657 3740 universalem
687 3671 880 3756 Ecclesiam,
913 3669 1026 3740 fideles
1055 3671 1174 3740 scilicet
1205 3681 1236 3736 et
1264 3690 1380 3738 eorum

259 3790 414 3872 pastores,
439 3781 604 3873 pascendi,
637 3780 783 3871 regendi,
803 3793 902 3872 atque
924 3779 1139 3872 padernandi,
1168 3777 1382 3871 quantumvis

258 3911 409 3980 expresse
433 3887 467 3955 id
489 3887 651 3956 definierit
671 3888 846 3957 concilium
872 3887 1115 3958 oecumenicum
1139 3886 1378 3956 Florentinum.

259 3997 355 4067 Unde
381 3997 442 4065 snb
461 3995 620 4087 praedicta
638 3995 826 4066 delinitione
847 4006 953 4068 totum
976 3997 1054 4066 latet
1078 3995 1312 4088 gallicanismi‚
1331 3995 1382 4064 te·

260 4104 489 4191 bronianismi‚
505 4102 712 4194 jansemus,
729 4104 956 4195 anglicanismi
973 4113 1071 4197 atque
1085 4127 1152 4174 uno
1167 4104 1267 4176 verbo
1281 4101 1383 4172 schis-

261 4213 357 4284 matis
374 4235 549 4284 venenum.
