3042 4946
491 479 575 528 sums
596 481 749 529 senonici.
1118 465 1178 534 579

32 614 187 688 briones
202 620 376 689 canonista
398 621 465 689 lere
481 643 606 689 omnes.
628 621 776 702 Quorum
791 623 1003 715 antiquiores,
1021 625 1178 716 quoniam

35 751 175 796 eorum
200 728 334 797 nomina
357 751 444 820 serpe
473 737 621 799 truncate
642 739 674 798 et
696 729 859 799 tironibus
883 732 942 799 vix
963 731 1178 822 intelligibilia

38 839 93 906 in
117 840 325 910 citationibus
349 848 536 928 occurrunt,
563 863 630 910 non
651 862 929 933 supervacaneum
952 841 1013 910 erit
1042 842 1096 912 hic
1121 842 1177 911 de-

39 948 214 1017 scribere.

103 1056 143 1122 ln
163 1065 266 1124 totum
291 1056 437 1126 Gratiani
452 1055 617 1126 decretum
638 1057 839 1149 scripserunt
855 1083 862 1124 ε
880 1055 988 1126 Guido
1003 1055 1043 1126 de
1056 1057 1176 1149 Beyso,

38 1163 117 1254 qui
141 1163 234 1232 citari
258 1163 338 1232 solet
359 1164 420 1232 sub
440 1165 573 1232 nominc
592 1163 832 1246 Archidioconi,
854 1187 893 1232 eo
912 1162 1001 1256 quod
1014 1164 1178 1233 archidia-

40 1294 162 1340 conus
188 1279 270 1342 esset
291 1271 326 1339 in
352 1271 494 1341 Ecclesia
515 1271 727 1359 Bononiensi,
750 1309 795 1324 -
819 1269 974 1361 AEgidius
1001 1271 1041 1339 de
1070 1271 1177 1340 Bella-

40 1403 162 1465 mera,
187 1419 231 1432 -
256 1379 446 1448 Dcminicus
468 1403 488 1447 a
512 1379 632 1448 Sancto
657 1378 861 1466 Geminianc,
889 1378 948 1470 qui
970 1377 1077 1447 vocari
1097 1379 1179 1448 solet

45 1489 288 1571 Geminicnns,
306 1527 351 1540 -
365 1486 550 1558 Gardiualis
571 1509 589 1555 c
609 1487 869 1574 Turrecrcmats,
884 1527 929 1540 -
942 1487 1084 1557 loannes
1105 1489 1177 1557 An-

42 1599 167 1666 tonius
190 1621 210 1666 a
230 1597 264 1666 S.
289 1598 441 1688 Georgio,
465 1599 523 1690 qui
538 1597 629 1668 citari
652 1597 732 1666 solet
755 1598 816 1666 sub
835 1598 967 1665 nomine
991 1597 1174 1689 Praepositi,

43 1729 94 1774 eo
121 1707 209 1798 quod
234 1715 317 1776 esset
338 1707 534 1798 prepositus
556 1707 590 1774 iu
606 1704 749 1775 Ecclesia
770 1705 1014 1794 Medionalensi,
1031 1714 1063 1775 et
1078 1709 1174 1776 etiem

45 1817 119 1886 sub
146 1818 276 1886 nomine
304 1816 489 1886 Cordinalr's
507 1815 735 1898 Alexandrini,
752 1855 797 1869 -
816 1815 1002 1885 Ludovicus
1018 1815 1176 1907 Bclogni-

47 1947 133 1992 nus.

98 2033 138 2099 ln
152 2033 296 2124 quinque
310 2032 411 2102 libros
422 2033 634 2103 Decretelium
651 2033 807 2124 scripsere
827 2059 834 2100 :
849 2033 1055 2102 Innocentius
1069 2035 1174 2117 Quar-

50 2149 122 2225 tus,
149 2179 194 2193 ··-
218 2141 389 2228 Henricus,
417 2143 592 2234 quisituri
623 2140 703 2209 solet
734 2140 796 2208 sub
827 2141 959 2209 nonnine
989 2143 1175 2212 Cordinalis

54 2250 225 2331 Ostiensis,
242 2251 320 2342 qnia
333 2249 508 2318 cardinalis
522 2259 554 2317 et
565 2249 742 2341 Episcopus
758 2247 915 2316 Ostiensis
931 2248 1005 2335 luit,
1016 2287 1060 2300 -
1074 2249 1173 2319 loan-

50 2377 112 2423 nes
133 2357 288 2444 Andrias,
317 2358 421 2449 petria
440 2357 666 2442 Bononiensis,
684 2394 729 2407 —
743 2354 906 2422 Hearicus
928 2354 1042 2442 Boich,
1070 2358 1173 2447 patria

48 2463 242 2552 Leonensis,
259 2503 304 2516 -
318 2464 471 2554 AEgidius
485 2464 677 2550 Bellamerc,
695 2501 740 2514 -
754 2461 876 2530 Baldus
890 2461 930 2529 de
945 2461 1092 2550 Ubnldis,
1110 2488 1172 2556 pa·

48 2571 117 2640 tris
132 2573 322 2658 Perusinus,
335 2611 380 2626 -
395 2573 586 2642 Franciscus
600 2571 640 2640 de
656 2571 812 2655 Acccltis,
829 2571 935 2663 petria
947 2571 1115 2660 Aretinus,
1128 2613 1171 2626 --

45 2680 217 2748 Antonius
236 2681 275 2750 de
290 2681 417 2768 Butrio,
435 2680 539 2771 patris
558 2678 784 2766 Bononiensis,
802 2715 847 2731 -
861 2676 1045 2765 Gcffredus,
1066 2681 1173 2770 patria

44 2787 238 2873 'franensia
255 2827 298 2840 -
317 2789 432 2857 Petrus
458 2788 498 2856 de
522 2788 731 2871 Ancharano,
754 2786 860 2878 petria
879 2786 1109 2875 Bononiensis,
1127 2827 1170 2840 -

44 2895 237 2965 Cardinelis
253 2897 445 2965 Franciscus
461 2896 501 2964 dc
516 2895 703 2979 Zarabellis,
725 2895 830 2986 patrio
843 2895 1032 2984 Patavinus,
1049 2898 1170 2966 -Ni-

43 3003 161 3072 colaus
182 3005 222 3073 dc
244 3004 435 3090 Tudeschis,
453 3004 510 3094 qui
525 3003 617 3070 citari
630 3002 710 3070 solet
726 3002 787 3069 sub
808 3003 939 3071 nomine
953 3003 1095 3088 Aetate,
1117 3006 1168 3074 vel

44 3113 112 3181 sub
134 3115 265 3182 nomine
288 3111 530 3193 Ponat-mitani,
550 3111 602 3180 vel
618 3111 680 3177 suh
696 3109 828 3178 nomine
842 3109 976 3179 Abbatis
989 3114 1168 3182 Panormi-

12 3307 13 3312 *
45 3223 133 3303 tani,
155 3246 192 3291 eo
215 3223 302 3314 quod
319 3231 401 3291 esset
416 3221 516 3289 obbas
532 3217 721 3287 monasterii
736 3215 1023 3285 Benedictinorum
1039 3219 1074 3286 in
1088 3221 1168 3288 civi-

44 3338 113 3397 tate
138 3330 381 3416 Penormitnna,
407 3329 441 3397 in
464 3327 585 3413 Sicilia,
609 3365 653 3378 -
667 3326 809 3395 loannes
834 3323 874 3390 de
897 3324 1037 3410 Ananis,
1063 3327 1167 3416 patrie

42 3439 273 3526 Bononiensis,
290 3477 335 3491 -
347 3438 489 3507 loannes
501 3435 616 3522 Imola,
631 3471 676 3486 -
691 3432 868 3500 Fortunius
883 3431 1026 3517 Garzias,
1047 3433 1165 3525 Hispa·
1240 3467 1241 3471 ¹

42 3570 122 3632 nus,
138 3585 181 3598 -·-
197 3547 345 3615 Andreas
365 3545 528 3631 Barbatia,
550 3542 692 3628 Siculus,
709 3539 937 3630 -Philippus
956 3539 1084 3626 Decius,
1102 3565 1165 3633 pa-

45 3659 110 3725 tria
130 3655 391 3741 Mediolanensis,
416 3693 460 3706 -
481 3653 614 3721 Felinus
639 3649 811 3733 Ssndoeus,
842 3647 1016 3716 eanonicus
1044 3649 1163 3720 Ferra-

44 3765 176 3849 riensis,
191 3803 236 3818 -
251 3764 456 3854 Augustinus
469 3761 618 3846 Beroius,
633 3756 858 3826 Bononiensis.

91 3870 230 3952 Quidam
253 3893 294 3939 ex
315 3869 408 3938 dictis
428 3869 628 3959 scripserunt
647 3867 743 3934 etiem
767 3866 802 3932 iu
816 3875 945 3935 sextum
962 3868 1082 3940 librum
1097 3874 1161 3944 De-

45 3978 214 4048 cretalium
243 3988 274 4046 et
302 3978 337 4046 in
364 3978 485 4046 librum
514 3973 802 4044 Clcntentinarum.
839 3973 898 4041 His
932 3977 1161 4050 vetustioribus

47 4107 238 4172 successere,
259 4085 372 4153 cadem
392 4105 520 4174 semper
542 4079 704 4166 methodo,
727 4081 893 4149 innumeri
913 4080 970 4148 elii
986 4087 1160 4158 canonistae

45 4193 104 4290 qui
125 4191 218 4260 hodie
241 4191 450 4261 bibliothecas
470 4191 606 4282 replent.
630 4189 730 4282 Quin,
746 4211 817 4256 eam
834 4187 1023 4260 methodum
1041 4217 1160 4290 seque.
