3048 4954
513 485 596 532 tonis
618 487 769 534 cruentet.

526 809 669 882 CAPUT
691 813 752 882 ΙΠ.1

401 1021 483 1069 Jllhl!
505 1023 643 1070 eunome!
667 1023 872 1070 rmrmu.

297 1238 315 1287 t.
333 1247 436 1296 ouum
447 1251 488 1291 sn
497 1253 531 1292 rx
543 1251 663 1292 cortuum
675 1252 811 1292 nocronuu
827 1252 976 1293 summ.

121 1387 230 1469 Quam
254 1387 343 1457 utilis
363 1399 396 1458 et
413 1400 572 1483 prestans
589 1389 699 1461 habitu
720 1391 818 1461 fuerit
833 1391 917 1483 juris
929 1393 1075 1464 cononici
1088 1393 1193 1463 seien-

73 1495 136 1582 tie,
158 1506 295 1566 testetur
312 1498 465 1590 frequens
486 1501 656 1570 doctorum
675 1505 715 1568 de
732 1501 790 1569 huc
805 1500 975 1593 disciplina
991 1503 1190 1592 encomium,

72 1625 256 1694 equorum
280 1605 445 1674 sententiis
468 1607 537 1676 haec
557 1631 660 1700 pauca
680 1607 859 1698 seligimus.
887 1634 902 1670 n
931 1607 1193 1689 Quantumcum-

77 1739 95 1774 ι
118 1735 185 1803 que
200 1712 293 1782 lubor
306 1714 359 1782 hic
376 1716 505 1808 (nempe
520 1715 665 1785 studium
679 1716 764 1808 juris
775 1715 932 1806 cononici)
950 1717 990 1784 sit
1005 1715 1192 1786 difficultate

77 1845 95 1880 u
119 1819 258 1907 ferreus,
276 1821 412 1890 utilitate
431 1832 538 1892 temen
553 1836 601 1893 est
614 1847 733 1893 oureus
746 1851 762 1888 u
783 1823 942 1914 (Pirhing,
958 1825 1050 1916 epist.
1069 1824 1189 1914 dedic,
1304 1879 1306 1884 ,

70 1933 97 1992 t.
115 1927 153 2016 ι).
175 1953 192 1991 e
208 1927 298 1996 Sacri
312 1953 450 1999 conones
464 1933 654 2024 proximum
669 1942 741 2026 post
755 1954 854 2000 serrse
868 1931 1045 2024 Scriptores
1058 1932 1191 2002 theseu-

74 2059 92 2096 «ι
116 2055 173 2102 ros
184 2033 293 2104 locum
305 2037 436 2125 hebent,
450 2037 669 2131 dignitateque
680 2062 740 2108 suc
753 2048 784 2108 ct
797 2061 857 2108 usu
869 2061 984 2108 omnes
995 2039 1073 2107 alies
1085 2042 1190 2110 scieu-

72 2174 91 2212 «
118 2149 286 2238 tieslouge
299 2157 482 2240 superent»
499 2145 730 2239 (Wagnereclr,
742 2144 901 2235 exegesis,
917 2145 1008 2238 praef.
1026 2145 1066 2214 ed
1084 2147 1186 2240 lect).

71 2285 90 2319 ι
115 2257 195 2325 llaec
208 2256 380 2324 nostrelex
395 2257 463 2324 sive
477 2255 611 2322 scientie
625 2275 700 2322 vere
716 2261 820 2345 potest
833 2251 1044 2320 scientiarum
1056 2254 1187 2322 scientio

68 2391 86 2429 α
112 2365 296 2456 nuncupari
322 2391 338 2427 ι)
361 2361 553 2454 (Cardinelis
573 2361 742 2447 Ostiensis,
759 2358 847 2452 apud
861 2359 1016 2446 Pichler.,
1039 2361 1183 2452 Proleg,

66 2485 105 2538 u·
120 2471 189 2560 56).
205 2473 317 2540 ollem
327 2472 428 2561 igitur
437 2469 650 2540 necessarium
662 2469 730 2558 ugit
742 2468 912 2558 theologie
921 2469 1097 2557 studiosus,
1109 2493 1185 2539 cum

69 2607 87 2642 ι
111 2589 145 2646 et
159 2601 328 2648 sacrorum
343 2599 507 2646 cononum
523 2577 743 2666 cognitionem
755 2598 823 2644 suae
839 2575 1031 2668 professioni
1046 2577 1184 2669 conjun-

68 2713 87 2748 ι
111 2688 174 2775 git,
192 2709 262 2754 eom
282 2683 459 2776 aliquunde
481 2683 515 2750 iu
534 2683 684 2752 Ecclesiae
708 2705 806 2752 usum
821 2689 853 2750 et
865 2692 1097 2752 oruamentum
1119 2692 1184 2753 tru-

69 2822 87 2858 «
112 2794 294 2862 ducturus»
308 2793 479 2884 (Heuricus
488 2790 650 2871 Canisius‚
660 2791 695 2858 in
702 2790 853 2877 Summo,
865 2790 952 2883 apud
962 2790 1104 2878 Pichler,
1113 2793 1184 2862 loco

64 2901 195 2990 citato).
217 2927 234 2966 c
256 2900 327 2970 Nou
346 2899 459 2968 duhito
475 2898 680 2990 pronuntiari
701 2897 877 2986 iudignum
893 2896 1034 2988 theologi
1050 2901 1183 2968 nomine

68 3036 85 3072 ι
108 3008 228 3100 quijus
239 3009 432 3077 canonicum
442 3008 609 3096 ignoret...
629 3007 685 3075 Est
698 3007 788 3074 euim
801 3006 855 3097 jus
875 3008 1183 3098 cenonicumportio

67 3147 80 3173 u
108 3115 262 3206 quaedam
283 3114 495 3205 theologice...
517 3114 559 3182 Et
579 3113 724 3204 partialis
751 3112 903 3205 quedem
923 3113 1087 3203 theologie
1105 3137 1179 3206 quae

68 3252 87 3288 ι
109 3224 250 3316 practice
264 3232 427 3294 vocetur»
450 3223 647 3316 (Pignutelli,
662 3230 741 3291 tom.
757 3247 778 3306 1,
793 3221 1080 3292 Consultatiouum
1092 3245 1179 3310 cen,

64 3329 193 3398 consult
208 3334 261 3417 ll,
277 3346 314 3398 n⁰
333 3333 397 3421 11).
417 3331 493 3400 «De
507 3329 581 3422 jure
598 3329 753 3398 canonico
769 3329 812 3396 ite
827 3336 958 3397 sanctus
974 3329 1178 3400 Antoninus:

69 3467 87 3502 ι
110 3439 217 3530 Super
231 3461 345 3508 omues
361 3437 523 3509 humuues
539 3440 627 3529 leges
649 3449 696 3506 est
714 3437 768 3528 jus
784 3437 999 3523 canonicum,
1015 3430 1113 3529 quod
1126 3461 1179 3508 re-

64 3571 81 3610 n
107 3547 206 3616 cultui
220 3571 261 3615 ex
275 3547 410 3616 decretis
424 3556 456 3616 et
469 3546 681 3616 decretalibus
694 3555 726 3614 et
735 3556 922 3616 sanctorum
934 3548 1178 3618 auetoritatibus

69 3681 86 3718 α
107 3655 716 3744 doctorum»(TrcctntusdeUsuris,n⁰
727 3654 792 3744 ll).
805 3655 1177 3748 «Diceresoleseumqui

70 3790 86 3826 ι
107 3765 279 3834 insalutato
293 3788 456 3835 cononum
472 3764 640 3856 discipline
659 3765 849 3855 theologus,
864 3773 922 3833 out
934 3765 991 3856 qui
1006 3764 1177 3834 insalutata

70 3899 86 3935 t
107 3873 268 3964 theologia
277 3897 440 3943 cononum
453 3875 608 3964 magister
619 3873 722 3960 credit,
735 3896 799 3942 non
809 3873 1070 3963 theologiemuut
1079 3896 1175 3942 cauo·

70 4006 86 4041 ι
106 4003 184 4049 num
198 3981 417 4073 disciplinam,
431 3981 486 4049 sed
499 3980 671 4070 theologie
683 3981 735 4048 vel
747 4003 911 4050 canonum
923 3980 1105 4072 discipline
1120 3984 1176 4050 di-

73 4115 87 4150 «
107 4091 247 4159 midium
257 4090 446 4182 possidere»
462 4089 622 4180 (Berurdi,
635 4091 821 4160 Comment.
834 4089 931 4181 injus
941 4091 1051 4159 eccles.
1064 4091 1172 4180 prael„

71 4218 99 4288 p.
123 4201 184 4288 ll).
205 4198 294 4268 luris
317 4199 463 4268 canonici
483 4197 704 4289 prestantium
724 4196 823 4267 simul
843 4205 874 4265 et
894 4195 1083 4265 affinitatem
1104 4198 1175 4291 ejus
