3050 4946
480 471 562 518 souis
585 473 737 518 unacum.
1105 451 1167 518 loa

90 607 118 674 l.
139 609 244 677 Falsus
267 609 441 680 decretales
461 611 606 690 conficta
625 613 692 705 jam
717 620 822 698 eraut,
848 619 996 704 utsupra
1010 613 1167 698 vidimus,

24 738 135 782 arrno
158 721 238 804 8465
260 719 322 786 hoo
337 719 459 788 nedum
475 730 570 811 neget
583 722 776 808 Febronius,
797 723 866 790 vult
881 745 899 790 e
915 733 1027 792 contra
1042 745 1096 792 eas
1109 747 1168 792 an·

23 831 94 889 tea
124 825 292 914 prodiisse.
319 828 405 917 Ergo
429 829 457 896 si
481 829 596 898 Romae
611 837 642 898 et
657 829 797 897 auctrice
812 852 949 898 romana
968 831 1068 899 Curia
1086 855 1168 900 con-

27 930 132 998 fictae
158 942 246 1020 sunt,
272 935 455 1004 debuerunt
483 936 528 1004 ibi
545 937 695 1024 cognosci
721 938 782 1005 sub
805 937 911 1005 Leone
927 938 986 1023 lV,
1003 939 1035 1006 io
1051 949 1110 1027 cst,
1128 941 1170 1007 ab

27 1071 133 1116 anno
160 1047 220 1113 847
238 1067 341 1137 usqne
357 1044 397 1113 ad
413 1067 538 1114 annum
555 1048 629 1112 858.
648 1045 823 1131 Praeterea,
839 1045 866 1113 si
885 1045 1040 1137 praelotus
1057 1047 1169 1115 Ponti-

27 1159 98 1226 lex
125 1155 325 1225 occasionem
352 1154 464 1223 habuit
489 1153 693 1223 describendi
717 1153 860 1222 codicem
885 1153 943 1245 qui
967 1153 1084 1222 Romae
1109 1177 1169 1223 suo

30 1277 197 1356 ternpore
222 1263 255 1330 iu
282 1285 344 1331 usu
372 1272 452 1346 erat,
478 1262 589 1330 debuit
612 1261 756 1330 indicare
783 1260 1017 1347 isidorianam,
1046 1271 1077 1330 et
1103 1285 1169 1331 non

28 1373 163 1440 alium.
196 1371 295 1462 Atqui
324 1372 390 1439 Leo
420 1370 466 1439 lV
496 1371 529 1437 in
559 1391 618 1438 sno
647 1370 686 1438 ad
715 1369 889 1437 Britannos
913 1369 1048 1460 epistola
1069 1368 1167 1461 (apud

31 1478 255 1566 Gratianum,
273 1478 346 1546 dist.
365 1482 419 1562 20,
438 1499 466 1546 c.
489 1477 519 1566 t)
541 1476 736 1546 declarando
752 1477 887 1568 quinam
904 1475 1005 1545 codex
1021 1486 1169 1569 receptus

31 1609 115 1654 esse
142 1587 274 1670 Romae,
297 1607 462 1678 quemquo
484 1585 576 1677 sequi
599 1607 715 1654 omnes
735 1584 901 1669 deberent,
925 1606 989 1653 non
1009 1585 1168 1654 lsidoria-

33 1719 143 1782 num,
161 1695 217 1762 sed
234 1696 472 1786 Dionysianum
488 1696 651 1764 describit.
669 1696 741 1779 Quo
757 1694 851 1787 plane
872 1694 1012 1764 ostendit
1025 1717 1058 1764 se
1073 1695 1170 1764 falsas

34 1803 224 1871 decretales
249 1804 301 1871 vel
325 1826 390 1872 non
416 1825 608 1892 cognoscere
630 1805 682 1872 vel
704 1804 848 1894 rejicere.
873 1803 922 1871 En
947 1803 1050 1896 ipsius
1070 1805 1170 1872 verba

34 1935 121 2002 quae
150 1919 251 1979 totam
274 1933 409 2003 prorsus
430 1912 630 1980 columniam
646 1920 797 1981 evertunt
814 1940 821 1979 :
840 1915 888 1979 Dc
901 1911 1016 1980 libellis
1036 1924 1066 1978 et
1079 1935 1169 1979 com-

36 2019 220 2088 mentariis
233 2020 377 2088 aliorum
393 2043 459 2088 nan
476 2021 624 2088 conocm't
643 2020 787 2111 aliquem
804 2018 971 2110 judicare,
991 2033 1021 2087 et
1034 2033 1168 2088 saucto-

35 2151 120 2194 rum
138 2127 350 2195 conciliorum
365 2149 504 2196 canones
519 2129 711 2218 relinquere,
733 2128 786 2195 ccl
798 2127 1010 2194 decretalium
1026 2129 1165 2218 repulus,

38 2233 78 2302 id
97 2247 157 2314 est,
184 2257 256 2324 qun
276 2234 438 2302 hahentur
454 2234 546 2326 apud
558 2257 616 2302 nos
629 2235 731 2301 simul
747 2256 822 2302 cum
837 2234 1023 2302 canonibus.
1045 2235 1169 2316 Quibus

36 2354 160 2409 autem
181 2342 216 2408 in
232 2341 379 2409 omnihus
395 2341 612 2410 ecclesiasticis
627 2342 755 2409 citimus
773 2340 912 2432 judiciis
926 2353 1014 2423 orant,
1033 2365 1170 2410 canones

39 2449 288 2540 Apostolorum,
314 2449 535 2532 Nicanorum,
558 2451 821 2541 Ancyrauorum,
842 2449 1167 2538 neocesariensium,

39 2559 301 2647 Ganpremium,
333 2560 608 2640 Antiochensium,
641 2559 904 2640 Laodicensium,
936 2561 1167 2629 Constantino-

30 2667 284 2758 politauorum,
300 2666 556 2756 Ephesinamm
572 2666 895 2748 chalcedonensium,
911 2665 1165 2750 Sardiccmium,

37 2777 290 2865 Africanomm,
324 2776 659 2866 Carthaqinensium·
682 2787 713 2842 et
739 2797 813 2842 cum
843 2775 908 2843 illis
932 2776 1053 2864 rapidae
1079 2779 1169 2846 Prae-

38 2889 156 2954 sulcum
190 2886 416 2951 Romarcarum
450 2885 620 2975 Splcestri,
649 2883 774 2960 Siaieii,
805 2885 1000 2970 iunocentii,
1028 2885 1166 2968 Zosimi,

43 2995 227 3076 Caelestini,
263 2991 390 3070 Leonis,
429 2992 561 3071 Gelasii,
593 2990 705 3058 Hilari
734 2990 940 3080 Symmachi,
970 2993 1166 3075 Hormisdae,

39 3106 226 3197 Simplicii,
250 3117 280 3172 et
298 3100 449 3192 Greqorii
461 3099 617 3190 junioris.
636 3099 697 3166 Isti
716 3099 866 3167 omnium
881 3112 958 3168 sum
972 3114 1003 3168 et
1015 3124 1075 3192 pcr
1091 3125 1169 3194 qum

32 3213 199 3306 judicant
218 3209 385 3303 Episcopi,
405 3220 436 3276 ct
448 3229 511 3299 pcr
530 3229 610 3298 quas
628 3207 785 3299 Episcopi
801 3207 905 3275 simul
918 3207 1117 3298 judicantur
1139 3223 1170 3278 et

38 3321 162 3390 clerici.
190 3321 278 3409 Ergo
304 3317 425 3386 nedum
451 3315 594 3383 codicem
621 3314 839 3382 lsidorianum
864 3313 1019 3383 inducere
1046 3317 1169 3385 nitatur

38 3431 109 3497 Leo
125 3427 188 3514 lV,
205 3427 299 3496 illum
316 3450 333 3496 e
349 3433 462 3494 contra
477 3422 631 3491 excludit.
656 3422 744 3511 Ergo
760 3444 819 3489 nec
835 3423 965 3507 Romu,
984 3445 1041 3490 nec
1056 3427 1169 3493 conni-

40 3547 140 3604 vente
160 3535 309 3603 Romana
333 3533 415 3602 Sede
439 3531 530 3598 lalana
553 3529 727 3598 decretales
741 3528 888 3597 conlietae
902 3537 988 3597 sunt.
1007 3531 1081 3600 Non
1093 3555 1167 3623 erpo

41 3651 186 3712 Romam
196 3641 415 3711 calumniatur
426 3638 615 3716 Fehranius,
629 3636 673 3704 ait
685 3636 834 3704 Zaccaria
848 3635 979 3726 (Antii,
990 3636 1118 3708 dissert.
1136 3646 1167 3729 3,

40 3777 69 3821 c.
103 3755 135 3838 3,
160 3775 194 3817 u.
219 3749 251 3840 4)
270 3777 276 3816 :
297 3748 336 3816 de
357 3770 417 3816 scca
445 3745 633 3837 Maquutia,
663 3744 703 3812 de
724 3767 783 3811 scra
812 3744 993 3812 Germanic
1014 3760 1044 3815 at
1063 3749 1171 3818 vicina

43 3857 160 3929 Gallia
182 3856 310 3937 doleat,·
335 3854 381 3922 ihi
405 3853 492 3921 enim
513 3873 635 3942 maqna
661 3849 845 3941 impostura
867 3863 1019 3920 contecta
1042 3867 1098 3936 cst,
1125 3857 1174 3924 ibi

40 3967 185 4036 ercrcvit
200 3979 232 4034 et
243 3965 381 4056 firmata
400 3976 455 4042 cst,
474 3975 504 4030 et
531 3960 607 4028 inde
629 3960 662 4026 in
694 3958 829 4026 ltaliam
853 3971 952 4052 atquc
975 3961 1083 4050 ipsam
1106 3967 1169 4032 Ro-

43 4097 138 4143 mam
149 4075 288 4141 invecta.
306 4071 356 4139 Ad
372 4071 542 4139 Nicolaum
558 4071 571 4136 l
587 4067 728 4158 gradum
741 4067 890 4136 lecimus.

90 4190 130 4256 ll.
148 4189 281 4257 Cortum
311 4195 358 4256 est
373 4185 414 4253 ab
431 4184 488 4252 illo
502 4183 671 4268 Pontifice,
688 4183 721 4248 in
739 4204 836 4250 carisa
850 4206 948 4275 quam
964 4183 1075 4254 habuit
1095 4211 1170 4256 curu
