3050 4946
299 491 360 556 480
652 513 826 560 anserinus
850 513 887 559 nn
910 513 1063 584 unisonus

296 661 369 721 ante
386 653 473 744 ipsas
488 653 668 746 descriptis.
687 655 768 722 Aliis
785 655 871 724 idem
891 664 1007 723 sonant
1025 655 1131 723 Paleae
1147 677 1184 722 ac
1203 669 1236 720 τὰ
1251 667 1365 737 παλαια,
1383 655 1417 723 id

296 769 356 848 est,
383 761 568 853 antiquam
594 762 650 830 sed
680 784 746 832 non
774 763 877 852 magis
903 761 1065 853 antiquati
1094 770 1171 829 sunt
1197 784 1338 831 canones
1360 763 1417 854 qui

299 869 398 958 paleas
419 868 576 939 dicuntur
591 893 689 962 quam
711 871 836 938 ceteri.
860 871 929 938 Alii
948 871 1181 940 existimarunt
1202 870 1287 939 hano
1302 894 1417 940 vocem

296 998 354 1068 per
369 979 636 1070 transcriptorum
660 1000 804 1047 errorem
829 989 933 1046 ortam
956 1001 1025 1048 esse
1045 1001 1087 1046 ex
1107 979 1177 1046 istis
1201 979 1330 1048 duabus
1343 993 1419 1072 post

296 1085 384 1168 olim·
398 1086 486 1176 quod
502 1096 610 1155 umen
630 1086 720 1153 nullu
735 1085 839 1154 solida
854 1088 977 1155 ratione
999 1087 1168 1178 probatur.
1187 1086 1271 1156 Sunt
1285 1089 1419 1156 tandem

297 1195 354 1284 qui
363 1194 562 1262 contendunt
569 1195 705 1284 paleam
714 1215 834 1262 nomen
846 1193 946 1262 fuisse
956 1193 1127 1287 cujusdam
1140 1195 1197 1285 qui
1210 1194 1269 1262 bos
1278 1219 1420 1264 canones

296 1301 474 1371 collectioni
490 1302 672 1372 Gratianear.
683 1301 820 1370 addidit.
838 1301 1007 1393 Quidquid
1022 1302 1065 1369 sit
1081 1301 1121 1370 de
1136 1301 1231 1370 biset
1247 1303 1321 1371 aliis
1338 1327 1419 1395 quas
1511 1383 1512 1388 ἵ

296 1411 477 1480 omittimus
492 1410 748 1501 opinationibus,
764 1419 889 1478 certum
906 1420 955 1478 cst
975 1410 1034 1479 bas
1053 1410 1166 1479 Paleas
1185 1410 1336 1479 Gratiani
1354 1435 1419 1480 non
1511 1403 1512 1406 ¹

297 1543 378 1607 csse,
395 1519 449 1586 sed
465 1519 569 1586 aliena
584 1518 701 1587 deinde
723 1541 822 1588 manu
841 1520 1029 1598 accessissc;
1044 1519 1122 1588 item
1143 1528 1268 1588 certum
1284 1529 1334 1589 est
1348 1522 1419 1589 illas

297 1629 395 1696 luisse
414 1627 558 1718 primum
580 1628 614 1694 in
635 1627 783 1716 margine
805 1626 993 1719 descriptas,
1008 1635 1040 1694 et
1058 1637 1168 1718 postea
1193 1629 1369 1698 translatas
1386 1631 1418 1696 in

297 1725 403 1826 ipsum
421 1735 531 1826 operis
547 1744 748 1803 contextum.
771 1736 839 1803 Hoc
863 1735 951 1803 enim
967 1758 1008 1802 ex
1024 1737 1168 1828 antiquis
1184 1737 1418 1828 manuscriptis
1512 1777 1513 1814 1

296 1846 460 1914 codicibus
493 1855 696 1938 compertum
732 1845 877 1915 habuere
911 1847 1049 1916 eruditi.
1090 1849 1127 1915 ln
1162 1849 1268 1916 tribus
1297 1850 1418 1916 scilicet

296 1953 550 2045 exemplaribus,
575 1976 649 2044 quae
680 1962 755 2021 sunt
786 1953 1025 2045 antiquissima,
1053 1963 1085 2022 et
1115 1953 1268 2023 videntur
1300 1956 1418 2046 scripta

294 2062 392 2156 paulo
407 2069 479 2154 post
494 2059 640 2130 Gratiani
656 2069 797 2146 aetatem,
816 2061 1019 2151 paucissima
1044 2085 1086 2130 ex
1103 2060 1293 2152 hujusmodi
1311 2063 1417 2153 paleis

294 2170 466 2238 habemur.
483 2169 521 2236 ln
544 2191 611 2236 uno
625 2168 721 2236 valde
734 2168 918 2253 enrendato,
939 2179 1016 2237 sunt
1036 2170 1192 2260 appositas
1210 2169 1245 2236 in
1266 2172 1417 2259 margine

295 2279 364 2346 sine
382 2277 447 2346 ulla
462 2285 558 2354 nota;
584 2275 639 2344 sed
663 2298 728 2342 non
750 2299 864 2344 omnes
883 2299 957 2367 quae
972 2299 1061 2344 nunc
1076 2284 1205 2345 exstant
1220 2277 1255 2343 in
1272 2277 1417 2369 impres-

295 2386 340 2454 sis
365 2413 371 2453 :
397 2385 546 2477 quamvis
573 2384 716 2452 vicissim
740 2385 774 2450 in
798 2383 854 2452 illc
875 2384 993 2475 aliqua
1019 2382 1209 2476 hujusmodi
1234 2383 1418 2453 additiones

294 2496 372 2580 sint,
393 2517 474 2585 quas
499 2515 565 2562 non
589 2493 709 2560 habent
731 2491 890 2560 hodierna
914 2493 1125 2584 exemplaria.
1151 2493 1188 2559 ln
1213 2491 1278 2561 alio
1300 2492 1418 2562 litteris

295 2602 497 2694 perantiquis
526 2600 714 2692 descripto„
730 2599 837 2667 Paleas
865 2601 1036 2668 recentiori
1066 2599 1227 2690 scriptura
1255 2621 1419 2691 superre-

293 2719 414 2780 neruut
439 2710 495 2798 (l).
522 2708 625 2777 Porro
649 2708 719 2775 haec
745 2708 885 2797 probant
907 2730 1059 2794 canones,
1081 2709 1139 2800 qui
1164 2707 1334 2800 palearum
1357 2731 1419 2776 no·
1514 2759 1515 2782 1

293 2821 381 2888 mine
397 2817 545 2908 inscripti
563 2825 651 2902 sunt,
667 2837 736 2882 esse
752 2814 933 2884 additiones
952 2815 1109 2907 quasdam
1132 2823 1205 2906 post
1219 2815 1419 2886 Gratianum

293 2930 396 3020 ipsius
411 2926 590 2995 collectioni
606 2925 782 3017 appositas.

338 3042 454 3111 Statim
471 3063 507 3108 ac
529 3039 649 3131 prodiit
672 3037 819 3108 Gratiani
841 3062 937 3131 opus,
955 3061 1084 3108 summo
1102 3039 1144 3107 ab
1162 3040 1316 3108 omnibus
1334 3062 1418 3131 pre-

293 3153 339 3221 tio
355 3151 502 3220 habitum
519 3158 586 3228 e'st;
604 3149 648 3217 ita
669 3158 705 3216 ut
724 3149 758 3217 in
779 3149 897 3217 scholis
917 3149 1044 3239 publice
1063 3149 1129 3238 legi
1153 3149 1298 3240 caeperit,
1317 3159 1419 3241 atque

292 3262 328 3328 in
351 3261 422 3328 loro
444 3267 599 3350 tanquam
624 3279 700 3350 pars
721 3256 905 3324 communis
924 3256 1009 3346 juris
1031 3257 1180 3347 proponi.
1202 3257 1291 3325 ‘Nam
1317 3265 1419 3326 cate-

292 3393 405 3439 rarum
440 3370 665 3437 collectionum
694 3369 728 3434 in
759 3366 931 3434 Occidente
951 3367 1010 3434 vix
1040 3366 1106 3434 ulla
1134 3366 1277 3458 amplius
1304 3366 1419 3436 habita

292 3479 374 3545 ratio
391 3487 452 3562 est,
468 3497 644 3566 omnesque
665 3473 704 3543 ad
731 3475 922 3542 Gratianum
947 3473 1227 3564 interpretandum
1243 3482 1301 3541 aut
1320 3474 1419 3542 illus-

291 3586 446 3654 trandum
463 3584 658 3652 industriam
681 3604 774 3649 suam
798 3589 1039 3650 converterunt.
1062 3581 1179 3649 Plures
1194 3589 1304 3648 autem
1323 3582 1418 3650 tuere

291 3716 398 3762 causae
416 3699 548 3782 propter
563 3711 696 3782 quassa
711 3689 856 3757 collectio
872 3697 962 3757 tanto
978 3687 1125 3756 omnium
1148 3688 1266 3779 plausu
1282 3689 1417 3780 excipe-

292 3812 398 3879 retur;
421 3809 452 3867 et
479 3821 590 3866 earum
618 3799 771 3888 quaedam
793 3797 835 3864 ad
862 3807 1045 3887 temporum
1070 3796 1242 3883 rationem,
1256 3796 1418 3888 'quasdam

291 3909 332 3976 ad
347 3909 451 3999 ipsam
467 3907 574 3996 operis
591 3905 811 3997 praestantiam
826 3904 1006 3973 referendas
1023 3912 1110 3973 sunt.

323 4096 356 4160 (t)
375 4097 410 4146 De
425 4095 466 4146 bis
478 4093 659 4157 manuscriptis
671 4091 723 4157 agit
737 4092 855 4143 Proelatio
870 4093 897 4143 in
909 4092 1050 4143 editionem
1063 4091 1185 4158 Corporis
1198 4092 1265 4156 juris
1282 4092 1416 4156 canonici,

292 4177 405 4229 Colomoe
420 4177 576 4236 Manilianas,
588 4179 648 4224 itas
661 4177 750 4238 (quam
771 4173 914 4224 editionem
929 4177 1019 4238 utpote
1037 4173 1257 4226 accuratissimum
1270 4187 1324 4238 prae
1339 4179 1417 4227 cute·

288 4259 326 4314 ris
343 4257 574 4324 commendamus).
