3072 4948
583 483 666 530 rums
694 483 846 532 canonici.
1214 467 1276 532 395

153 643 173 685 «
198 621 328 708 neralis,
363 622 392 691 si
419 644 484 715 qua
511 629 666 710 exstaret,
693 623 761 714 jem
795 623 992 694 sufficienter
1025 626 1192 696 tolleretur
1221 649 1278 720 per

154 755 173 792 «
198 728 369 821 ipsummet
408 753 526 799 novam
561 731 826 800 constitutionem
862 734 1103 803 contrariam...
1145 735 1279 806 Accedit

154 863 173 902 ι
197 837 284 928 quod
311 838 382 908 hsec
409 840 555 909 clausula
579 839 779 910 demonstret
803 841 989 934 Principem
1017 842 1168 912 habuisse
1193 844 1277 912 noti-

155 945 276 1014 11111]
307 948 477 1016 contrariae
505 946 762 1036 consuetudinis,
794 957 892 1039 prout
918 947 981 1016 tuit
1012 951 1192 1020 resolutum
1220 973 1278 1043 per

154 1081 174 1119 1
197 1055 313 1125 Rotam
331 1057 377 1148 (in
395 1059 558 1140 Toletano,
577 1057 800 1140 admissionis,
826 1061 864 1124 17
877 1058 974 1150 junii
990 1061 1087 1148 1609,
1106 1082 1217 1128 coram
1232 1065 1274 1128 D.

155 1189 175 1228 1
201 1165 397 1234 Ραινίανοήα
413 1166 638 1258 Pamphylio).
654 1192 670 1230 a
689 1165 912 1254 Reiffcostuel,
930 1167 964 1234 in
981 1171 992 1234 1
1011 1167 1034 1238 l.
1048 1167 1276 1254 Decretalium,

153 1280 178 1340 t.
200 1277 232 1355 1,
248 1274 269 1365 ξ
288 1277 319 1362 8,
335 1297 368 1342 n.
390 1279 464 1344 181.

198 1381 254 1450 Ill.
272 1381 426 1452 Clausala
448 1407 513 1452 non
539 1384 687 1452 obstante
711 1405 917 1475 quacumque
945 1382 1178 1452 consuetudine
1207 1405 1274 1451 non
1384 1363 1386 1366 ⁵
1435 1438 1438 1448 .

151 1489 290 1580 abrogat
324 1490 592 1562 cousuetudinem
627 1489 909 1560 immemorialam.
950 1529 994 1542 -
1023 1491 1080 1560 Est
1116 1489 1277 1559 sententia

152 1600 350 1688 communis,
383 1610 495 1670 contra
518 1601 646 1693 sliquos
666 1601 724 1692 qui
750 1598 932 1670 defenduut
956 1599 1149 1692 oppositam.
1185 1597 1278 1668 Illam

153 1707 202 1775 sic
216 1707 331 1798 probat
353 1707 561 1778 Reiffenstuel
578 1710 655 1800 1111
674 1708 698 1776 l.
715 1707 858 1796 Deerat,
876 1717 897 1775 t.
918 1712 950 1795 1,
966 1707 1014 1776 De
1028 1705 1278 1794 consuetudine,

154 1816 227 1907 §8,
251 1815 285 1885 d.
306 1818 380 1906 189)
400 1843 407 1884 :
428 1817 532 1886 «Pro
554 1816 788 1886 cousuetudine
814 1817 1042 1888 immemoriali
1068 1816 1280 1909 praesumitur

159 1923 306 2016 «justus
333 1925 471 1994 titulus:
495 1947 570 1994 nam
594 1925 753 2016 possessio
781 1927 937 2019 temporis
962 1927 1210 1996 immemorialis
1232 1935 1280 1996 est

159 2059 178 2096 a
201 2033 303 2102 instar
331 2031 429 2120 tituli,
457 2033 523 2102 imo
542 2056 607 2126 qua
626 2055 691 2102 uon
711 2043 814 2124 potest
828 2033 963 2125 allegari
979 2035 1094 2104 meli'or
1112 2035 1226 2105 titulus
1240 2035 1280 2104 de

158 2167 176 2204 a
201 2149 268 2210 toto
293 2142 429 2229 mundo,
450 2150 485 2208 ut
507 2141 653 2232 loquitur
666 2142 842 2232 Fagnanus
857 2142 903 2233 (in
923 2143 959 2212 C.
981 2145 1066 2210 Cum
1083 2144 1276 2236 apostolica,

160 2276 177 2313 1
203 2273 235 2316 n.
250 2255 281 2337 6,
296 2255 344 2318 Dc
354 2251 405 2342 leis
417 2251 584 2343 questum
594 2273 615 2318 o
627 2251 840 2342 Praeloto...).
856 2253 993 2344 Insuper
1004 2250 1204 2320 consuetudo
1218 2275 1278 2320 an-

160 2385 177 2422 1
203 2358 385 2450 tiquissima
406 2360 458 2428 vel
483 2359 655 2429 hominum
680 2358 871 2428 memoriam
892 2359 1064 2446 excedens,
1092 2358 1189 2427 habet
1211 2359 1279 2428 vim

160 2495 177 2530 «
202 2465 367 2558 privilegii
382 2491 402 2536 1
417 2466 566 2560 Principe
580 2466 762 2535 concessi...
779 2465 875 2536 Unde
892 2467 1007 2536 merito
1018 2465 1278 2534 concludendum

160 2573 287 2666 «quod
313 2575 514 2644 consuetudo
541 2573 799 2662 immemorialis‚
823 2581 933 2666 utpote
958 2572 1039 2644 adeo
1061 2573 1277 2670 privilegiata,

161 2708 178 2746 1
203 2705 269 2750 11011
292 2681 587 2774 comprehendatur
606 2681 667 2751 sub
687 2682 832 2773 generali
854 2682 1057 2752 revocatione
1071 2682 1279 2752 consuetudi-

161 2819 179 2856 1
203 2816 296 2882 uum,
312 2793 367 2862 scd
382 2794 423 2863 ad
438 2797 509 2886 ejus
524 2795 767 2884 abrogationem
788 2793 975 2886 requiratur
994 2795 1141 2887 specialis
1159 2796 1279 2863 mentio

163 2927 179 2964 1
203 2923 261 2992 per
276 2900 324 2993 ly,
342 2902 443 2970 ctiam
459 2901 754 2990 immemorabilis,
771 2910 827 2970 aut
839 2901 1041 2995 hujusmodi.
1057 2903 1097 2970 Et
1113 2902 1158 2969 ita
1173 2926 1278 2994 quon-

164 3037 180 3074 «
205 3010 279 3078 dam
299 3010 479 3079 decrevisse
497 3033 622 3080 sacram
652 3011 947 3102 Congregationem
975 3013 1102 3103 (nempe
1126 3011 1276 3104 Conciliil

165 3145 181 3184 a
206 3119 303 3188 refert
322 3118 497 3210 chnauus
522 3120 569 3211 (in
592 3119 630 3190 C.
660 3119 712 3189 Ad
736 3120 816 3202 brec,
843 3142 877 3188 n.
911 3120 1278 3213 1101119111-

164 3226 336 3317 cmidar).
363 3253 380 3290 n

203 3333 367 3416 Quasdam
389 3343 497 3404 tamen
516 3335 723 3428 exceptiones
743 3338 867 3430 patitur
889 3337 960 3406 haec
980 3338 1105 3428 regula,
1123 3344 1159 3404 ut
1171 3337 1279 3404 lateu-

160 3452 213 3514 tur
239 3465 363 3513 omnes.
399 3445 523 3538 Nempe
557 3448 588 3512 1·
613 3445 642 3513 11
668 3444 722 3513 lex
750 3445 930 3515 declararet
958 3443 1193 3514 irrationabiles
1221 3467 1280 3514 seu

159 3553 347 3644 reprobaret
383 3551 543 3644 quaslibet
572 3551 823 3622 consuetudines
858 3552 920 3620 sibi
948 3553 1138 3640 contrarias,
1171 3563 1281 3622 rueret

159 3660 256 3729 etiam
291 3659 491 3729 cousuetudo
522 3660 768 3728 immemorialis
791 3660 914 3752 absque
942 3659 998 3728 illa
1025 3659 1156 3752 speciali
1187 3683 1275 3730 men-

160 3770 258 3838 tione.
285 3769 424 3856 2⁰ltem,
450 3769 477 3836 si
502 3769 583 3838 ratio
606 3768 648 3836 ob
663 3791 762 3862 quam
783 3768 948 3859 legislator
968 3769 1109 3838 declarat
1124 3793 1158 3838 se
1173 3770 1277 3861 legem

159 3877 256 3964 terre,
288 3899 381 3969 aeque
405 3875 521 3946 militet
543 3886 656 3945 contra
679 3875 931 3946 consuetudines
961 3877 1214 3946 immemoriales
1242 3903 1280 3946 ac

158 3993 272 4055 contra
296 3985 387 4054 alias.
418 3989 450 4052 3ο
466 3985 546 4054 Item
571 3984 702 4076 quaudo
730 3985 896 4076 legislator
919 3986 1055 4076 abrogat
1075 3986 1186 4056 omnia
1200 4011 1279 4057 con-

158 4095 270 4182 traria,
291 4103 426 4186 excepto
455 4117 522 4164 uno
545 4116 637 4171 cesu;
663 4103 739 4162 tuuc
766 4095 853 4162 enim
876 4101 1027 4164 censetur
1052 4093 1278 4164 immemoria-

158 4204 222 4272 lem
237 4202 503 4276 cousuetudinem
520 4204 689 4296 abrogare.
