3050 4946
699 475 873 524 'lltACTATUS
896 477 934 524 DE
956 473 1107 522 relucteris

777 825 921 896 CAPUT
949 825 1027 896 XV.

424 1057 462 1103 utt
483 1055 685 1104 comunione
710 1053 919 1104 untnnrttrtnt
943 1056 1152 1104 noctuarum
1173 1055 1318 1102 fflfflltli
1344 1055 1394 1101 lx.

870 1317 940 1408 sc

651 1496 679 1546 tn
696 1507 773 1560 quern
794 1493 873 1544 tlnern
890 1499 916 1545 et
933 1491 1063 1557 quomodo
1080 1491 1157 1542 edite.

390 1705 574 1776 Concilium
596 1707 672 1774 iniit
691 1706 870 1796 Gregorius
892 1703 938 1772 lX
958 1727 999 1772 cx
1016 1702 1115 1772 variis
1135 1723 1210 1793 quoe
1235 1707 1466 1791 precesserant

346 1814 587 1883 collectionibus
614 1836 737 1884 novum
767 1823 798 1880 et
825 1812 1050 1882 authenticum
1082 1832 1216 1878 exarare
1243 1807 1409 1892 codicem,
1437 1809 1466 1872 iu

345 1944 423 2012 quo,
442 1922 591 1990 resecatis
606 1944 681 2012 quae
699 1919 751 1989 vel
766 1920 935 2012 antiquata
955 1919 1024 2010 jam
1040 1925 1145 2004 eraut,
1163 1917 1214 1986 vel
1233 1916 1343 1984 minus
1361 1915 1464 1994 utilia,

345 2029 397 2098 vel
419 2029 609 2098 confusione
633 2039 664 2098 et
687 2029 882 2098 obscuritate
905 2027 1108 2114 laborabunt,
1132 2025 1322 2096 auctoritate
1345 2033 1463 2092 sancte

346 2135 440 2204 Sedis
454 2136 664 2205 exhiberetur
678 2159 796 2226 corpus
812 2135 943 2227 aliquod
960 2134 1058 2203 totius
1073 2133 1286 2223 legislationis
1299 2131 1465 2224 ecclesias-

345 2245 418 2314 tiore
442 2256 514 2337 apte
537 2243 732 2336 dispositum
755 2259 787 2312 et
807 2243 876 2312 vim
894 2243 980 2334 juris
1001 2242 1135 2312 habens.
1163 2238 1276 2309 Simile
1299 2239 1464 2330 quoddam

346 2352 425 2421 olim
442 2353 474 2420 in
492 2375 526 2420 re
541 2352 631 2420 civili
645 2359 801 2420 executus
816 2351 921 2420 fuerat
936 2351 1141 2420 iustinianus
1162 2349 1350 2439 imperator,
1370 2371 1465 2438 quern

346 2461 467 2529 imitari
498 2461 640 2530 voluisse
668 2461 811 2548 videtur,
844 2461 878 2528 in
908 2459 1122 2528 ecclesiastico
1147 2459 1222 2548 jure
1248 2479 1334 2526 nova
1363 2456 1468 2526 forma

346 2568 514 2655 edicendo,
531 2571 711 2660 Gregorius
726 2571 785 2638 [X.

393 2676 487 2758 Quod
506 2676 630 2767 grande
643 2679 821 2769 incoeptum
841 2685 879 2746 ut
896 2677 1078 2746 aderitum
1099 2675 1288 2768 perduceret
1301 2674 1468 2758 Pontifex,
1515 2715 1516 2732 η

348 2807 429 2854 usus
444 2791 491 2850 cst
505 2805 604 2875 opera
621 2786 723 2854 sancti
742 2784 929 2875 Reymondi
948 2785 988 2853 de
1005 2783 1194 2872 Pennalort,
1211 2783 1271 2874 qui
1286 2782 1470 2850 Barcinona

348 2889 525 2977 oriundus,
554 2902 587 2958 et
615 2891 717 2959 sancti
743 2891 904 2962 Dominici
942 2892 1126 2962 institutum
1161 2892 1351 2982 amplexus,
1383 2889 1469 2982 apud

348 3023 516 3070 summum
541 2999 733 3084 Pontificem
762 3001 921 3094 capellani
947 3010 979 3072 et
1003 3000 1234 3094 poenitentiarii
1258 3001 1369 3070 obibat
1396 3023 1468 3068 mu-

349 3131 423 3176 nus.
441 3108 473 3174 Is
489 3108 522 3174 in
543 3108 730 3178 collectione
750 3131 810 3178 sue
832 3109 1023 3200 complexus
1045 3115 1093 3178 est
1117 3129 1183 3177 non
1205 3115 1335 3176 tantum
1357 3105 1468 3175 decre·

349 3215 430 3284 tales
450 3215 674 3285 Romanorum
701 3215 897 3287 Pontificum
917 3240 938 3284 a
957 3216 1145 3307 Gregoriol
1164 3239 1266 3308 usque
1286 3215 1327 3285 ed
1346 3215 1468 3306 Grcgo

350 3327 437 3395 rium
460 3327 520 3415 IX,
536 3328 592 3397 sed
610 3329 706 3396 ctiam
726 3329 797 3397 loon
816 3330 968 3420 quaedam
994 3330 1175 3421 Scripturae
1199 3351 1315 3416 sacre,
1332 3351 1468 3398 canoms

351 3435 409 3525 qui
424 3435 578 3505 dicuntur
592 3436 837 3527 Apostolorum,
849 3437 976 3506 decreta
987 3437 1200 3507 conciliorum
1213 3438 1255 3506 ab
1266 3439 1467 3508 Antiocheno

353 3565 455 3634 usque
478 3543 519 3612 ad
546 3543 761 3612 Laterenense
784 3544 843 3631 Ν,
869 3544 1035 3636 multaque
1060 3545 1135 3632 alie,
1157 3555 1228 3614 tum
1253 3569 1296 3614 ex
1321 3547 1465 3628 Petrum,

352 3659 422 3720 turn
434 3673 475 3720 ex
488 3651 628 3720 aliorum
639 3652 833 3744 scriptorum
847 3653 1001 3744 operibus
1013 3652 1197 3745 desumpta.
1207 3652 1339 3721 Titulus
1350 3663 1466 3735 nmen,

352 3782 390 3829 eo
417 3760 505 3852 quod
530 3760 704 3830 decretales
733 3761 910 3852 pontificiae
947 3763 1102 3854 majorem
1134 3761 1313 3832 voluminis
1348 3771 1467 3854 partem

353 3869 527 3958 replerent,
543 3869 588 3936 sic
608 3869 733 3961 positus
746 3878 794 3937 cst
810 3897 817 3937 ι
836 3869 1057 3939 Decretulium
1072 3874 1114 3938 D.
1134 3869 1288 3960 Greqorir'
1307 3871 1412 3962 Paper
1427 3871 1471 3936 tt·

353 3975 554 4066 compilatio.

399 4086 511 4154 Divisa
525 4094 573 4153 est
586 4083 731 4154 collectio
751 4087 785 4154 in
807 4086 952 4178 quinque
972 4087 1084 4158 libros.
1101 4089 1234 4158 Primus
1247 4088 1370 4178 egilde
1382 4087 1467 4180 judi·

353 4194 447 4262 cibus
473 4192 696 4262 ecclesiasticis
726 4216 784 4263 sen
812 4196 853 4263 de
881 4195 1050 4282 Praelatis5
1079 4197 1242 4265 secundus
1274 4197 1315 4265 de
1342 4195 1468 4290 judiciis
