2968 4948
330 495 390 564 stt
679 510 854 558 reserares
877 511 914 556 nn
936 509 1091 558 rnrnnrns

326 661 481 746 potestate
501 659 532 718 et
551 647 708 740 dignitate
730 651 889 741 loquens:
910 650 1104 741 abicennqae
1121 649 1227 738 faerit
1255 647 1438 738 Episcopus

326 763 392 828 sive
413 763 536 842 Rome,
560 760 627 826 sioe
648 758 805 848 liapabii,
829 757 896 826 sioe
918 756 1217 849 Constantinopoli,
1242 753 1398 846 ejusdem
1413 773 1447 818 es·

326 867 510 938 sacerdotii.
527 866 641 959 (Epist.
659 865 701 934 ad
715 865 936 954 Evangelunr,
956 869 1031 952 tto,
1049 888 1083 932 n.
1103 867 1147 954 1.)

370 977 450 1046 Haeo
474 985 582 1046 autem
609 973 757 1044 doctrina
783 973 824 1042 de
849 980 1005 1064 potestate
1030 973 1169 1058 ordinis,
1193 981 1370 1065 quatenus
1388 971 1447 1038 ine·

327 1084 490 1170 missibili,
514 1093 545 1152 et
563 1105 581 1150 a
602 1089 756 1174 potestate
774 1080 1011 1171 jurisdictionis
1031 1081 1197 1168 distincta,
1212 1088 1408 1150 constanter
1425 1097 1446 1144 ee

326 1191 556 1261 unanimitera
573 1189 759 1258 doctoribus
777 1189 896 1257 scholae
919 1187 1037 1256 tradita
1056 1197 1105 1256 est
1121 1215 1129 1256 :
1148 1209 1210 1279 pro
1231 1188 1364 1279 qrribus
1383 1187 1447 1254 sea

327 1303 369 1370 sit
384 1301 499 1368 divum
518 1297 681 1367 Thomam
696 1295 871 1365 adduxisse
890 1323 898 1362 :
914 1295 1108 1386 Spiritualr's
1127 1307 1281 1386 potestas
1296 1319 1372 1363 una
1387 1295 1446 1385 pai-

326 1407 400 1476 dom
418 1403 676 1486 sacramentalis,
697 1405 766 1472 alia
784 1401 1065 1495 jurisdictionalis
1080 1429 1090 1468 .·
1105 1403 1369 1472 sacramentalis
1382 1403 1446 1492 qai·

326 1515 400 1584 elem
406 1526 552 1606 potestas
562 1526 608 1580 est
619 1534 760 1603 qiteper
771 1512 921 1602 aliqum
933 1510 1208 1580 consecrationem
1219 1513 1444 1601 confertam...

326 1635 357 1690 et
389 1622 465 1690 talis
493 1633 640 1713 potestas
674 1617 852 1687 secundnm
886 1641 983 1686 suam
1023 1619 1196 1686 essentiam
1235 1633 1392 1686 reinanet
1419 1619 1444 1684 io

326 1731 468 1810 lzomine,
495 1729 553 1819 qai
566 1750 629 1819 per
649 1727 924 1796 consecrationem
947 1748 1021 1794 eam
1043 1739 1088 1794 est
1111 1726 1268 1818 adeptus,
1296 1723 1443 1821 qrtamlio

326 1837 418 1919 civit,
445 1837 511 1904 sive
537 1837 573 1903 in
598 1835 750 1918 schisma,
773 1839 839 1904 noe
865 1837 900 1903 in
927 1835 1077 1904 heresim
1102 1835 1255 1904 labatur.
1289 1836 1339 1926 (S.
1367 1834 1442 1906 Tho

329 1969 411 2036 mas,
426 1951 459 2036 2,
478 1952 511 2036 2,
528 1971 560 2038 q.
580 1950 635 2034 39,
648 1955 709 2015 art.
730 1951 763 2037 3,
781 1949 815 2015 in
831 1947 936 2039 corp.)

865 2213 907 2284 11.

466 2406 569 2456 Certum
591 2407 630 2453 est
649 2403 825 2467 episcopalem
844 2401 1052 2466 jurisdictionem
1078 2403 1202 2468 restringi
1223 2419 1319 2469 posse.

371 2599 553 2668 Pnorosrrro
571 2601 613 2664 1³.
632 2634 676 2648 -
690 2597 847 2688 Episcopi
860 2619 925 2664 non
939 2609 1153 2665 antecesserant
1164 2595 1382 2687 plenitudio
1392 2599 1443 2686 ja-

327 2705 521 2774 risdictionis
534 2727 636 2796 qnam
650 2703 914 2772 extraordinarie
929 2703 1114 2774 ieiunant
1129 2706 1286 2796 Apostoli
1301 2708 1339 2774 in
1356 2719 1443 2774 toton

327 2815 449 2884 orbern.
465 2853 509 2866 —
523 2815 584 2882 Hic
609 2811 815 2905 probandum
836 2822 885 2882 est
910 2821 1038 2882 tantum
1063 2815 1185 2884 lactum
1209 2815 1306 2884 istud
1331 2815 1444 2884 histori-

329 2947 419 3010 cum,
441 2945 559 3016 nempe
579 2929 650 3015 post
670 2922 843 3013 Apostolos
862 2944 1134 3014 unumquemque
1158 2923 1372 3014 Episcopum
1395 2944 1443 2990 non
1472 3007 1473 3016 ¹

328 3031 479 3099 habuisse
492 3029 756 3122 jurisdictionem
772 3029 836 3098 nisi
850 3029 886 3098 in
899 3029 1153 3099 determinatum
1166 3030 1320 3122 aliquem
1338 3032 1441 3101 locun.

328 3138 431 3207 Porro
447 3137 569 3206 lactum
585 3136 671 3206 istud
685 3137 875 3231 plenissime
889 3145 1024 3206 constat.

377 3250 408 3313 1ο
423 3243 671 3314 Restriotionem
685 3244 921 3337 jurisdictionis
935 3245 1125 3337 episcopalis
1138 3245 1179 3313 ad
1197 3254 1336 3317 certum
1353 3251 1441 3318 toea

330 3355 473 3422 innuunt
493 3353 564 3422 haec
578 3361 766 3422 sanctorum
784 3352 874 3422 Petri
888 3363 919 3422 et
932 3353 1026 3422 Pauli
1041 3356 1141 3424 verba
1159 3382 1167 3421 ι
1186 3356 1326 3425 Pascite
1351 3359 1442 3451 quiin

330 3462 418 3532 coiis
439 3474 485 3529 est
509 3481 640 3551 prepem
661 3461 723 3528 Dei
751 3459 777 3551 (Ι
797 3460 897 3550 Petri,
922 3467 952 3549 5,
973 3461 1007 3550 2)
1024 3489 1031 3528 :
1049 3470 1223 3531 monentur
1242 3464 1377 3535 scilicet
1390 3488 1444 3557 pa*

331 3591 402 3638 cere
424 3591 490 3636 non
517 3569 687 3636 universos
701 3567 824 3656 fideles,
848 3567 905 3636 sed
921 3589 1057 3657 gregem
1072 3570 1130 3660 qui
1149 3569 1238 3660 apud
1258 3571 1359 3662 ipsos
1382 3583 1441 3642 erat.

332 3675 461 3767 Reliqui
481 3687 512 3742 te
539 3677 643 3744 Crete
669 3689 707 3743 nt
727 3699 766 3743 ea
790 3698 863 3768 qnae
890 3675 1004 3744 desnrrt
1025 3676 1186 3766 cornipes,
1214 3690 1247 3744 et
1274 3683 1441 3750 tonstrina

326 3811 390 3879 per
412 3785 558 3855 civitates
572 3785 776 3877 presbyteros
794 3785 846 3879 (ad
867 3785 931 3854 Tit.
938 3838 948 3875 ‚
969 3790 999 3875 1,
1022 3786 1051 3876 s)
1071 3817 1078 3854 :
1097 3809 1138 3856 en
1158 3789 1337 3879 provincia
1363 3791 1442 3860 eecle-

331 3897 462 3965 siastioa
483 3896 569 3963 intra
586 3897 746 3965 terminos
769 3896 885 3965 locales
900 3895 1115 3966 determinata
1133 3905 1165 3965 et
1181 3897 1258 3966 Tito
1273 3901 1441 3992 assignata.

334 4005 498 4074 Attendite
517 4003 605 4072 vobis
625 4017 655 4072 et
677 4005 827 4074 universo
848 4005 941 4096 prepi
955 4006 991 4074 in
1006 4029 1069 4096 qno
1089 4028 1143 4074 oos
1158 4007 1310 4098 Spiritus
1326 4023 1442 4078 sancta·

331 4114 441 4206 pontit
455 4113 631 4205 Episcopos
646 4135 754 4204 repere
767 4113 947 4182 Ecclesiam
966 4113 1029 4182 Dei
1044 4114 1167 4206 (Actor.
1173 4165 1183 4201 ,
1199 4117 1258 4201 20,
1276 4117 1337 4208 28)
1356 4146 1363 4185 :
1379 4117 1441 4186 uni·

336 4245 449 4298 versus
468 4222 522 4290 ille
541 4245 622 4312 grex
644 4245 709 4291 non
729 4233 777 4291 est
798 4222 915 4292 mandi
937 4225 1046 4310 totius,
1071 4223 1125 4291 sed
1143 4223 1200 4292 ille
1214 4223 1441 4297 determinata·
