3042 4946
551 461 633 506 tltnls
657 463 808 510 canonici.
1177 445 1237 510 553

117 595 208 668 dam
237 612 401 691 parentur,
437 601 690 693 metropolitano
730 601 899 670 tribuatur
935 603 1109 696 Episcopo.
1148 605 1239 674 Idem

117 715 244 776 constat
258 731 299 776 ex
320 709 466 778 Concilio
480 710 684 780 Antiocheno
699 711 777 778 anni
795 713 854 780 sn
878 737 885 778 :
905 713 1082 805 Episcopus
1097 715 1155 806 pai
1168 727 1242 784 sunt

117 815 154 882 in
171 839 369 910 unaquaque
384 818 561 909 prouincia
583 819 665 886 scire
685 831 811 912 oportet
833 821 1034 914 Episcopum
1050 823 1109 913 qui
1125 835 1242 916 praest

119 924 307 1016 metropoli,
332 925 432 996 etiam
460 949 576 994 curam
604 929 764 1018 suscipere
785 929 884 996 totius
906 929 1096 1019 provincia.
1133 931 1243 1000 Visum

120 1045 167 1100 cst
244 1033 385 1126 reliquos
404 1034 581 1127 Episcopus
604 1034 693 1103 utta
708 1036 826 1127 mapni
847 1036 1007 1104 momenti
1024 1038 1161 1126 appredi
1175 1039 1242 1107 sine

119 1149 203 1240 ipso,
225 1161 263 1216 ut
285 1149 355 1218 vult
383 1147 441 1240 qui
461 1149 503 1216 ab
527 1147 622 1217 initio
646 1147 786 1216 obtinuit
809 1151 951 1216 Patrum
976 1171 1080 1216 canon
1095 1149 1180 1240 (can.
1206 1154 1237 1231 9,

120 1256 244 1343 Labbe,
262 1261 286 1324 t.
304 1257 346 1342 ll,
364 1255 424 1326 col.
444 1257 532 1346 566).
551 1255 640 1324 Idem
657 1264 781 1325 constat
802 1279 843 1324 ex
860 1277 982 1325 canone
997 1259 1038 1323 27
1054 1279 1167 1326 eorum
1184 1259 1242 1351 qui

120 1365 275 1434 dicuntur
315 1365 496 1457 Apostolici
528 1393 535 1434 :
573 1367 832 1460 Uniccscujusque
867 1365 1049 1456 provinciae
1087 1365 1244 1459 Episcopi

120 1495 294 1564 apnosccrc
317 1471 429 1542 debent
452 1495 526 1542 urm
550 1473 607 1565 qui
633 1473 718 1541 inter
743 1472 815 1542 illos
832 1473 966 1564 primus
993 1473 1186 1554 exsistit,
1212 1486 1244 1541 et

121 1580 208 1650 nillil
231 1604 391 1672 maqnum
415 1581 483 1650 sinc
507 1582 596 1650 illius
620 1582 781 1651 sententia
804 1585 923 1675 soemo.
947 1581 1036 1650 Idem
1056 1588 1180 1650 constat
1202 1603 1243 1650 ex

121 1691 289 1759 communi
318 1688 487 1759 doctorum
517 1691 637 1759 scholae
672 1691 839 1760 sententia.
872 1691 1050 1760 Gersoncm
1084 1690 1244 1760 adducere

122 1797 285 1866 sufficiat:
306 1801 423 1867 Status
446 1798 653 1890 prolationis
678 1799 868 1892 episcopalis
892 1799 1010 1868 hoderit
1030 1801 1065 1867 in
1084 1799 1244 1890 Apostolis

123 1919 154 1975 ct
168 1907 398 1976 successoribus
414 1929 509 1976 usum
530 1907 582 1976 ael
595 1907 784 1976 eucratium
806 1929 872 1978 saa
886 1908 1060 1998 potestatis
1074 1906 1133 1975 sud
1148 1910 1245 1975 Petro

122 2029 153 2084 ct
178 2015 408 2086 succcessoribus
435 2018 518 2108 ejus,
543 2029 705 2108 tauquam
731 2017 790 2084 sud
817 2017 956 2085 tabente
979 2016 1031 2085 nel
1051 2015 1245 2084 dedentibus

117 2124 361 2219 plenitudinem
374 2127 533 2216 [antalam
549 2126 738 2219 episcopalis
750 2126 968 2195 auctoritatis.
988 2125 1077 2192 Unde
1092 2137 1124 2192 ct
1137 2123 1248 2215 quoad

123 2235 207 2303 talia
230 2233 369 2302 minores
388 2234 526 2304 Praloti
549 2234 684 2302 subsunt
705 2233 925 2325 Episcopis‚a
948 2232 1065 2324 quibus
1089 2254 1164 2300 usus
1178 2254 1246 2300 suco

119 2342 292 2435 potestatis
316 2341 511 2434 quandoque
536 2343 702 2411 limitatur
725 2343 778 2410 ccl
802 2353 932 2410 arcetur
953 2367 963 2406 .·
983 2353 1014 2408 et
1035 2339 1081 2406 sic
1104 2355 1125 2406 a
1149 2341 1245 2431 Papa

119 2473 214 2543 posse
226 2449 302 2542 ficri
316 2449 403 2518 circa
424 2451 583 2519 Pratatos
607 2451 764 2545 majores,
781 2475 821 2518 ec
835 2452 929 2520 certis
946 2463 978 2519 ot
993 2451 1245 2520 rationabilitas

123 2559 240 2642 camus,
258 2581 324 2628 non
340 2571 386 2627 est
401 2559 642 2651 ambipendum.
666 2560 725 2652 (Dc
739 2573 828 2629 statu
843 2561 947 2643 Ecat,
963 2560 1087 2630 consid.
1109 2562 1153 2652 3.)

168 2667 242 2737 lam
256 2665 389 2761 quidem
405 2669 473 2737 tere
489 2670 650 2738 exstincta
670 2681 718 2738 est
741 2669 915 2762 disciplina
928 2692 1001 2763 quae
1017 2670 1102 2738 hanc
1117 2669 1245 2738 tribue-

124 2775 180 2844 liat
203 2777 459 2870 Metropolitanis
484 2779 518 2845 in
544 2777 767 2869 suffraganeos
792 2801 867 2846 suos
890 2777 1166 2869 jurisdictionem
1189 2779 1245 2845 sed

125 2885 234 2974 viguit
258 2884 349 2973 olim,
374 2892 416 2972 et,·
446 2886 475 2952 si
502 2886 654 2955 Ecclesiae
683 2894 903 2979 opportunum
935 2885 1113 2974 videretur,
1137 2893 1245 2978 posset

126 2992 337 3078 reviviscere;
359 3013 438 3082 ergo
456 2993 552 3062 etiam
573 3015 632 3084 per
655 2994 941 3085 Metropolitanum
965 2992 1072 3084 quoad
1095 2994 1245 3062 materias

127 3099 278 3190 restringi
293 3107 397 3192 potest
416 3100 598 3190 jurisdictio
612 3102 762 3192 Episcopi
782 3102 817 3169 in
839 3125 898 3171 sua
910 3101 1042 3170 dioecesi
1060 3129 1067 3169 ε
1085 3125 1104 3169 a
1119 3101 1245 3170 fortiori

126 3233 184 3300 per
199 3209 340 3301 synodos
363 3218 395 3278 et
413 3233 471 3301 per
487 3235 653 3281 summum
670 3213 876 3282 Pontificem.
895 3210 989 3281 Unde
1007 3213 1098 3280 fatua
1111 3211 1246 3280 omnino

127 3325 175 3386 ost
189 3316 334 3386 doctrina
347 3319 388 3387 de
403 3329 556 3414 potestate
576 3321 726 3390 absoluta
748 3333 780 3388 et
795 3321 968 3390 illimitata
986 3320 1244 3414 uniuscnjusque

127 3426 279 3518 Episcopi
295 3427 330 3494 in
345 3426 476 3498 dioecesi
491 3451 562 3497 sua.

170 3533 356 3606 Psorouuo
388 3538 433 3604 3².
462 3575 506 3588 -
530 3539 694 3628 Rostrinpi
712 3549 822 3629 potest
842 3537 1033 3628 jurisdictio
1055 3538 1245 3630 episcopalis

129 3647 238 3740 quoad
247 3670 415 3740 personas.
429 3685 474 3698 -
487 3646 524 3716 ld
540 3647 678 3739 probant
696 3653 906 3716 monumenta
920 3645 1121 3738 antiquitatis
1139 3673 1146 3714 :
1161 3669 1246 3714 anno

132 3759 192 3822 506
207 3755 403 3824 celebratum
425 3764 473 3824 est
487 3755 670 3825 Concilium
686 3754 884 3846 Agathense,
900 3755 953 3822 oui
967 3754 1102 3848 praefuit
1121 3754 1156 3822 S.
1170 3753 1245 3822 Cae-

129 3864 233 3932 serius
248 3864 458 3952 Arelatensis,
472 3873 503 3933 et
519 3863 695 3933 interfuere
712 3866 750 3930 3³
766 3863 915 3956 Episcopi
934 3871 990 3932 aut
1009 3863 1258 3954 Episcoporum·

130 3979 352 4063 procuratores
365 3995 406 4041 ex
423 3973 513 4041 omni
535 3972 651 4042 Gellia.
670 3973 802 4042 Conone
826 3979 933 4040 autern
949 3974 989 4039 27
1006 3971 1051 4038 sio
1065 3969 1218 4038 statuitur
1235 3997 1242 4036 :

131 4081 283 4150 Monacdi
295 4081 396 4150 etiam
417 4093 579 4162 vacantes,
599 4081 645 4148 ad
658 4081 804 4172 ospicium
818 4079 999 4160 clericatus,
1016 4078 1082 4146 nisi
1096 4078 1140 4146 eis
1156 4079 1246 4146 testi-

131 4187 279 4257 monium
293 4189 398 4258 Adbas
409 4212 485 4258 saus
500 4187 636 4270 dederit,
648 4211 705 4256 nec
719 4189 752 4256 in
766 4185 961 4270 civitatibus,
976 4209 1032 4255 nec
1047 4185 1082 4254 in
1091 4187 1250 4277 parariis
