3072 4948
530 479 613 528 tuuis
634 480 785 528 canonici.
1153 463 1213 526 353

98 615 280 707 judicialis,
304 615 335 686 id
355 627 417 708 est,
434 621 592 690 sententis
605 622 651 690 sic
666 621 791 714 prolata
806 620 914 690 evadit
928 621 1041 712 regula
1058 644 1116 713 pro
1129 623 1214 690 casi-

100 725 164 794 bus
179 725 343 796 similibus
364 737 396 796 et
415 729 470 820 jus
484 727 592 799 efficit.
618 730 654 799 si
671 753 760 818 vero,
783 731 880 799 modo
898 731 956 816 sic,
974 730 1070 800 modo
1085 731 1121 798 in
1135 753 1215 800 cou-

102 835 252 921 trerium,
265 835 446 927 judicatum
462 837 515 923 sit,
533 837 733 908 consuetudo
744 837 908 928 judicialis
922 860 988 906 uon
1003 837 1118 907 oritur.

148 947 180 1008 5⁰
205 943 241 1010 lu
265 966 390 1014 morem
417 947 525 1016 stricte
548 953 728 1038 sumptum,
755 945 879 1037 stylum
902 952 935 1014 et
958 944 1073 1014 darm.
1099 947 1215 1037 Stylas

100 1050 298 1140 significavit
322 1052 500 1143 originaria
524 1053 779 1124 instrumentum
803 1053 885 1123 illud
911 1075 1039 1122 aencum
1064 1053 1107 1122 ad
1134 1055 1216 1121 scri-

101 1157 244 1228 bendum
267 1159 462 1230 adhibitum.
489 1160 569 1230 lude
591 1161 703 1230 eadem
719 1183 786 1230 vox
804 1161 845 1229 ad
861 1161 1095 1252 designandam
1109 1161 1214 1253 ipsam

99 1266 294 1358 scripturam
322 1269 478 1339 translata
501 1279 559 1338 est.
593 1270 678 1338 'lum
706 1269 747 1338 ad
773 1270 1025 1362 exprimendum
1052 1269 1215 1338 scribendi

99 1395 157 1441 seu
183 1375 305 1466 scripto
331 1375 510 1446 disserendi
537 1377 683 1446 modum.
708 1377 855 1470 Denique
878 1376 1009 1470 speciali
1030 1377 1140 1469 aliqua
1161 1399 1216 1446 ac-

99 1484 244 1572 ceptione
267 1485 414 1556 adhibita
439 1495 486 1554 est
509 1485 548 1556 ad
574 1485 826 1577 significandum
850 1487 998 1556 ordinem
1024 1495 1215 1556 consuetum

98 1589 133 1658 iu
162 1590 295 1681 judiciis
321 1593 529 1684 procedendi,
557 1603 589 1664 et
614 1596 831 1664 instrumenta
854 1594 1049 1664 conficiendi
1068 1603 1149 1686 'quae
1174 1594 1215 1662 ad

96 1697 224 1789 judicia
244 1702 431 1793 respiciunt.
461 1729 478 1766 ι(
499 1701 553 1771 Sic
573 1725 665 1792 ergo,
690 1703 735 1771 cit
756 1701 878 1771 Suarez
904 1702 955 1794 lde
971 1702 1122 1793 Lepidae,
1140 1701 1165 1770 l.
1182 1707 1215 1788 7,

104 1833 120 1870 ι
144 1829 173 1873 c.
192 1812 223 1892 5,
242 1831 274 1876 n.
292 1807 337 1899 5),
353 1809 458 1900 stylus
473 1818 520 1878 est
534 1809 698 1902 quoddam
711 1809 768 1902 jus
784 1832 849 1879 ucn
865 1810 1036 1901 scriptum,
1051 1809 1218 1878 interdum

104 1941 122 1980 «
144 1915 285 2006 positive
303 1917 452 2007 obligans
474 1927 509 1986 ut
522 1919 564 1985 ab
577 1941 616 1988 eo
631 1939 698 1986 nou
713 1918 896 2004 recedatur,
912 1915 1077 1984 interdum
1093 1914 1219 2004 obliga·

103 2022 266 2090 ationem
293 2024 420 2109 tollens,
450 2033 498 2111 ut,
527 2024 601 2092 licet
628 2026 703 2116 jure
728 2027 895 2094 communi
920 2025 1077 2092 sententia
1103 2021 1219 2091 debeat

104 2155 121 2194 «
145 2132 385 2219 pronuntiatis
400 2132 523 2222 judice,
539 2132 579 2200 de
596 2131 680 2224 stylo
693 2133 794 2202 curiae
810 2130 929 2200 dicitur
943 2153 1009 2199 non
1023 2151 1092 2198 esee
1107 2151 1219 2196 neces-

105 2237 281 2306 ssarium.
310 2237 476 2308 Interdum
505 2239 800 2330 interpretationem
827 2238 913 2329 juris
944 2237 1086 2324 inducit,
1117 2237 1216 2308 etiam

105 2371 121 2408 a
146 2345 366 2415 authenticam
382 2356 413 2416 ct
431 2346 641 2438 sequendam.
661 2373 678 2410 »
700 2346 838 2428 Quando
854 2346 959 2436 stylus
973 2345 1092 2436 aliquis
1113 2345 1218 2412 intro-

101 2452 219 2520 duetus
248 2453 312 2520 luit
343 2476 401 2544 per
430 2454 536 2524 solum
567 2477 675 2540 usum,
705 2453 738 2520 id
770 2461 829 2539 est,
859 2452 1062 2544 procedendo
1089 2473 1218 2542 semper

100 2559 215 2627 eodem
245 2560 341 2629 modo
363 2564 399 2628 in
418 2561 527 2654 aliqua
549 2562 684 2630 materia
706 2562 826 2631 lorensi
849 2584 906 2630 seu
924 2559 1109 2652 judiciaria,
1126 2581 1218 2628 com-

100 2667 316 2758 prehenditur
342 2669 404 2738 sub
430 2692 548 2760 genere
572 2669 831 2757 consuetudinis,
857 2678 970 2762 estque
995 2691 1059 2736 uua
1082 2689 1124 2736 ex
1148 2669 1217 2758 ejus

100 2776 283 2866 speciebus.
308 2779 402 2846 ltitrcs
417 2787 552 2848 vocatur
565 2787 739 2848 consuetus
756 2778 872 2846 modus
887 2777 1061 2846 exercendi
1074 2776 1217 2868 aliquem

100 2891 287 2954 externum¹
302 2894 441 2955 actum:
474 2886 593 2955 dicitur
619 2895 728 2955 autem
754 2887 919 2978 precipue
946 2886 986 2954 de
1014 2885 1216 2954 solemnitate

98 3002 232 3060 actuum
258 2994 293 3061 iu
318 2994 452 3062 materia
475 3015 579 3080 sacra,
605 2993 695 3062 verbi
715 2994 836 3083 gratia,
854 2993 889 3060 in
904 2993 1024 3062 divinis
1038 2993 1165 3080 officiis,
1181 2996 1217 3062 io

99 3099 294 3169 celebrando
317 3101 488 3189 sacrificio,
515 3103 550 3168 in
574 3103 784 3170 sacramentis
808 3102 1041 3170 ministrandis.
1071 3104 1216 3172 Consue-

100 3207 230 3276 tudiues
252 3230 272 3278 a
296 3209 379 3299 stylo
402 3216 435 3276 et
454 3209 571 3278 ritibus
595 3209 747 3294 diversae,
774 3231 895 3278 nomeu
917 3231 1090 3278 commuue
1114 3210 1214 3277 mon's

100 3337 158 3384 seu
171 3317 416 3387 consuetudinis
429 3327 570 3386 servant.

145 3428 178 3490 6⁰
199 3424 368 3494 Dividitur
388 3425 422 3492 iu
436 3426 618 3516 positivam
640 3435 672 3494 et
689 3427 889 3516 cepaticum.
910 3427 1053 3494 Positivc
1066 3425 1214 3494 consistit

99 3533 135 3601 iu
154 3535 298 3626 repetitis
313 3533 452 3624 alicujus
467 3535 586 3625 speciei
602 3535 740 3620 actibus,
756 3557 831 3626 quse
848 3536 876 3600 si
889 3542 1033 3601 transeat
1044 3535 1078 3601 iu
1092 3534 1211 3622 legem,

94 3641 150 3730 jus
170 3641 247 3708 lacit
266 3641 307 3708 ad
325 3641 493 3732 poueudos
508 3641 700 3732 ¹hujusmodi
716 3649 818 3710 actus.
845 3641 1003 3730 Negativa
1019 3640 1214 3708 consistitis

98 3749 285 3818 omittendis
311 3749 481 3840 cujusdam
508 3750 626 3842 speciei
650 3752 787 3837 actibus,
813 3749 922 3840 qualis
944 3758 993 3816 est
1014 3748 1213 3816 cousuetudo

97 3861 298 3930 auditionem
313 3863 420 3928 missae
435 3861 605 3930 omittendi
620 3862 795 3953 quotannis
809 3862 845 3928 iu
858 3861 915 3928 tali
931 3859 983 3927 die
998 3860 1091 3928 festo.

143 3973 176 4036 7⁰
199 3969 237 4037 lu
260 3969 379 4038 bonam
402 3979 434 4038 et
455 3969 594 4051 malam,
617 3993 674 4038 seu
692 3970 727 4037 iu
742 3968 971 4038 rationabilem
985 3977 1018 4037 et
1031 3969 1215 4037 irrationa-

100 4079 207 4146 ditem.
237 4079 446 4152 Consuetudo
474 4077 559 4146 mals
585 4079 706 4170 duplex
732 4078 957 4167 distinguenda
987 4087 1035 4146 est
1061 4104 1069 4145 :
1097 4099 1214 4168 nempe

98 4189 189 4256 mata
204 4187 383 4269 lamere,
401 4187 532 4279 quaudo
546 4189 666 4255 scilicet
678 4197 770 4256 actus
782 4188 903 4278 quibus
916 4190 1124 4257 constituitur
1136 4202 1212 4258 suut

1018 4305 1056 4366 23
