3072 4948
290 471 351 537 les
643 487 818 536 naimarus
842 489 880 536 nr
902 489 1056 536 nisenus

283 631 389 720 regni,
415 638 447 698 et
465 627 583 698 directe
601 629 694 698 laedit
716 629 895 698 libertatem
915 627 1222 719 immunitatemque
1237 627 1410 696 ecclesias-
1525 677 1526 692 r

284 739 393 826 ticam,
415 746 447 806 et
463 737 585 807 nedum
599 759 640 806 ex
656 761 815 808 consensu
832 739 929 808 tacito
948 737 1070 808 summi
1085 735 1254 806 Pontificis
1268 738 1407 822 nitatur,

283 849 387 940 ipsius
420 849 672 918 contradictione
699 849 848 938 legaliter
876 869 1033 939 expressa
1059 867 1196 939 prorsus
1222 845 1406 938 repellitur.

283 955 372 1046 Ergo
393 978 561 1047 uunquam
585 955 660 1024 telis
682 954 884 1025 cousuetudo
903 955 993 1024 aliud
1018 977 1088 1023 esse
1110 955 1217 1047 potuit
1230 963 1263 1022 ct
1289 955 1411 1046 poterit

282 1085 382 1155 quam
396 1063 552 1132 violentia
564 1063 600 1130 in
614 1063 803 1152 Ecclesiam,
816 1063 940 1132 abusus
952 1072 985 1131 et
996 1061 1191 1155 corruptela.

329 1170 512 1240 Pnorosrrro
532 1175 579 1238 9¹.
597 1209 642 1224 -··
656 1174 747 1261 Erpo
770 1171 968 1240 consuetudo
989 1193 1057 1262 orsu
1084 1170 1241 1262 Episcopi
1262 1171 1412 1261 alicujus

284 1279 421 1370 reqiour's
444 1278 572 1348 decreta
589 1279 760 1370 pontificio
780 1301 848 1348 nou
863 1292 1071 1370 acceptarent
1084 1277 1149 1346 nisi
1168 1301 1190 1345 α
1204 1301 1238 1346 se
1247 1279 1406 1369 proheta,

284 1389 385 1457 etium
407 1399 546 1456 tutante
574 1386 732 1476 Pontifice
756 1391 905 1456 llonrono
925 1409 958 1456 se
978 1409 1044 1456 mn
1063 1386 1201 1456 liberam
1217 1388 1328 1477 [acere
1347 1409 1409 1453 cc-

284 1496 511 1588 ceptntionem,
535 1495 775 1563 irrationabilis
794 1509 826 1563 er
845 1495 1043 1564 detestaWri
1065 1493 1224 1564 carpendo
1239 1497 1341 1586 soret.
1363 1533 1410 1546 -

282 1603 442 1696 Equidem
462 1602 619 1694 praesumi
644 1609 747 1692 polest
765 1603 930 1689 Pontifex,
951 1601 1098 1695 qnandiu
1118 1602 1319 1672 contrarium
1340 1623 1409 1670 nou

257 1735 262 1750 ·
284 1711 439 1804 exprimit
456 1731 490 1778 se
516 1709 600 1778 nolle
619 1710 763 1800 obligare
786 1734 844 1803 per
867 1711 1020 1804 quaedam
1040 1711 1261 1803 disciplinaris
1277 1711 1409 1780 decreta

283 1844 354 1904 sua,
372 1819 562 1911 priusquam
578 1820 633 1890 illa
647 1821 680 1888 in
695 1823 764 1890 suis
779 1819 972 1890 discessibus
987 1820 1225 1913 acceptaverint
1237 1819 1405 1912 Episcopi.

285 1927 326 1996 Et
344 1927 503 1995 sententia
517 1927 588 1996 haec
597 1927 687 1996 licite
702 1929 856 2000 sustineri
875 1937 990 2019 potest.
1007 1927 1043 1998 Si
1058 1949 1135 1996 vero
1152 1949 1217 1996 nou
1231 1937 1408 2020 acceptan-
1526 1953 1527 2026 ᾗ

283 2035 370 2104 tibus
394 2034 571 2125 Episcopis,
592 2056 742 2103 summus
758 2035 910 2103 Pontifex
934 2046 1060 2125 urgeat,
1087 2044 1120 2103 et
1140 2047 1216 2103 tuuc
1239 2055 1305 2103 uon
1322 2035 1406 2103 ohe-
1526 2119 1527 2132 ἵ

283 2143 373 2210 diaut
398 2143 548 2235 Episcopi
568 2145 629 2210 snb
653 2152 814 2234 praetextu
838 2143 1012 2233 regionalis
1032 2143 1289 2226 consuetudinis,
1314 2143 1406 2212 nullo

284 2249 381 2321 modo
400 2251 463 2319 illis
491 2251 685 2342 patrocinari
711 2251 783 2319 talis
810 2251 1010 2322 cousuetudo
1034 2251 1196 2320 censenda
1214 2251 1309 2319 foret.
1333 2249 1405 2318 Tali

283 2359 370 2426 enirn
408 2358 641 2426 cousuetudine
677 2367 885 2450 rumperetur
921 2383 1042 2429 nervus
1077 2360 1298 2428 ecclesiasticae
1337 2359 1404 2426 slis-

283 2467 426 2558 cipliuae,
448 2465 505 2558 qui
530 2467 693 2557 praecipue
711 2467 743 2533 iu
768 2490 806 2536 eo
828 2477 876 2534 est
900 2476 936 2535 ut
954 2491 1105 2536 summus
1126 2467 1278 2535 Pontifex
1296 2476 1405 2558 potcs-

284 2582 382 2640 tatcm
405 2571 537 2662 regendi
558 2581 590 2640 et
609 2573 813 2662 gubernandi
839 2575 1027 2643 universam
1051 2575 1227 2642 Ecclesiam
1251 2597 1405 2642 exercere

283 2681 399 2748 valeat.
423 2680 620 2748 Gubernatio
649 2691 758 2750 cutem
783 2682 978 2751 universalis
1000 2682 1151 2750 Ecclesiae
1179 2685 1215 2749 fit
1239 2683 1405 2774 precipue

284 2785 497 2877 gubernando
513 2787 665 2878 ipsosmet
683 2789 858 2881 Episcopus
869 2791 927 2881 qui
939 2789 1081 2880 singulis
1092 2789 1234 2858 ecclesiis
1243 2801 1402 2881 praesunt.

284 2895 444 2964 Praedicta
468 2903 576 2962 autem
609 2895 810 2965 cousuetudo
835 2897 1088 2989 independentes
1109 2921 1130 2965 a
1155 2897 1258 2990 capite
1286 2899 1405 2968 faceret

284 3002 471 3094 Episcopos.
506 3001 642 3072 Summa
673 3004 853 3094 peruiciosa
890 3006 1025 3096 iusuper
1047 3005 1185 3074 evadere
1212 3015 1322 3097 posset
1347 3006 1405 3075 illa

283 3108 483 3178 consuetudo
516 3118 553 3177 ut
581 3111 657 3176 satis
684 3120 781 3202 patet.
813 3111 879 3180 Nec
903 3114 1060 3202 presumi
1081 3114 1149 3182 ullo
1179 3113 1275 3183 modo
1297 3123 1404 3204 potest

282 3216 377 3286 Sedis
398 3216 592 3308 Apostolicae
610 3238 785 3286 consensus
810 3218 900 3288 illam
925 3220 1094 3288 roborans.
1118 3221 1183 3290 Sed
1203 3218 1244 3290 de
1266 3221 1320 3290 his
1332 3223 1403 3313 jam

283 3346 383 3417 supra
407 3324 635 3410 disseruimus,
663 3325 720 3394 ubi
746 3324 787 3394 de
815 3328 992 3418 pontificiis
1017 3327 1304 3398 constitutionibus
1327 3338 1404 3398 tau-
1527 3345 1528 3364 ¹

282 3453 381 3526 quem
392 3432 478 3524 juris
493 3434 639 3502 canonici
655 3431 755 3502 fonte.

328 3542 512 3610 Prorosrrro
530 3545 596 3610 10⁸.
615 3580 659 3594 -
676 3544 878 3612 Consuetudo
900 3544 1078 3635 impediens
1103 3568 1143 3613 ne
1168 3547 1286 3636 Leputi
1308 3547 1404 3614 Secta

284 3653 475 3745 Apostolice
496 3651 697 3741 recipiantur
710 3648 747 3717 in
757 3650 944 3742 prouinciis,
968 3652 1208 3720 irrationabilis
1222 3665 1254 3720 ct
1264 3675 1402 3744 prorsus

283 3759 478 3830 &rotabilis
500 3757 657 3826 censenda
678 3770 734 3825 est.
754 3797 798 3810 -
817 3785 835 3824 a
856 3759 930 3827 Nou
956 3759 1053 3846 valet,
1070 3760 1115 3828 ait
1128 3759 1340 3830 Reiffeustucl
1357 3763 1402 3851 (iu

285 3897 302 3936 a
328 3873 341 3936 l
362 3870 503 3953 liceret,
520 3878 541 3936 t.
562 3867 620 3953 lV,
640 3869 687 3934 lle
702 3881 861 3953 consuet,
878 3868 898 3958 ᾖ
916 3873 948 3954 3,
966 3891 999 3934 u.
1017 3867 1284 3958 80)a0nsuetud0
1298 3871 1403 3962 impe-

287 4003 303 4040 a
328 3977 420 4042 diens
441 3997 481 4041 nc
496 3972 606 4061 Legati
628 3971 721 4039 Sedis
738 3973 933 4063 Apostolicae
950 3975 1160 4065 recipiantur,
1177 3997 1284 4067 neque
1297 3987 1402 4044 certas

197 4063 203 4090 ⁸
285 4083 511 4174 «provincias
537 4090 593 4150 aut
620 4101 720 4168 regnu
746 4081 786 4149 ed
811 4105 886 4174 quse
908 4104 963 4151 cos
984 4083 1140 4152 destinari
1160 4086 1333 4174 contigerit
1353 4087 1401 4154 li·-

284 4217 302 4260 c
324 4190 400 4258 bere
415 4189 652 4280 ingrediantur,
668 4196 701 4255 et
714 4189 895 4256 commissas
910 4190 972 4257 sibi
983 4190 1155 4280 legationis
1172 4213 1399 4262 munusexsr-
