3050 4946
690 489 864 536 reseratus
888 493 925 539 DE
948 493 1102 538 l‘lllNCll'llS

855 849 938 940 §11-

516 1035 652 1098 Quomodo
669 1035 801 1086 dideratc
822 1035 957 1088 Gratiauca
973 1035 1058 1102 quuoed
1075 1037 1264 1088 auctoritatem.

371 1249 515 1318 Maxime
548 1249 785 1318 advertendum
816 1258 863 1316 cst
893 1247 1067 1316 discrimen
1103 1247 1202 1338 hujus
1231 1271 1250 1314 s
1279 1249 1457 1315 Gratiauea

321 1357 506 1425 collectione
531 1355 637 1449 qrroad
663 1359 897 1424 auctoritatem.
922 1355 1067 1423 Gratiani
1096 1355 1182 1422 euim
1212 1353 1397 1440 decretum,
1420 1365 1455 1420 ιιι

325 1487 424 1555 supra
447 1465 649 1550 monuimus,
670 1464 793 1531 nullam
815 1485 925 1555 perse
943 1463 988 1554 (l)
1013 1461 1108 1530 habet
1129 1461 1294 1554 publicam
1311 1462 1454 1529 auctori·

323 1581 442 1657 tatem;
473 1572 528 1639 sed
557 1593 630 1662 quae
656 1573 689 1638 iu
716 1594 754 1640 eo
781 1572 988 1662 reperiuntur
1010 1577 1135 1637 tantmn
1159 1569 1268 1638 valent
1290 1578 1452 1661 quantum

323 1678 469 1746 valerent
494 1680 520 1744 si
543 1702 580 1746 ea
601 1700 665 1746 nou
688 1677 870 1768 collegisset
893 1677 1080 1762 Gratianus,
1099 1678 1143 1744 ita
1157 1687 1194 1744 ιιι
1209 1675 1300 1744 ιιιιΙΙιι
1316 1677 1397 1766 ipsis
1414 1699 1452 1742 er

323 1787 510 1854 collectione
548 1787 617 1875 ipsa
652 1787 875 1875 supervenerit
909 1785 1037 1876 publica
1074 1785 1257 1852 auctoritas.
1298 1785 1452 1874 Quinque

323 1903 431 1960 autem
459 1893 534 1960 libri
558 1891 766 1960 decretalium
792 1892 942 1982 Gregorii
965 1891 1025 1976 lx,
1044 1900 1153 1982 utpote
1174 1891 1214 1958 ab
1229 1891 1302 1981 ipso
1322 1891 1404 1958 editi
1418 1901 1453 1959 ut

323 2002 358 2068 in
378 2000 510 2091 judiciis
531 2023 590 2092 pro
613 2000 727 2088 regula
746 2001 815 2067 vim
834 2001 920 2091 juris
944 1999 1081 2067 habente
1097 2008 1351 2087 usurparentur,
1370 1999 1451 2066 nihil

323 2108 489 2176 continent
517 2105 604 2198 quod
637 2129 701 2174 non
732 2108 800 2173 vim
832 2107 913 2194 legis
937 2107 1052 2174 habeat
1072 2105 1127 2194 (2).
1149 2103 1243 2174 Unde
1265 2105 1450 2173 factumest

323 2225 360 2286 ut
376 2217 471 2284 etiam
492 2239 529 2282 ea
546 2239 621 2308 quse
639 2225 712 2282 aute
727 2214 835 2306 ipsum
859 2215 967 2306 respui
984 2213 1066 2280 forte
1081 2214 1273 2304 potuissent,
1289 2215 1360 2282 sive
1376 2215 1450 2304 quia

324 2327 433 2392 minus
458 2323 655 2406 authentica,
686 2323 754 2389 sive
781 2323 858 2414 quia
882 2323 949 2412 jam
972 2323 1138 2414 antiquata
1161 2323 1366 2408 viderentur,
1386 2345 1449 2390 nou
1519 2321 1520 2394 l

323 2433 444 2500 sniuori
471 2453 569 2522 quam
595 2441 713 2498 caetera
738 2432 771 2498 vi
788 2431 910 2522 pollere
932 2429 1102 2522 coeperint,
1120 2453 1158 2497 ex
1176 2453 1214 2498 eo
1231 2430 1318 2522 quod
1334 2431 1450 2498 collee-
1519 2397 1520 2447 l

322 2543 444 2609 tionem
459 2541 542 2610 banc
559 2541 705 2630 ingressa
720 2542 796 2608 sint.

366 2648 460 2731 Quod
488 2656 594 2715 autem
626 2648 745 2715 dicitur
768 2647 807 2716 de
832 2648 977 2739 quinque
1003 2647 1212 2716 decretalium
1235 2649 1389 2737 Gregorii
1405 2651 1451 2717 [Χ
1516 2647 1519 2752 l

322 2758 426 2844 libris,
449 2756 533 2824 idem
554 2755 728 2824 dicendum
755 2757 795 2822 de
817 2756 902 2823 libro
919 2765 1010 2824 sexto
1028 2755 1250 2842 decretalium,
1268 2756 1354 2824 etde
1371 2757 1455 2826 Cle·
1518 2777 1519 2855 ι

322 2863 487 2947 montinio,
516 2869 626 2953 utpote
654 2883 711 2952 per
737 2861 877 2929 similem
906 2860 1104 2952 pontificiam
1126 2863 1346 2950 vulgationem
1363 2863 1455 2953 juris

322 2971 444 3060 publici
462 2971 566 3038 lactis.

366 3079 451 3146 Hinc
476 3080 653 3146 canonistas
679 3079 711 3143 in
734 3078 927 3168 exponendo
948 3077 1159 3144 ecclesiastico
1178 3077 1264 3167 jure,
1283 3100 1348 3146 uon
1364 3081 1454 3147 Gra-

323 3189 404 3256 tiani
430 3187 608 3269 decretum,
638 3186 692 3253 sed
715 3185 888 3253 decretales
913 3195 1068 3276 tauquam
1094 3185 1276 3275 juridicum
1303 3186 1452 3255 codicem
1517 3211 1518 3261 l

321 3303 503 3385 sequuntur
516 3302 547 3359 ct
559 3291 801 3360 commentariis
818 3290 988 3359 adornant.

353 3535 384 3598 (tt
401 3534 498 3582 Dicitur
515 3548 561 3596 per
573 3547 616 3595 sc;
639 3545 699 3582 uum
717 3546 747 3581 ex
769 3533 884 3594 generali
900 3547 947 3582 usu
960 3546 1011 3596 qrro
1025 3531 1057 3580 de
1071 3531 1138 3582 lacto
1153 3534 1179 3582 iu
1192 3533 1299 3597 judiciis
1314 3539 1341 3586 ct
1351 3537 1451 3586 scholis

320 3617 442 3678 usurpato
463 3619 502 3664 est
520 3614 635 3664 Gratloui
649 3613 780 3676 collectio,
795 3613 932 3678 perplura
949 3613 1044 3664 secula
1060 3615 1186 3678 majorem
1198 3629 1275 3679 quam
1288 3617 1383 3680 privati
1398 3621 1450 3668 col·
1516 3607 1517 3669 l

320 3696 426 3746 lectoris
446 3695 624 3746 auctoritatem
643 3695 763 3745 habuisse
775 3695 888 3757 videtur,
901 3697 946 3746 sed
962 3697 1013 3746 hoc
1030 3711 1061 3746 er
1074 3697 1245 3748 ecclesiarum
1254 3699 1375 3750 ultronee
1387 3713 1451 3751 cou-

321 3777 470 3838 suetudine,
485 3791 538 3826 non
551 3791 583 3826 ex
598 3777 650 3826 ullo
661 3780 757 3827 sanctae
768 3777 842 3828 Sedis
854 3778 970 3828 decreto.

350 3858 383 3918 (2)
405 3859 496 3907 Postea
514 3861 602 3906 temen
614 3856 688 3906 novis
706 3857 891 3907 mutationibus
909 3860 941 3908 ab
955 3859 1108 3908 auctoritate
1127 3859 1253 3910 Ecclesiae
1267 3874 1392 3926 suprema
1405 3863 1446 3912 in-

317 3938 453 3998 troductis,
476 3942 518 3987 aut
537 3937 614 3987 etium
629 3937 756 4001 oppositis
771 3943 797 3988 et
814 3937 926 4002 legitime
943 3939 1447 4006 proscriptisconsuetudinibus,p1urs

318 4017 370 4068 vim
386 4018 449 4080 legis
470 4017 621 4068 emiserunt.
