3042 4946
567 491 648 538 runrs
672 493 823 538 canonici.
1189 473 1249 538 ota

135 627 241 710 Quam
262 628 494 719 obligationem
512 629 640 698 docenti
657 638 689 698 et
711 629 878 698 definienti
903 631 1056 699 Ecclesiae
1076 651 1134 722 per
1150 632 1252 701 since·

135 760 206 807 ram
235 737 334 806 fidem
362 737 547 826 obediendi,
576 745 732 830 perpetuo
768 748 1018 830 propugnarunt
1053 739 1198 809 Concilio
1221 751 1253 810 et

133 847 283 916 doctores
308 846 514 916 sanctissimi.
542 845 638 916 Unde
662 846 807 915 Ecclesia
828 846 964 935 Christi,
979 847 1043 916 nisi
1065 857 1253 940 potestatem

134 956 268 1026 baberet
282 955 449 1046 obligandi
462 958 505 1026 ad
520 956 632 1046 fidem,
646 965 803 1049 perpetuo
816 965 964 1028 errasset.
983 957 1133 1027 Christus
1147 966 1253 1027 autem

134 1064 346 1155 provisurum
370 1087 404 1134 se
428 1064 614 1157 spopondit,
642 1087 683 1133 ne
710 1074 813 1156 portas
844 1063 943 1133 inferi
967 1087 1113 1157 unquam
1142 1075 1255 1136 contra

132 1195 206 1242 eam
223 1173 452 1264 praevalerent.

181 1289 213 1352 3⁰
232 1285 283 1353 Ex
302 1283 500 1376 praecedenti
526 1284 748 1376 propositione
772 1283 1011 1354 admittendum
1032 1294 1080 1354 est
1102 1286 1253 1357 Ecclesiae

132 1401 315 1484 competere
338 1399 527 1483 potestatem
551 1393 711 1472 doeendi;
735 1391 791 1462 sed
814 1393 878 1461 nisi
903 1392 1049 1462 docendo
1076 1404 1184 1485 posset
1210 1398 1253 1464 si-

133 1502 205 1571 mul
233 1501 276 1570 ad
305 1501 504 1572 credendum
541 1502 706 1593 obligare,
725 1502 878 1592 ‘legitime
907 1524 1020 1573 omnes
1051 1513 1179 1594 possent
1214 1506 1254 1574 de

134 1611 288 1704 omnibus
319 1611 473 1680 doctrinis
503 1610 543 1678 ab
571 1611 714 1680 Ecclesia
742 1610 872 1680 traditis
900 1611 1065 1699 dubitere;
1095 1634 1172 1704 ergo
1197 1637 1255 1706 per

133 1718 222 1786 aliud
239 1717 385 1786 medium
398 1718 554 1788 deberent
565 1740 759 1808 cognoscere
769 1741 881 1788 veram
895 1719 1086 1809 religionem
1097 1720 1254 1790 aChristo

132 1827 308 1896 revelatam
342 1857 349 1896 :
382 1828 439 1896 sed
468 1827 508 1896 de
538 1830 623 1898 lacto
657 1828 808 1898 Christus
837 1828 967 1898 nullum
994 1829 1085 1898 aliud
1114 1831 1255 1900 instituit

133 1937 291 2027 medium,
307 1946 344 2008 ut
363 1960 462 2029 supra
482 1937 685 2008 ostendimus
695 1966 708 2026 ς.
727 1938 784 2008 sed
807 1938 892 2007 dixit
914 1947 1042 2006 tantum
1061 1940 1251 2032 Apostolis:

133 2049 270 2128 Enetos,
287 2047 395 2117 docete
415 2071 524 2118 omncs
549 2063 657 2140 pentes
676 2101 727 2132 ...,
747 2049 892 2117 docentes
915 2071 967 2116 eos
989 2069 1117 2116 screare
1142 2050 1255 2117 omnia

133 2178 344 2249 quecumque
367 2157 528 2228 mandavi
551 2159 659 2240 vobis,·
686 2181 764 2248 ergo
787 2157 938 2227 Christus
966 2179 1031 2224 non
1057 2156 1256 2227 sufficienter

133 2264 330 2356 providisset
349 2264 389 2334 de
413 2267 612 2336 notificanda
637 2265 789 2334 omnibus
813 2263 1079 2354 generationibus
1098 2264 1254 2354 religione

134 2395 210 2440 ase
230 2372 373 2442 revelata
391 2383 424 2442 et
451 2374 493 2442 ad
519 2374 655 2442 salutem
681 2371 878 2459 necessaria5
896 2370 985 2463 quod
1007 2393 1082 2440 cum
1106 2369 1170 2439 dici
1193 2395 1254 2442 ne-

133 2488 243 2572 queat,
268 2480 442 2550 dicendnm
473 2482 607 2552 omnino
634 2488 683 2551 est
707 2488 897 2573 potestatem
922 2479 1061 2548 docendi
1083 2503 1102 2547 e
1124 2479 1254 2550 Christo

134 2587 284 2656 Ecclesiae
300 2589 464 2676 traditam,
481 2612 550 2658 esse
569 2597 759 2680 potestatem
773 2587 873 2658 fidem
888 2588 1052 2678 exigendi.

177 2697 362 2768 Prorosrrro
385 2703 429 2768 3²1.
452 2737 498 2752 -
517 2699 746 2790 Megistcrtum
772 2699 935 2782 Ecclesia,
957 2721 1012 2767 eeu
1028 2709 1177 2790 potestas
1194 2698 1254 2767 do-

133 2805 236 2888 cendi,
254 2830 275 2875 α
296 2807 426 2877 Christo
448 2809 485 2876 ira
505 2807 650 2877 Ecclesia
674 2830 735 2876 sua
757 2807 918 2889 instituta,
939 2829 1050 2876 errare
1068 2808 1193 2898 nequir.
1211 2845 1255 2859 -

134 2912 290 3004 Sequitur
307 2939 350 2984 ex
371 2915 579 3008 praecedenti.
601 2917 725 2986 Nullus
747 2916 836 2986 enim
863 2917 966 2985 teneri
989 2924 1093 3007 potest
1118 2915 1161 2984 ad
1184 2939 1253 2985 cre·

134 3021 278 3091 dendum
300 3024 400 3111 falsa;
416 3047 475 3094 nec
495 3025 583 3094 Deus
605 3048 751 3117 unquam
777 3032 882 3117 potest
905 3022 1001 3092 talem
1022 3024 1253 3114 obligationem

133 3130 313 3221 imponere.
330 3131 417 3221 Ergo
437 3131 594 3222 obligatio
615 3131 769 3201 credendi
790 3131 947 3201 doctrinae
971 3131 1013 3198 ab
1032 3129 1174 3199 Ecclesia
1188 3141 1255 3200 tra-

135 3237 222 3320 ditae,
242 3227 422 3308 necessario
441 3240 666 3332 praesupponit
686 3240 866 3308 doctrinam
890 3238 979 3306 illam
1000 3260 1068 3306 esse
1082 3262 1205 3326 veram,
1223 3249 1255 3308 et

135 3369 304 3440 nunquam
317 3369 410 3438 posse
426 3370 570 3418 errorem
585 3348 626 3416 ab
641 3347 784 3416 Ecclesia
804 3347 926 3417 doceri.
944 3347 1028 3415 Hine
1048 3346 1202 3416 Ecclesia
1219 3349 1253 3417 in

135 3454 279 3524 docendo
303 3454 517 3524 infallibiliter
542 3463 590 3524 est
616 3455 650 3522 in
675 3454 812 3547 ipsamet
842 3453 993 3522 Ecclesiae
1026 3456 1254 3526 constitutione

135 3561 288 3632 radicata.

179 3673 362 3742 Pnorosrrro
379 3676 425 3740 lt.
445 3709 490 3723 -
504 3671 732 3763 Megisteriom
752 3672 904 3740 Ecclesiae
920 3681 964 3739 est
986 3670 1136 3740 divinum
1157 3673 1258 3744 mantel

135 3792 166 3847 et
180 3779 377 3848 temanum.
395 3818 440 3833 -
458 3781 554 3866 Nam,
571 3803 612 3850 ex
626 3779 733 3867 dictis,
750 3779 872 3870 obligat
890 3779 931 3847 ad
947 3778 1146 3848 credendum
1161 3790 1192 3849 et
1207 3792 1254 3850 est

135 3890 304 3959 infallibile
316 3915 326 3975 ;
351 3891 442 3982 atqui
466 3891 495 3957 si
516 3899 599 3959 esset
624 3912 711 3958 mere
734 3889 931 3974 humanum,
950 3910 1009 3957 neo
1035 3887 1194 3978 obligaret
1214 3892 1255 3959 ad

136 3997 248 4086 tidem,
271 4023 346 4068 cum
373 4000 487 4070 nullus
515 3999 612 4069 homo
633 4022 692 4091 per
713 4021 746 4066 se
772 3999 877 4068 solum
898 3999 951 4089 jus
975 3998 1091 4066 babeat
1115 3999 1254 4068 alterum

135 4105 287 4196 adigendi
307 4115 342 4174 ut
360 4129 402 4174 ex
425 4108 621 4176 conscientia
644 4107 707 4176 sibi
732 4106 861 4191 oredat;
885 4112 1048 4174 necessat
1071 4105 1253 4195 infallibile,

136 4237 209 4283 cum
225 4237 267 4283 ex
282 4213 469 4284 conditione
492 4215 635 4312 bumana
652 4223 805 4308 sequatur
820 4214 996 4284 lallibilitas
1012 4243 1019 4282 :
1038 4237 1116 4306 ergo
1136 4218 1256 4308 magis-
