3050 4946
530 467 614 516 Jusrs
636 468 790 514 cruuntur.
1158 447 1217 512 421

104 613 368 676 «concentonem
398 614 486 689 sunt,
513 604 690 674 sedetiam
718 601 821 690 illam,
852 627 951 696 quem
974 605 1064 696 regin
1081 615 1221 699 potestas

105 743 122 782 a
147 716 274 804 tribuit,
304 713 527 784 anctoritatem
560 713 723 806 accipiunt
742 740 749 780 :
765 723 832 780 ἀλλὰ
851 730 894 778 καὶ
912 731 958 785 τὴν
976 726 1003 780 ἐκ
1023 735 1067 788 τῆς
1090 728 1223 790 mestos:

106 849 123 890 a
148 838 238 909 ἰσχύος
254 837 386 891 adductas
402 841 566 913 χαρίζονται.
587 847 604 888 n
627 818 838 913 (Bibliotheca
856 819 942 912 juris
956 842 1028 889 call.
1043 829 1124 910 Vei„
1137 828 1161 891 i.
1175 823 1220 911 Π,

100 955 134 1025 p.
156 935 232 1020 sot,
248 931 382 1000 Parisiis
399 931 510 1021 lesa.)

146 1043 200 1109 An
224 1041 350 1134 primns
364 1042 463 1112 inerit
477 1042 619 1111 loannes
637 1039 853 1110 Scholasticus
874 1040 908 1108 in
921 1040 1046 1110 edenda
1060 1041 1221 1133 compila-

102 1150 188 1219 tione
215 1150 304 1240 leges
328 1149 556 1219 ecclesiasticas
579 1157 612 1216 et
637 1147 748 1218 civiles
774 1148 1017 1242 complectente,
1044 1171 1110 1219 non
1133 1161 1221 1221 certo

102 1259 196 1328 nobis
220 1259 333 1350 liquet.
361 1258 425 1329 Sed
454 1266 578 1326 certum
594 1265 642 1327 est
667 1267 739 1349 post
763 1257 871 1349 ipsum
900 1258 1019 1326 multos
1030 1258 1221 1351 hujusmodi

100 1369 345 1438 Nomocanones
367 1366 402 1434 in
427 1365 559 1435 Oriente
578 1365 772 1457 compositos
794 1365 906 1453 tuisse,
930 1366 1016 1435 inter
1037 1389 1120 1458 quos
1135 1367 1220 1436 cmi-

101 1483 156 1542 uet
170 1473 380 1544 Nomocanon
392 1473 513 1562 Photii,
530 1472 571 1542 de
590 1495 656 1566 quo
666 1473 769 1542 infra.

144 1582 254 1651 Novus
267 1582 450 1678 additipnes
463 1583 584 1675 aceepit
599 1583 791 1652 Graecorum
806 1582 909 1653 codex
925 1605 967 1652 ex
981 1582 1107 1675 synodo
1121 1584 1220 1653 Trul-

100 1692 176 1759 lana
198 1714 256 1759 seu
277 1690 480 1774 Quiuisextn.
506 1691 570 1760 Sed
594 1714 635 1760 ex
655 1691 834 1761 canonibus
856 1693 891 1760 in
911 1692 973 1761 isto
993 1692 1139 1780 concilio,
1163 1715 1221 1762 seu

100 1800 210 1891 potius
233 1799 447 1870 conciliabulo
470 1799 634 1885 confectis,
664 1821 719 1869 eos
745 1807 873 1868 tantum
902 1801 1052 1892 probavit
1074 1801 1223 1870 Romana

100 1907 243 1976 Ecclesia
267 1908 325 2000 qui
349 1907 571 1999 superioribus
597 1907 731 1998 synodis
751 1906 960 1998 probatisque
987 1907 1132 1976 moribus
1154 1931 1220 1976 non

100 2016 366 2104 adversarentur,
388 2022 424 2083 ut
442 2014 529 2106 apud
549 2015 682 2083 Grmoos
700 2013 876 2085 declaravit
899 2014 1016 2084 Leonis
1032 2014 1079 2083 l'X
1092 2015 1218 2106 legatus

100 2123 314 2211 Humbertus,
331 2122 443 2213 Sylva
456 2119 612 2192 Gandidae
628 2121 818 2212 Episcopus.

546 2487 690 2557 CAPUT
712 2487 767 2554 lll.

156 2721 194 2766 ue
223 2719 319 2765 STATU
346 2719 428 2766 tulus
450 2718 591 2764 CANONlCl
615 2718 646 2764 ΙΝ
669 2717 801 2764 auteurs
823 2718 844 2761 Δ
868 2717 978 2764 PHOTlO
1001 2717 1097 2774 USQUE
1123 2721 1163 2765 Au

474 2834 662 2882 assumunt
685 2833 837 2880 Tllldl'OllA.

143 3098 242 3166 Anno
268 3101 343 3186 858,
371 3097 480 3166 scdcm
503 3097 908 3190 constantinopolitanam,
931 3099 1069 3190 expulso
1092 3098 1218 3188 lgnatio

98 3212 285 3306 patriarche
304 3212 462 3304 legitimo,
483 3211 604 3280 invasit
625 3213 676 3280 sui
691 3212 756 3280 oevi
775 3210 984 3284 doctissimus
1000 3235 1094 3305 aeque
1108 3237 1144 3282 ec
1159 3235 1218 3282 eu-

100 3321 291 3389 dacissimus
310 3320 458 3390 Photius.
479 3319 597 3389 Habita
618 3319 898 3412 Constantinopoli
918 3318 959 3388 ad
981 3320 1217 3392 restituendum

99 3427 264 3519 lgnatiam
290 3426 435 3520 synodus
460 3427 658 3496 mcumenica
682 3434 807 3514 octava,
834 3449 908 3517 quse
933 3428 1087 3498 Photium
1112 3428 1217 3522 depo-

99 3537 179 3606 suit.
198 3538 244 3605 At
266 3544 394 3606 mortuo
411 3534 551 3626 Ignatio,
573 3534 694 3604 iterum
714 3533 823 3602 sedem
837 3532 957 3602 invasit
970 3535 1215 3628 pseudopastor,
1285 3609 1289 3622 ,

100 3645 153 3714 cni
168 3645 348 3736 prsnvalere
363 3643 477 3712 datum
498 3649 546 3711 est
566 3642 607 3711 ad
623 3640 838 3711 scindendum
855 3641 1022 3712 Orientem
1040 3643 1081 3712 sb
1096 3645 1218 3716 unitate

99 3752 269 3840 catholico,
293 3761 325 3821 et
349 3751 391 3820 ad
417 3749 618 3820 firmandum
639 3749 846 3820 lamentabile
868 3749 949 3820 illud
974 3752 1126 3844 schisma,
1152 3777 1218 3848 quo

99 3869 147 3931 tot
167 3859 292 3952 periere
310 3860 388 3928 olim
404 3859 571 3928 sanctitate
589 3859 750 3949 fulgentes
763 3857 920 3946 ecclesis,
938 3859 1091 3953 quodque
1103 3862 1218 3934 etiam·

100 3991 181 4040 num
198 3977 358 4038 exoaecate
370 3967 539 4036 tenacitate
555 3975 753 4059 perseverat.

143 4078 226 4160 Quae
244 4075 369 4145 fuerint
387 4081 522 4146 extunc
537 4075 571 4143 in
593 4074 725 4144 Oriente
742 4072 829 4164 juris
842 4076 989 4144 canonici
1004 4075 1092 4146 vices
1107 4081 1219 4168 paucis

100 4205 314 4279 exponemus.
