3050 4946
242 457 303 522 l92
593 479 768 526 reserares
790 480 828 526 us
850 480 1001 526 rainerus

240 619 346 705 citata,
370 618 462 687 verbi
485 616 601 708 gratia,
628 618 786 688 descendo
805 640 862 710 per
880 618 980 687 istum
998 616 1178 687 indiculum
1198 641 1302 712 usque
1315 619 1361 688 ad

237 726 382 794 litterum
401 750 437 819 p,
466 735 498 796 et
519 727 565 795 ibi
591 728 718 820 reperio
742 727 874 796 titulum
895 731 942 796 De
960 727 1068 819 pactis
1085 749 1154 796 esse
1168 727 1299 795 titulum
1316 729 1359 794 35

241 832 318 903 libri
340 835 355 902 l
374 835 605 904 Decretalium.
636 835 819 928 Aliquoties
850 843 959 904 autem
985 833 1095 904 citatio
1120 834 1157 902 lit
1180 833 1251 903 sine
1279 856 1361 904 voce

242 954 336 1010 cetra
351 949 382 1011 et
397 944 466 1012 sine
481 943 513 1011 X
532 971 539 1011 :
556 967 629 1036 cap.
649 943 816 1027 Quotiens,
835 948 883 1013 De
890 944 1011 1036 pactis.

286 1049 374 1118 VIII.
393 1049 444 1119 Ad
464 1051 672 1142 allegandum
691 1063 821 1120 scetem
837 1051 1058 1122 Decretalt'um
1079 1053 1212 1144 ponitur
1234 1051 1269 1120 in
1294 1053 1362 1119 line

241 1156 401 1227 citationis
427 1159 461 1228 in
479 1164 511 1248 6,
534 1161 568 1228 id
588 1169 647 1248 est,
665 1160 699 1228 in
714 1159 799 1229 libro
821 1163 839 1228 6
859 1159 1087 1229 Decretulium.
1104 1159 1206 1229 Verbi
1226 1159 1358 1250 gretia:

241 1287 269 1332 c.
285 1267 415 1350 Gratia,
431 1272 479 1337 De
492 1269 665 1361 rescriptis,
680 1269 715 1336 ia
726 1272 757 1348 6;
771 1267 863 1337 idest
876 1267 1054 1360 capitulum
1070 1267 1202 1350 Gratia,
1217 1266 1253 1335 in
1263 1267 1362 1335 titulo

243 1379 290 1444 De
310 1378 482 1470 rescriptis,
504 1378 539 1446 in
555 1386 646 1448 sexto
660 1378 744 1448 libro
760 1377 981 1447 decretalium.
998 1376 1205 1462 Quaerendae
1219 1399 1299 1468 ergo
1313 1386 1363 1445 est

243 1482 276 1552 in
293 1483 436 1554 indiculo
458 1485 658 1577 alphabetico
678 1485 849 1554 titulorum
873 1485 970 1572 sexti,
987 1484 1029 1552 ad
1043 1483 1184 1553 litteram
1200 1509 1228 1566 r,
1244 1484 1362 1553 titulus

243 1590 284 1660 de
308 1593 491 1685 rescriptis3
512 1603 544 1662 et
558 1592 723 1663 indiculus
744 1592 871 1665 docebit
884 1593 973 1662 bunc
988 1593 1121 1662 titulum
1143 1615 1212 1662 esse
1227 1593 1360 1662 tertium

243 1700 342 1791 primi
358 1701 432 1770 libri
448 1703 483 1770 iu
498 1711 600 1771 sexto.
735 1733 736 1738 ¹

286 1809 345 1878 IX.
362 1811 572 1882 Clementiae
587 1812 769 1903 allegentur
783 1813 851 1881 sie:
868 1813 1176 1894 alemannorum,
1192 1814 1241 1879 Dc
1249 1833 1363 1902 poen.,·

243 1916 277 1984 id
291 1925 339 1985 est
349 1917 434 1987 inter
447 1919 666 1990 Clementines
687 1920 866 2011 capitulum
882 1920 1064 1991 Multorum
1079 1918 1164 1988 tituli
1182 1923 1229 1986 lte
1239 1919 1360 2009 panes.

243 2022 447 2106 Onerandus
465 2028 580 2098 titulus
603 2029 775 2121 Depositis
800 2028 834 2096 in
858 2027 1002 2098 indiculo
1019 2027 1191 2097 titulorum
1212 2049 1274 2118 pro
1288 2027 1363 2096 Cle-

243 2135 407 2223 mentinis‚
432 2136 534 2205 stibi
559 2147 710 2207 monetur
733 2137 821 2207 hunc
846 2137 976 2207 titulum
991 2159 1060 2206 csse
1084 2145 1234 2206 octavum
1250 2135 1362 2204 librit

244 2242 532 2322 Clementinarunr.

287 2353 329 2422 X.
358 2359 623 2447 Eatravaqantes
648 2356 783 2427 Ioannis
807 2353 901 2423 XXII
927 2355 1110 2445 allegantur
1132 2354 1207 2421 sie:
1232 2364 1361 2421 eatrav.

243 2463 405 2546 Ecclesiae,
432 2468 480 2533 De
502 2465 696 2556 majoritate
721 2477 752 2532 et
773 2465 848 2546 ob.‚·
872 2464 905 2533 id
930 2472 990 2550 est,
1006 2465 1091 2531 inter
1111 2470 1363 2552 extravagantes

229 2570 377 2639 ”loannis
401 2569 507 2658 XXII,
523 2572 701 2663 capitulum
716 2571 880 2654 Ecclesia,
903 2572 937 2640 in
953 2571 1048 2640 titulo
1062 2575 1110 2640 Dc
1123 2570 1319 2662 majoritate
1333 2583 1365 2638 et

244 2677 438 2747 obedientia.
463 2679 519 2747 llle
541 2701 618 2748 vero
640 2679 754 2748 titulus
778 2680 977 2771 quarendus
996 2679 1030 2747 in
1055 2677 1160 2746 indice
1190 2676 1363 2746 titulorum

244 2786 455 2879 alphabetico.

289 2896 347 2963 XI.
383 2899 650 2988 Eutrauaqarttcs
682 2919 866 2966 communes
902 2897 948 2965 sic
980 2895 1163 2985 allegantur
1195 2921 1202 2962 :
1233 2905 1362 2961 extrav.

245 3027 362 3072 comm.
393 3005 479 3086 Etsi,
505 3008 553 3073 Dc
572 3003 741 3097 praebend.
769 3016 800 3072 et
825 3004 937 3095 diqn.;
958 3004 992 3072 id
1014 3010 1074 3089 est,
1100 3004 1185 3071 inter
1211 3011 1366 3070 extrava-

244 3120 358 3202 gantes
380 3134 582 3200 communes,
598 3111 775 3204 capitulum
796 3113 881 3194 Etsi,
900 3113 934 3180 in
959 3111 1052 3181 titulo
1070 3115 1116 3178 Ite
1134 3109 1319 3204 prebendis
1334 3121 1366 3178 ct

246 3220 473 3312 dignitatibus,
490 3221 549 3310 qui
563 3220 689 3307 titulus,
707 3220 865 3312 quaesitus
885 3220 919 3287 in
936 3218 1081 3287 indiculo
1101 3218 1281 3309 reperietur
1296 3240 1366 3288 csse

246 3327 408 3396 secundus
422 3327 497 3396 libri
510 3328 596 3395 tertii
612 3328 895 3418 extravagantium
910 3327 1145 3397 communium.

290 3437 363 3505 XII.
382 3437 480 3505 Liber
494 3437 651 3528 septimus
664 3437 885 3506 Decretalium
901 3437 1063 3527 allegatur
1085 3434 1168 3504 sicut
1182 3447 1291 3504 sertus
1307 3458 1367 3504 ex·

247 3555 338 3638 cepto
353 3546 440 3637 qnod
455 3547 641 3636 panateria
658 3552 690 3632 7,
708 3555 739 3616 et
754 3569 820 3614 non
836 3547 871 3614 ia
888 3551 919 3614 6.

290 3655 511 3725 Institutiones
527 3655 704 3725 Lancelotti
720 3656 827 3725 rarius
843 3655 1037 3746 allegantur,
1052 3677 1126 3723 cum
1141 3654 1367 3724 auctoritatem

247 3786 313 3833 non
330 3763 479 3832 babeant.
