3022 4950
425 715 859 830 TRACTATUS

624 987 665 1039 DE

20 1329 22 1344 s
83 1215 502 1371 PRINCIPHS
557 1217 773 1370 JURlS
831 1185 1198 1371 utconlu.

912 1619 1193 1634 md

330 2005 608 2080 TRACTATUS
641 2003 953 2080 DISTRIBUTIO.

121 2217 292 2308 Principia
305 2217 391 2308 juris
409 2217 556 2286 canonici
577 2238 732 2288 vocemus
752 2216 901 2286 notiones
920 2225 1074 2310 quatuor,
1091 2221 1199 2312 aqui-

76 2324 138 2392 bus
159 2324 348 2394 exordiatur
369 2346 496 2394 necesse
515 2333 564 2394 est
577 2324 635 2417 qui
647 2324 734 2416 juris
759 2324 861 2416 hujus
885 2347 962 2394 vere
984 2325 1107 2416 peritus
1125 2325 1198 2396 fieri

76 2433 182 2522 cupit;
198 2455 272 2524 quae
288 2433 316 2500 si
331 2433 438 2524 ipsum
455 2433 587 2518 lateant,
603 2441 660 2500 aut
681 2432 817 2502 confuso
840 2441 967 2500 tantum
987 2433 1111 2502 intuitu
1125 2434 1198 2504 fue-

76 2538 144 2607 rint
157 2547 343 2631 perspectae,
361 2561 421 2608 uec
437 2540 555 2632 potent
570 2537 666 2608 firmo
680 2539 762 2630 pede
780 2537 822 2606 ad
838 2538 999 2630 reliquam
1019 2539 1197 2631 disciplinae

76 2649 236 2718 canonicae
259 2649 500 2738 indagationem
521 2648 686 2740 progredi.
714 2647 881 2739 Imprimis
903 2647 1023 2716 scilicet
1043 2649 1196 2742 introspi-

76 2757 196 2826 ciendas
213 2758 381 2850 ipsiusmet
397 2757 482 2850 juris
501 2759 646 2828 canonici
660 2766 787 2827 naturae
808 2758 854 2828 ite
873 2759 1064 2828 adlaborare
1085 2757 1191 2846 dehet,

77 2874 110 2932 nt
132 2889 153 2933 a
179 2865 304 2936 caeteris
323 2866 456 2956 juribus
480 2865 522 2934 ab
541 2867 612 2959 ipso
638 2865 778 2936 diversis
803 2865 886 2935 illud
914 2865 991 2934 scite
1017 2865 1191 2954 discernat,

75 2981 103 3039 et
129 2973 210 3064 quid
231 2973 294 3065 ipsi
316 2973 582 3058 adscribendum,
607 2974 730 3066 quidve
754 2973 795 3041 ab
820 2997 858 3042 eo
881 2973 1129 3064 removendum,
1150 2999 1191 3045 ex

75 3081 235 3170 recognita
255 3079 388 3173 proprie
407 3081 495 3151 iliius
516 3081 654 3149 essentia
672 3089 743 3150 tuto
758 3079 862 3171 valeat
881 3079 1083 3149 concludere.
1103 3081 1189 3152 Tum

74 3187 111 3254 ad
137 3187 399 3278 investigandam
421 3189 566 3282 ejusdem
584 3189 669 3280 juris
693 3189 889 3257 efficientem
909 3211 1052 3276 causam,
1076 3199 1188 3260 aucto-

73 3297 180 3366 ritates
200 3319 317 3388 nempe
339 3298 459 3386 varias,
477 3322 497 3366 a
516 3299 637 3391 quibus
653 3297 733 3368 oriri
757 3307 788 3366 et
807 3297 959 3366 constitui
977 3297 1092 3388 possit,
1117 3301 1189 3368 ani-

74 3429 142 3475 mus
170 3415 301 3476 strenue
333 3405 588 3494 convertendus3
623 3406 728 3476 fontes
761 3405 849 3475 enim
880 3405 952 3474 illos
984 3405 1187 3476 ecclesiastici

71 3513 150 3604 juris
173 3515 236 3584 nisi
260 3517 353 3607 prius
375 3515 488 3601 adeat,
516 3537 635 3606 eosque
656 3513 701 3582 ita
729 3521 908 3600 recenseat,
932 3521 1024 3581 utet
1048 3514 1185 3605 quinam

73 3623 142 3711 sint,
168 3631 202 3692 ct
228 3645 380 3715 quaenam
403 3624 453 3692 vis
473 3623 514 3692 ab
541 3643 739 3713 unoquoque
762 3619 905 3688 dimanet
928 3641 989 3711 pro
1017 3621 1185 3712 explorato

71 3729 101 3797 iu
128 3739 330 3800 antecessum
354 3730 482 3818 habeat,
516 3730 551 3798 in
581 3739 738 3822 perpetuo
765 3727 949 3796 versabitur
973 3728 1106 3796 errandi
1128 3753 1184 3821 pe·

70 3838 167 3909 riculo
177 3867 187 3928 3
206 3862 299 3910 veras
314 3861 432 3930 nempe
444 3839 533 3928 leges
548 3836 776 3906 ecclesiasticus
794 3834 967 3904 aestimabit
988 3858 1063 3926 quae
1083 3837 1183 3908 nullae

71 3957 151 4036 sunt,
182 3948 330 4018 nullasve
360 3969 434 4039 quae
462 3945 667 4032 certissimae3
696 3951 753 4012 aut
770 3942 866 4034 ¹justo
894 3941 1052 4034 majorem
1075 3945 1184 4016 minc·

70 4076 173 4127 remve
188 4054 414 4124 auctoritatem
435 4052 556 4122 eisdem
570 4051 735 4120 attribuet.
759 4051 803 4118 At
817 4072 896 4119 vero
908 4050 1085 4141 exploratis
1097 4053 1183 4142 juris

71 4163 209 4232 unonici
224 4171 341 4230 nutura
355 4169 387 4230 et
402 4159 558 4244 fontibus,
576 4167 760 4250 temporum
777 4179 908 4250 quoque
926 4157 1010 4224 ratio
1033 4156 1182 4229 habenda

72 4279 111 4338 est
133 4298 140 4338 :
157 4292 226 4338 non
243 4268 334 4338 enim
358 4267 444 4337 sicut
457 4265 617 4354 naturale,
635 4265 680 4332 ita
694 4273 727 4334 et
741 4263 992 4334 ecclesiasticum
1004 4263 1060 4354 jus
1075 4288 1179 4336 uuum

1003 4379 1017 4434 i
