3064 4952
655 495 831 546 tuderanus
853 497 892 542 DE
914 493 1068 542 emmens

826 787 895 879 §1-

533 967 656 1028 Qunuam
672 969 744 1018 certa
758 965 902 1017 habeantur
917 977 951 1015 ex
964 962 1024 1028 jnre
1040 959 1192 1028 apostolico.

347 1174 472 1242 Praeter
497 1172 683 1266 Scripturas
711 1170 859 1256 hihlicas,
888 1177 1030 1262 quatuor
1058 1165 1210 1234 videlieet
1238 1159 1424 1252 evangelia,

302 1282 454 1374 epistolas
478 1282 583 1369 Petri,
609 1280 717 1369 Pauli,
746 1278 894 1364 loannis,
917 1277 1043 1364 Jacohi,
1065 1272 1173 1360 Judae,
1190 1269 1426 1364 Apocalypsim

302 1390 451 1477 loannis,
464 1397 497 1459 et
511 1413 548 1458 ea
563 1411 637 1481 quse
651 1387 687 1456 in
700 1389 839 1458 Actibus
860 1385 1093 1479 Apostolorum
1108 1381 1148 1451 de
1163 1379 1327 1472 Apostolis
1342 1401 1427 1446 nar-

303 1506 432 1586 rantur,
460 1504 584 1566 constat
610 1497 693 1588 (tum
720 1518 761 1565 ex
776 1497 828 1565 his
847 1495 927 1588 ipsis
941 1493 1037 1562 libris
1061 1512 1161 1560 sacrae
1177 1487 1355 1579 Scriptnrae
1370 1509 1428 1554 oa-

304 1606 446 1693 nonicis,
475 1613 544 1674 tum
568 1605 665 1674 etiam
681 1627 722 1674 ex
743 1605 941 1696 traditione),
966 1605 1139 1696 Apostolos
1152 1603 1272 1696 septus
1286 1621 1428 1692 congre-

305 1724 396 1806 gatos
423 1714 519 1807 plura
545 1713 758 1783 saluberrime
782 1737 842 1806 pro
864 1711 1078 1804 gubernanda
1099 1712 1242 1781 Ecclesia
1261 1711 1426 1780 statuisse.

349 1827 375 1894 Ι.
395 1827 504 1917 Atque
518 1825 694 1916 imprimis,
711 1833 748 1892 ut
764 1825 799 1892 iu
820 1825 957 1893 Actibus
972 1822 1203 1916 Apostolorum
1222 1824 1260 1912 (c.
1278 1847 1302 1907 r,
1319 1843 1352 1888 v.
1372 1821 1426 1910 15)

305 1935 466 2023 hahetur,
494 1935 610 2003 Petrus
640 1934 798 2024 incipiens
838 1935 999 2026 primatus
1028 1933 1080 2001 sui
1108 1932 1217 2001 officio
1248 1930 1366 2019 fungi,
1395 1937 1431 1997 et

305 2043 457 2112 Ecclesiae
484 2041 545 2109 sibi
571 2063 591 2108 a
615 2040 745 2110 Christo
772 2041 955 2110 commissae
968 2063 1080 2110 curam
1101 2062 1235 2130 gerere,
1260 2035 1430 2128 Apostolis

305 2152 341 2220 in
359 2150 526 2220 cenaculo
549 2148 762 2240 lerosolymae
780 2150 998 2241 congregatis,
1025 2157 1097 2240 post
1111 2147 1233 2217 Christi
1251 2147 1287 2214 in
1308 2145 1430 2214 coelum

308 2281 477 2328 ascensum
517 2266 550 2327 et
588 2265 662 2325 ante
693 2257 835 2349 Spiritus
872 2259 975 2326 sancti
1010 2257 1201 2326 descensum
1237 2255 1428 2346 proposuit,

307 2388 413 2436 unum
440 2366 584 2458 aliquem
608 2365 795 2456 eligendum
819 2387 900 2453 esse,
917 2367 974 2458 qui
989 2363 1083 2434 tude
1103 2364 1261 2456 proditori
1276 2362 1431 2430 succede·

307 2486 357 2544 ret
387 2477 422 2544 in
450 2475 642 2567 apostolatu.
675 2476 747 2558 Quo
768 2475 896 2563 audito,
929 2474 1075 2543 oratione
1100 2473 1280 2566 praemissa,
1304 2478 1432 2563 coeptus

308 2583 473 2654 electionis
495 2605 685 2675 processus;
710 2606 747 2650 ae
762 2582 891 2652 duobus
914 2583 948 2652 in
965 2582 1109 2652 medium
1122 2582 1261 2668 statutis,
1280 2580 1433 2648 Bernaba

308 2700 340 2760 et
352 2689 503 2778 Matthia,
521 2713 591 2758 sors
604 2689 720 2758 cecidit
730 2712 830 2783 super
845 2691 1026 2760 Matthiam.

353 2798 471 2866 Modus
498 2797 554 2866 ille
579 2797 745 2866 electionis
772 2823 830 2891 per
853 2808 972 2868 sortem
996 2799 1030 2867 in
1053 2797 1301 2868 desuetudinem
1323 2797 1431 2882 abiit;

308 2910 376 2978 imo
402 2908 586 3000 prohibitus
613 2916 724 2998 postea
745 2908 808 2977 luit
836 2911 918 3003 (cap.
943 2910 1102 2997 Ecclesia,
1122 2910 1163 2978 de
1175 2909 1347 2998 sortileg.).
1365 2908 1433 2998 lpsi

310 3019 407 3086 etiam
438 3016 587 3108 Apostoli
607 3016 750 3109 reliquas
777 3019 985 3109 postmodum
1012 3019 1203 3104 electiones,
1233 3018 1281 3085 uti
1308 3025 1432 3109 septem

312 3127 538 3214 diaconorum,
554 3149 620 3195 non
636 3129 869 3198 commiserunt
883 3130 974 3216 sorti,
992 3129 1048 3197 sed
1063 3129 1239 3218 suffragiis.

356 3237 398 3304 Il.
428 3235 560 3326 Septem
577 3233 789 3305 diaconorum
815 3237 976 3306 ordinatio
1001 3246 1111 3306 ortum
1133 3237 1246 3304 hahuit
1266 3237 1433 3305 occasione

313 3343 495 3414 murmuris
530 3342 743 3430 Graecorum,
785 3345 874 3436 quod
897 3345 1138 3437 despicerentur
1173 3369 1285 3415 eorum
1326 3345 1434 3415 vidue

318 3454 402 3545 (Act.
428 3455 471 3543 6).
501 3452 593 3520 Tunc
619 3452 739 3522 scilicet
762 3454 890 3540 viduae,
917 3462 1073 3546 tanquam
1089 3454 1231 3522 seniores
1250 3462 1282 3522 et
1299 3463 1435 3522 matres-

313 3561 468 3648 familias,
498 3560 729 3630 ministrahant
757 3562 922 3654 Apostolis
951 3571 983 3631 et
1009 3563 1159 3632 fidelihus
1188 3562 1229 3631 ad
1254 3561 1377 3630 victum
1404 3575 1438 3630 et

313 3671 468 3740 vestitum
481 3671 663 3739 necessaria
685 3693 727 3738 ex
751 3671 807 3758 iis,
832 3693 906 3763 quae
921 3670 1032 3739 fideles
1047 3672 1081 3739 in
1100 3693 1272 3740 commune
1287 3671 1437 3739 contule-

314 3789 401 3849 rant.
425 3778 573 3847 Hehraeae
595 3787 701 3847 eutem
729 3778 938 3848 honoratiora
959 3779 1044 3848 circa
1059 3777 1131 3848 haec
1146 3778 1251 3847 officie
1264 3778 1327 3846 sibi
1342 3799 1437 3846 arro-

312 3890 453 3980 gabant,
483 3887 605 3956 Graecis
634 3895 742 3956 autem
769 3887 885 3956 viliora
919 3895 1046 3956 tantum
1081 3887 1328 3980 relinquelrent3
1360 3887 1437 3954 indo

318 4019 470 4066 murmur
483 3996 688 4065 Graecorum.

360 4105 429 4173 Hoc
459 4112 495 4174 ut
525 4103 674 4172 sedarent
697 4105 843 4196 Apostoli
865 4105 1001 4192 collecti,
1028 4105 1141 4174 fideles
1164 4105 1380 4174 hortabantur
1401 4116 1439 4173 ut

184 4263 187 4268 -
315 4213 473 4305 eligerent
504 4219 626 4304 septem
658 4213 810 4284 diaconos
838 4215 896 4307 qui
919 4214 1087 4306 digniores
1108 4224 1226 4302 essem,
1250 4215 1285 4281 in
1309 4239 1391 4308 quos
1419 4239 1439 4282 a
