3050 4946
281 440 340 506 ut
634 460 809 510 inscissus
832 465 870 509 nc
894 463 1047 510 eniscnns

276 601 334 666 ubi
351 621 415 666 vox
432 597 558 668 diurnis
576 601 662 669 idern
687 604 801 694 procul
824 603 924 672 dubio
947 605 1111 694 significat
1130 626 1166 669 ac
1183 598 1407 694 quotidianis.

322 712 397 779 {deo
420 705 529 779 aut'cm
554 711 635 780 liber
658 713 703 778 sic
726 713 901 802 inscriptus
925 710 1026 779 fuisse
1048 710 1190 796 videtur,
1213 709 1300 802 quud
1327 711 1411 778 for-

276 819 394 906 mulas,
419 841 559 911 quarum
587 819 739 910 frequens
762 842 818 888 seu
847 819 1059 911 quotidianus
1082 841 1162 887 usus
1186 828 1265 904 erat,
1291 819 1411 886 conti-

276 935 378 995 neret.

318 1033 406 1116 Quid
433 1057 511 1104 vero
537 1035 620 1103 liber
647 1037 729 1126 ipse,
754 1037 800 1103 sic
830 1035 983 1103 describit
1014 1035 1192 1104 Gar-uerius
1218 1063 1224 1102 :
1252 1037 1412 1104 Romani

273 1143 394 1211 Diumi
422 1143 553 1211 nomine
579 1142 768 1235 appellatur
797 1143 898 1212 rodco
927 1145 962 1211 in
991 1167 1065 1235 quo,
1087 1156 1212 1234 preter
1232 1143 1410 1233 formulas

274 1251 444 1332 scribendi,
475 1251 591 1344 quibus
614 1265 716 1334 sesto,
742 1253 942 1344 septimoque
966 1265 996 1320 et
1022 1265 1135 1320 octauo
1161 1252 1275 1320 secuto
1297 1263 1410 1342 atquc

276 1361 377 1429 etiarn
393 1385 477 1430 nono
492 1363 616 1429 summi
632 1363 801 1452 Pontifices
817 1363 869 1430 uti
880 1363 1028 1442 solerent,
1046 1363 1251 1430 continentur
1265 1361 1408 1452 insuper

276 1467 496 1536 ordinationes
516 1469 640 1536 summi
663 1469 830 1559 Pontificis
852 1483 882 1536 et
902 1469 1058 1561 Episcopi
1075 1469 1301 1548 suburbicarii,
1319 1491 1407 1535 curn

275 1577 342 1642 suis
368 1577 518 1644 omnibus
541 1576 720 1668 adjunctis,
744 1577 962 1668 professiones
985 1576 1076 1668 fidei,
1097 1576 1287 1667 privilepia,
1303 1599 1405 1666 prae-

275 1696 379 1772 cepto‚
398 1685 620 1765 concessiones,
639 1684 771 1776 aliaque
790 1684 983 1776 brrjusmodi
995 1709 1060 1752 non
1071 1707 1193 1777 pauco.

787 2017 882 2106 gv.

470 2209 578 2268 Quinum
596 2211 656 2260 otim
675 2211 833 2260 mentionem
851 2211 959 2261 iecerint
975 2211 1007 2260 dc
1024 2211 1090 2260 libro
1108 2211 1213 2260 Diurno.

323 2449 353 2512 1ο
369 2446 425 2513 lvo
439 2445 649 2514 Cornutensis
665 2446 804 2536 (Decreti
827 2456 917 2538 perte
935 2451 966 2531 t,
983 2468 1053 2537 cup.
1074 2446 1147 2535 132)
1164 2445 1209 2512 sic
1226 2468 1266 2512 eo:
1287 2445 1398 2513 libello

275 2555 404 2622 Diurno
421 2552 519 2619 refert
534 2562 656 2644 purtem
674 2553 884 2643 professionis
906 2553 982 2620 fidei
999 2575 1098 2643 quem
1116 2561 1187 2644 post
1204 2551 1397 2620 electionem

276 2645 367 2729 suern
390 2660 536 2726 solebant
551 2659 690 2726 Bouiani
708 2659 883 2727 Pontifices
895 2661 1042 2728 emittere
1061 2687 1067 2726 ι
1086 2662 1212 2726 Sancta
1234 2671 1305 2726 octo
1319 2660 1398 2726 roti-

276 2767 415 2835 uersalia
431 2766 579 2844 concilia,
593 2765 629 2833 id
642 2779 686 2833 est
702 2768 715 2833 1
730 2767 900 2835 Nicanore
973 2767 1020 2836 ad
1033 2789 1136 2834 unum
1152 2788 1253 2856 usque
1267 2767 1397 2854 apicem

275 2875 481 2943 immutilata
496 2897 635 2955 seruare,
655 2887 686 2941 et
699 2876 782 2967 pari
802 2875 925 2944 bonore
939 2888 970 2942 et
984 2874 1192 2942 veneratione
1207 2873 1309 2964 dipna
1331 2874 1396 2940 ba-

275 2985 359 3068 bere,
377 2995 408 3050 et
429 3005 502 3074 qua
526 2981 752 3072 praedicanerit
773 2997 802 3050 et
829 2996 1015 3052 statuerunt
1038 2982 1236 3050 omnimodis
1250 2983 1342 3072 sequi
1363 2996 1396 3048 et

270 3092 471 3184 predicare·
487 3113 622 3181 quicque
635 3091 943 3172 condemnaverunt,
956 3115 1010 3159 ore
1026 3103 1057 3159 et
1071 3090 1166 3158 corde
1179 3089 1397 3158 condemnare

268 3201 442 3292 profiteor.
473 3198 563 3266 idem
589 3207 746 3290 praetcree
771 3201 840 3284 ive,
865 3201 899 3266 in
927 3200 1062 3291 epistola
1085 3203 1126 3266 60
1150 3198 1192 3265 ad
1218 3199 1395 3288 Hngonem

274 3307 527 3396 Lugdunensem
551 3306 828 3398 archiepiscopum
856 3311 921 3375 :tn
943 3308 1026 3375 libro
1050 3329 1176 3398 quoque
1196 3306 1394 3395 Pontificum

276 3418 334 3507 qui
357 3416 478 3484 dicitur
501 3415 658 3493 Dimum,
685 3413 734 3482 ita
759 3417 943 3484 continetur
968 3416 1006 3484 de
1025 3416 1227 3506 professione
1253 3416 1397 3482 Romani

276 3524 443 3615 Pontificis
460 3550 470 3590 .·
486 3524 574 3592 nibil
587 3524 626 3592 de
645 3523 823 3592 traditione
844 3548 946 3615 quam
966 3549 987 3594 a
1007 3525 1246 3615 probatissimis
1264 3523 1394 3614 prude-

274 3633 447 3702 cessoribus
471 3633 550 3700 meis
572 3632 733 3701 traditam
755 3647 786 3700 et
810 3647 976 3701 servatam
1003 3633 1119 3723 reperi,
1138 3631 1321 3700 diminuere
1345 3634 1398 3699 uel

277 3754 417 3809 mutare.

321 3855 353 3916 2ο
367 3849 541 3917 Gratianus
559 3849 783 3939 (Distinctione
810 3854 863 3934 16,
879 3873 907 3918 c.
925 3850 1062 3940 Sancta)
1083 3878 1090 3917 :
1109 3853 1193 3919 Item
1209 3872 1250 3917 es
1267 3849 1392 3916 memo

273 3958 355 4028 libro
378 3958 536 4050 professio
559 3960 701 4026 Romani
724 3959 901 4050 Pontificis.
933 3961 1009 4026 Post
1033 3959 1121 4026 hunc
1146 3959 1276 4026 titulum
1302 3960 1392 4048 ponit

274 4068 448 4137 Gratianus
476 4065 588 4134 eadem
616 4091 691 4157 quie
719 4067 815 4136 modo
840 4091 881 4136 ex
907 4068 1007 4136 lvone
1034 4067 1310 4158 transcripsimus.
1340 4067 1392 4134 Ad

274 4175 362 4246 hunc
380 4174 525 4244 Gratiani
547 4173 654 4242 locum
678 4184 875 4244 correctores
892 4175 1032 4244 Romani
1052 4175 1112 4266 (illi
1138 4197 1255 4265 nempe
1275 4175 1391 4267 quiex
