3064 4952
348 545 409 608 tlt
700 555 875 605 macrinus
898 557 935 602 os
958 553 1112 602 earucrrus

347 698 537 786 recusando,
551 698 639 787 leges
655 696 835 788 pontificias
851 697 885 763 in
898 695 1040 763 nihilum
1054 716 1113 785 pro
1123 693 1221 762 libitu
1233 713 1293 760 suo
1303 689 1461 780 redigere.

347 809 435 897 fflgo
460 807 486 873 si
506 804 685 874 necessaria
709 803 791 874 loret
803 828 845 872 ex
856 804 930 895 jure
946 802 1087 871 naturali
1103 799 1323 892 promulgatio
1337 798 1374 864 in
1391 820 1462 890 pro-

347 912 476 1000 vinciis,
494 912 617 1006 sperari
632 935 649 979 e
664 923 777 981 contra
792 920 899 1004 posset
908 920 940 979 et
953 910 1084 979 deberet
1096 909 1249 1001 frequens
1259 906 1374 995 legum
1387 927 1465 997 pon-

347 1021 523 1090 tificiarum
543 1020 772 1108 inobservatio,
796 1019 991 1111 contemptio
1015 1025 1047 1087 et
1066 1015 1257 1088 annullatio.
1280 1014 1322 1082 Et
1335 1015 1372 1083 in
1386 1013 1467 1081 banc

345 1130 455 1220 legum
483 1128 726 1221 pontificiarum
749 1127 955 1196 arbitrariam
983 1149 1040 1220 per
1062 1125 1223 1219 principes
1246 1123 1425 1192 saeculares
1439 1129 1468 1189 et

345 1236 523 1329 Episcopus
550 1235 807 1305 annullationem
834 1243 866 1303 et
889 1235 1105 1303 irritationem
1121 1231 1296 1302 intendunt
1309 1230 1467 1324 praecipui

346 1367 388 1414 ox
412 1345 646 1414 recentioribus
672 1344 842 1434 theologis,
872 1343 928 1435 qui
954 1351 1044 1411 tanto
1057 1343 1227 1412 conamine
1252 1339 1468 1409 necessariam

347 1453 386 1522 de
397 1455 466 1543 juri
479 1453 621 1522 naturali
633 1452 668 1520 in
682 1453 862 1544 provinciis
874 1451 1172 1544 promulgationem
1183 1448 1379 1520 defendunt.

346 1573 360 1618 f
392 1565 424 1628 t·
441 1560 587 1651 Objcctio
606 1559 701 1628 :Nisi
717 1561 773 1628 fiat
787 1560 1008 1653 promulgatio
1028 1560 1064 1628 in
1077 1559 1269 1652 provinciis,
1286 1557 1344 1626 alii
1362 1558 1468 1648 legem

348 1676 576 1759 cognoscentes
594 1666 840 1758 obligabantur,
868 1668 1056 1736 nullatenus
1081 1667 1244 1735 obstrictis
1267 1665 1344 1734 aliis
1364 1665 1469 1754 legem

348 1776 591 1867 ignorantibus;
615 1776 712 1868 idque
733 1799 799 1846 non
824 1779 860 1845 in
884 1777 1024 1846 diversis
1046 1777 1125 1845 locis
1139 1783 1278 1863 tantum,
1300 1774 1359 1844 sed
1374 1775 1468 1842 etiam

348 1885 383 1952 in
410 1884 522 1953 eadem
543 1883 684 1972 diocesi,
712 1884 840 1954 civitate
860 1893 891 1953 et
914 1906 1011 1977 pago.
1029 1882 1325 1976 -Respondetur,
1344 1883 1467 1975 primo,

349 2014 414 2061 non
428 1989 556 2060 officere
571 2013 667 2084 scopo
690 1992 885 2082 legislatoris
900 2001 931 2062 et
945 1993 1031 2062 bono
1044 1991 1208 2081 Ecclesia,
1225 1990 1377 2060 notitiam
1393 1990 1470 2080 legis

347 2125 366 2168 a
390 2098 541 2169 fidelibus
567 2099 691 2192 acquiri
722 2109 849 2170 tantum
876 2101 963 2169 intra
993 2101 1133 2192 spatium
1152 2098 1284 2193 aliquod
1297 2099 1466 2193 temporis,

347 2219 379 2277 et
398 2231 465 2278 non
486 2207 678 2278 simultanee
700 2209 812 2278 eodem
834 2210 886 2277 die
908 2219 940 2277 et
956 2209 1048 2277 hora.
1071 2209 1155 2278 Nam
1167 2209 1265 2277 etiam
1279 2207 1339 2294 sic,
1357 2230 1467 2276 omnes

346 2316 492 2409 ejusdem
521 2316 664 2408 regionis
695 2316 806 2386 lideles
834 2317 926 2386 brevi
955 2318 1104 2386 notitiam
1136 2316 1225 2386 illam
1250 2316 1429 2407 acquirunt
1442 2323 1469 2380 et

348 2426 475 2494 decreto
500 2424 661 2513 ligantur3
682 2423 807 2516 hocque
830 2425 936 2502 solum
966 2425 1106 2494 intendit
1130 2423 1296 2517 legislator
1320 2432 1356 2492 et
1370 2423 1468 2516 poscit

350 2535 500 2603 Ecclesiae
529 2534 665 2602 utilitas.
700 2534 863 2616 Secundo,
899 2535 994 2604 etiam
1024 2559 1081 2625 per
1107 2533 1409 2626 promulgationem
1439 2533 1469 2599 in

348 2641 537 2733 provinciis,
566 2663 632 2709 non
653 2664 766 2711 omnes
790 2640 904 2710 codem
928 2650 1094 2710 momento
1116 2642 1222 2732 legem
1238 2649 1470 2730 cognoscerent

350 2757 381 2817 et
413 2749 649 2838 obligarentur,
685 2750 763 2842 quia
794 2772 861 2819 non
890 2759 1027 2842 possunt
1055 2771 1168 2817 omnes
1196 2749 1332 2817 omnino
1359 2748 1469 2817 eadem

349 2859 430 2928 hora
445 2859 652 2948 congregari.
681 2860 721 2927 Et
736 2868 896 2951 praeterea
910 2860 1035 2928 etiamsi
1051 2858 1271 2950 promulgatio
1285 2859 1319 2926 in
1336 2858 1469 2949 provin·

350 2966 409 3034 ciis
428 2966 663 3058 requireretur,
688 2990 753 3036 non
780 2968 962 3036 necessaria
981 2976 1064 3036 esset
1086 2967 1149 3034 nisi
1170 2967 1205 3033 in
1220 2965 1355 3034 matrice
1371 2965 1469 3034 eccle·

352 3074 400 3142 sia
430 3074 691 3166 uniuscujusque
716 3075 945 3170 episcopatus:
969 3100 986 3140 o
1010 3075 1058 3142 De
1085 3073 1212 3163 legibus
1237 3082 1347 3141 autem
1378 3071 1470 3164 Epis-

357 3210 374 3248 «
395 3203 564 3274 coporum,
595 3183 640 3250 ait
668 3183 801 3271 Suarez,
835 3183 1043 3252 manifestum
1074 3191 1122 3250 est
1149 3181 1295 3251 sufficere
1323 3190 1471 3273 prototo

357 3289 584 3380 aepiscopatu
606 3311 770 3382 eamque
795 3289 832 3358 fit
850 3291 884 3358 in
910 3291 1052 3359 matrice.
1080 3317 1097 3355 u
1119 3291 1178 3380 (Dc
1207 3289 1357 3379 Lepidus,
1390 3288 1414 3357 l.
1441 3293 1470 3374 l,

354 3421 382 3465 e.
411 3419 469 3483 xv,
496 3404 532 3464 n⁰
561 3400 606 3487 8.)
634 3396 699 3466 Sed
727 3398 1023 3489 promulgationem
1045 3399 1079 3465 in
1105 3397 1240 3466 ecclesia
1260 3398 1395 3466 matrice
1410 3419 1473 3464 non

352 3513 488 3596 possunt
507 3504 616 3572 statim
632 3504 738 3594 legem
754 3527 948 3594 cognoscere
961 3528 1074 3574 omnes
1088 3505 1234 3574 dioecesis
1250 3504 1380 3592 fidclcs;
1397 3526 1472 3593 ergo

352 3613 436 3680 redit
450 3613 683 3681 inconveniens
697 3613 870 3702 objectum.
892 3614 1010 3696 Tertio,
1024 3613 1257 3683 inconveniens
1271 3613 1354 3680 illud
1371 3613 1473 3680 multo

353 3721 458 3811 magis
480 3721 602 3790 orietur
622 3723 788 3814 supposita
801 3721 1074 3813 promulgationis
1088 3722 1122 3789 in
1138 3721 1315 3814 provinciis
1329 3720 1473 3790 necessi-

354 3838 419 3898 tate
441 3856 447 3896 :
473 3851 549 3897 nam
571 3829 607 3897 in
631 3851 698 3898 uno
721 3851 824 3920 regno
840 3838 979 3922 potestas
995 3831 1159 3900 secularis
1179 3828 1472 3922 promulgationem

356 3938 556 4025 concederet,
578 3938 613 4004 in
637 3939 737 4008 altero
759 3941 930 4032 impediret
949 3969 956 4008 :
973 3941 1051 4009 item
1076 3941 1111 4008 in
1135 3939 1247 4009 eodem
1273 3960 1374 4028 regno
1387 3961 1473 4007 unus

355 4047 535 4138 Episcopus
564 4044 798 4136 promulgaret,
827 4047 909 4115 alter
937 4070 1004 4115 non
1032 4047 1273 4138 promulgaret;
1302 4046 1392 4114 etsie
1407 4067 1471 4112 non

356 4162 482 4223 tantum
497 4175 554 4246 per
567 4152 690 4244 aliquot
706 4155 775 4223 dies
787 4163 846 4224 aut
861 4177 986 4225 menses
995 4158 1172 4226 existerent
1183 4155 1377 4224 simultanee
1388 4154 1471 4222 obli-

357 4264 424 4354 gnti
441 4271 472 4328 et
487 4283 554 4329 non
564 4261 711 4352 obligati,
728 4263 784 4330 sed
797 4273 1026 4354 permanenter
1041 4264 1237 4334 stabiliretur
1256 4261 1471 4332 discordantia
