3072 4948
535 487 616 532 sunrs
640 487 791 534 canonici.
1160 471 1221 536 lot

99 642 291 698 nestrorum
306 630 509 719 eculpatum,
527 627 688 696 nimirum
703 626 863 695 adsolum
878 629 1015 698 ecclesia
1025 631 1225 701 cathedralis

92 737 285 830 paredrum
304 735 445 828 infirmis
466 735 600 817 elenu,
626 735 764 826 aliisque
782 733 1001 806 sacerdotibus
1014 739 1222 808 sacularibus

100 846 346 939 aprotmetibus,
376 859 407 914 et
431 846 467 914 iu
491 865 696 937 quarumque
713 843 878 936 parocbia
902 845 1123 931 existentibus,
1151 871 1224 918 om-

99 956 195 1025 nium
209 966 490 1024 saerammtorum
504 951 826 1022 administrationem
839 964 985 1045 spectare
996 967 1027 1022 et
1037 955 1202 1047 pertinere
1212 985 1222 1023 :

99 1064 223 1156 quippe
260 1061 350 1156 quod
385 1059 656 1130 innumorabilis
690 1060 847 1152 temporis
880 1061 1113 1131 consuetudine
1145 1065 1226 1133 satis

100 1195 263 1266 superque
287 1169 452 1239 vallatum
470 1183 502 1237 et
522 1170 698 1260 firmatum
714 1191 778 1238 esse
793 1170 1010 1262 comperimus
1013 1222 1079 1239 .....
1099 1173 1225 1264 Siquis

101 1305 179 1350 vcro
192 1281 374 1373 quidquam
393 1279 429 1347 in
442 1279 649 1347 contrarium
663 1289 830 1346 attentare
841 1281 1102 1371 presumpserit,
1114 1287 1225 1376 poenis

101 1391 270 1460 arbitratu
294 1403 405 1458 uestro
426 1389 598 1481 afficietur.
623 1389 720 1456 Anno
742 1392 825 1457 lost
843 1388 982 1458 aliarum
997 1391 1224 1482 parochiarum

103 1508 245 1568 recures
264 1519 374 1566 coram
396 1495 573 1586 Eugubino
590 1495 748 1587 Episcopo
768 1496 858 1564 litem
873 1495 913 1564 ad
929 1495 1121 1568 abolendum
1137 1523 1226 1593 prae-

103 1607 224 1678 dictam
242 1605 510 1677 cousuetudinem
532 1612 724 1688 moverunt;
748 1604 805 1673 sed
820 1605 999 1698 Episcopus
1013 1617 1126 1677 contre
1140 1609 1227 1702 ipsos

104 1717 297 1787 sententiam
323 1715 409 1784 tulit.
440 1714 492 1782 Ab
518 1713 574 1782 illo
594 1711 720 1804 judicio
740 1713 946 1806 appellarunt
965 1715 1113 1806 parochi,
1133 1728 1166 1788 at
1181 1719 1227 1788 sic

104 1849 204 1896 causa
225 1827 267 1894 ad
288 1823 583 1915 congregationem
603 1821 743 1892 Concilii
762 1821 868 1892 delate
882 1830 941 1893 est.
957 1824 1104 1895 Dubium
1117 1835 1227 1897 auum

105 1936 152 2005 sio
172 1935 374 2027 propositum
397 1941 446 2002 est
463 1960 470 2001 :
488 1935 539 2002 An
549 1933 696 2024 parocho
720 1933 918 2002 cathedralis
938 1934 1087 2025 Eupubii
1100 1935 1228 2006 licitum

105 2046 149 2112 sit
167 2043 418 2112 subministrare
435 2053 644 2110 sacramenta
656 2039 911 2132 quibuscumque
924 2041 1047 2110 clericis
1066 2055 1097 2111 et
1117 2066 1227 2114 socer-

106 2151 236 2221 dotibus
257 2150 398 2238 infirmis
420 2162 450 2217 et
464 2149 500 2217 iu
515 2148 633 2217 alienis
642 2148 811 2240 parochiis
832 2150 1112 2220 commorantibus
1127 2154 1228 2222 etiam

101 2261 269 2353 privative
283 2259 329 2328 ad
340 2259 515 2352 proprium
524 2257 714 2350 parocbum
728 2257 1010 2326 domiciliarium?
1031 2261 1222 2351 ACongre·

106 2368 236 2460 gatione
260 2367 306 2435 ita
331 2367 479 2435 decisum
503 2376 577 2435 est:
602 2365 772 2456 Nepotiue,
797 2378 828 2434 et
842 2379 987 2458 spectare
1001 2368 1169 2459 privative
1184 2370 1231 2439 ad

103 2478 267 2571 parochos
293 2476 585 2546 domiciliorios—
600 2473 800 2567 etamplius.
827 2475 891 2544 Ubi
915 2475 1064 2546 videmus
1087 2499 1228 2549 consue-

107 2586 256 2656 tudinem
288 2585 378 2654 illam
416 2583 552 2652 concilio
590 2581 782 2674 Tridentino
808 2583 1018 2672 contrariam,
1048 2608 1109 2677 pro
1139 2588 1229 2657 nulla

108 2694 252 2763 habitam
273 2693 373 2763 luisse
392 2715 411 2762 a
433 2715 524 2762 sacra
541 2692 813 2782 congregatione.
839 2692 1022 2762 Fatendum
1040 2703 1147 2765 tamen
1162 2719 1228 2767 non

108 2804 243 2873 omnino
256 2803 381 2894 liquere
395 2825 435 2870 er
450 2809 617 2888 contextu,
632 2809 745 2870 utrum
756 2801 974 2892 Congrcgalic
986 2803 1108 2874 lactum
1120 2807 1229 2898 ipsum

107 2909 355 2982 consuetudinis
370 2919 523 3002 tanquam
547 2917 671 2978 camum
686 2909 847 2978 babuerit.
863 2910 959 2979 Unde
972 2911 1119 2983 absolute
1129 2915 1230 3007 objici

108 3029 216 3113 posset
240 3019 317 3087 huic
334 3018 497 3110 exemplo,
523 3017 658 3086 lorsilan
680 3017 827 3086 decisum
850 3017 951 3088 luisse
974 3021 1227 3092 contradictum

109 3125 389 3211 consuetudinem,
411 3125 489 3216 quia
511 3123 551 3192 de
570 3123 626 3192 illa
648 3147 714 3193 non
738 3124 816 3192 satis
835 3125 1010 3195 constabat.
1037 3127 1107 3196 Hoc
1121 3136 1229 3198 lamen

109 3236 169 3304 vix
194 3241 242 3303 est
269 3233 435 3325 probabile
465 3233 507 3301 ob
535 3231 699 3302 decretum
728 3232 883 3324 synodale
911 3234 1006 3304 modo
1034 3235 1172 3306 relatum
1200 3247 1232 3306 et

108 3365 257 3411 asserens
271 3323 539 3411 consuetudinem
556 3348 676 3410 certam
693 3361 762 3409 esse
776 3348 809 3409 et
827 3342 1128 3412 immemorabilem.

154 3453 192 3520 ln
207 3473 303 3519 causa
317 3448 508 3538 Tergestiua
527 3445 578 3538 (de
594 3446 731 3537 Trieste)
749 3470 825 3539 quas
841 3447 947 3517 decisa
961 3448 1023 3518 luit
1036 3453 1077 3517 23
1095 3472 1230 3522 novem-

109 3561 179 3629 bris
201 3561 298 3645 1850,
327 3558 413 3626 inter
434 3557 498 3625 alia
520 3557 763 3648 proponebatur
788 3554 868 3624 illud
890 3555 1029 3625 dubium
1048 3583 1056 3625 ε
1077 3561 1108 3624 5·
1129 3562 1180 3628 An
1199 3574 1232 3629 et

109 3666 272 3760 quomodo
296 3678 446 3735 teneatur
464 3664 646 3757 Episcopus
663 3675 796 3755 partem
813 3661 980 3732 redituum
993 3665 1231 3756 capitularium

107 3775 307 3846 cathedralis
331 3773 523 3865 Terpestinn
542 3773 709 3864 assipnare
726 3794 791 3863 pro
813 3769 1094 3842 distributionibus
1118 3778 1231 3867 quoti-

109 3884 232 3966 dianis.
256 3882 309 3950 Ex
328 3881 426 3971 longa
449 3879 569 3948 scilicet
594 3877 827 3948 consuetudine
847 3878 993 3950 canonici
1008 3879 1109 3972 hujus
1123 3883 1233 3953 cathe-

109 3993 210 4063 dralis
226 4013 292 4060 non
306 3989 522 4060 observabant
536 3975 699 4058 decretum
720 3987 948 4058 Tridentiuum
966 4011 1031 4082 quo
1046 3993 1235 4085 precipitur

109 4108 147 4171 nt
164 4101 260 4170 tertia
284 4120 359 4191 pars
379 4095 544 4166 redituum
566 4097 600 4164 in
616 4118 789 4166 commune
805 4106 995 4190 reponatur,
1014 4097 1114 4167 choro
1127 4102 1232 4170 assis-

111 4208 259 4279 tentibus,
280 4204 423 4300 quotidie
451 4203 686 4274 distribuenda.
710 4203 813 4274 Porro
836 4203 1162 4296 SecraCongregalio
1184 4217 1234 4280 to-
