3068 4948
279 465 341 530 250
632 483 806 530 inacessas
828 483 866 529 os
889 481 1041 550 enumeris

322 623 737 694 annosos-Habemus
748 623 970 714 fragmentum
982 623 1126 714 epistolas
1137 621 1269 692 Damasi
1279 623 1398 715 Paprs,'
1525 713 1526 718 ἵ

279 733 315 804 in
333 732 427 824 cnjus
441 733 506 802 fine
525 733 570 802 its
589 731 709 824 legitur
726 759 733 800 :
751 731 898 825 Ecplicit
918 732 987 802 linc
1007 731 1144 824 epistola
1167 731 1220 802 uel
1236 732 1397 826 expositio

279 841 395 934 synodi
408 846 576 931 Romana,
593 841 715 912 babitu
731 844 790 910 sub
807 845 951 910 Damaso
973 845 1080 934 Papa,
1097 854 1128 910 et
1145 842 1335 912 transmissa
1350 843 1400 910 ad
1524 827 1526 892 ἑ

283 951 448 1020 Orientem
456 977 469 1034 ‚·
493 951 528 1018 in
556 973 621 1042 qua
650 951 757 1018 omnis
784 949 953 1018 orientalis
977 949 1132 1032 Ecclesia,
1152 952 1244 1042 sacta
1270 949 1399 1041 synodo
1525 975 1526 1038 3

279 1059 372 1151 apud
383 1061 604 1143 Antiochiam,
618 1083 758 1130 cortsona
769 1060 837 1152 fide
849 1060 1023 1143 credentes,
1035 1072 1065 1128 et
1078 1081 1189 1128 omnes
1201 1059 1250 1126 ita
1264 1082 1399 1128 conseri-

279 1169 403 1252 tientes,
428 1169 532 1238 eidem
556 1170 808 1262 superaepositn
829 1169 911 1260 fidei
932 1167 1055 1257 sinpuli
1077 1191 1138 1236 sua
1163 1167 1401 1260 subscriptione
1525 1223 1526 1250 ἶ

277 1278 515 1368 confirmant...
539 1277 702 1346 Similiter
724 1290 754 1346 ct
777 1277 839 1345 alii
861 1279 922 1344 166
946 1275 1118 1346 orientales
1139 1275 1295 1368 Episcopi
1317 1277 1400 1345 sub-
1525 1311 1526 1374 3

276 1388 486 1481 scripserunt,
518 1385 658 1479 quoru'm
693 1386 885 1478 subscriptio
913 1386 950 1454 in
977 1385 1204 1454 outbcnticum
1237 1383 1333 1454 bodie
1363 1387 1403 1454 in'
1525 1409 1526 1416 ¹

278 1495 419 1564 archivis
431 1499 586 1564 Romana
599 1495 749 1564 Ecclesia
763 1506 902 1562 tenetur.
923 1491 1102 1584 (Constant,
1116 1489 1211 1580 ibid,
1225 1492 1286 1560 ool.
1304 1497 1381 1562 500.
1388 1524 1396 1582 p
1525 1543 1526 1592 p

322 1605 420 1672 Anno
436 1606 511 1670 385.
525 1640 569 1655 -
582 1602 717 1671 Sicinius
730 1603 819 1695 Papa
829 1600 975 1669 Himerio
987 1599 1220 1669 Tarraconensi
1234 1599 1400 1692 Episcopo

279 1715 413 1780 mandat
435 1720 470 1780 ut
492 1711 615 1782 caeteris
641 1711 809 1805 Episcopis
832 1709 1053 1780 communicet
1079 1709 1272 1778 decretalem
1295 1733 1400 1802 quam

278 1820 443 1912 adipsum
460 1821 557 1889 mittit
577 1848 585 1888 :
603 1824 681 1889 Herc
700 1841 772 1911 quae
795 1819 842 1888 ad
858 1831 917 1887 tua
940 1819 1163 1910 rescripsimus
1184 1819 1343 1900 consulto,
1363 1819 1399 1887 in

277 1930 426 2000 omnium
447 1930 708 2023 coepiscoponcm
729 1941 917 1998 nostrorum
932 1928 1075 2019 perferri
1089 1929 1196 2019 socias
1215 1927 1397 2009 notionem,

279 2051 310 2108 et
323 2061 388 2106 uon
407 2038 513 2108 solum
538 2060 651 2106 eorum
673 2037 732 2129 qui
752 2037 789 2104 in
808 2049 867 2104 tua
889 2049 965 2104 sunt
991 2035 1121 2104 dioecesi
1144 2035 1324 2117 constituti,
1339 2036 1403 2104 secl

278 2146 449 2216 etiamad
477 2145 640 2216 uniuersos
672 2145 953 2235 Cartbaqincnses‚
977 2167 1016 2213 ac
1041 2143 1191 2227 Baeticos,
1219 2143 1400 2214 Lusitanos

279 2267 377 2346 atque
394 2253 559 2336 Gallieios,
577 2255 629 2323 vel
649 2277 700 2323 cos
722 2254 782 2346 qui
797 2253 912 2322 uicinis
935 2251 996 2321 tibi
1012 2252 1211 2322 collimitant
1230 2252 1403 2322 hincinde

272 2365 464 2456 prouinciis,
478 2366 547 2434 bcec
558 2387 630 2457 quae
641 2389 662 2433 a
674 2364 766 2433 nobis
777 2377 854 2432 sunt
867 2363 993 2432 salubri
1003 2363 1208 2432 ordinatione
1222 2364 1396 2453 disposita,

279 2474 337 2542 sub
364 2474 550 2542 litterarum
576 2487 712 2542 tucrum
736 2471 962 2564 prosecutione
991 2472 1180 2541 mittantur.
1212 2472 1397 2564 (Constant,

279 2581 373 2669 ibid,
387 2581 447 2650 col.
470 2583 559 2672 637.)

323 2691 421 2760 Anno
443 2695 518 2759 989.
540 2729 584 2744 -
605 2691 695 2760 Idem
718 2689 854 2759 Siricins
876 2691 965 2780 Papa
987 2689 1115 2783 scripsit
1135 2689 1177 2759 nd
1203 2691 1397 2782 Episcopos,

275 2822 336 2890 per
359 2800 481 2889 fratres
509 2812 539 2867 et
568 2799 840 2891 compresbyteros
883 2799 1095 2882 Crescentem,
1129 2798 1338 2890 leopardum
1366 2815 1399 2869 et

278 2907 514 2990 Alexandrum,
547 2908 587 2977 de
624 2907 893 2976 condemnatione
927 2907 1104 2995 loriniani,
1133 2931 1173 2976 ne
1204 2908 1400 2999 ipnorantio
1524 2967 1525 2978 ,

278 3016 466 3108 cujuspiam
476 3015 661 3099 sacerdotis,
667 3015 888 3108 pessimorum
898 3015 1070 3084 bominum
1082 3015 1263 3084 Ecclesiam
1271 3017 1400 3084 irrum-
1524 2997 1525 3056 l

272 3125 438 3216 pontium,
464 3125 522 3193 sub
551 3125 700 3214 relipioso
721 3123 865 3206 nominc,
884 3123 1034 3214 concupio
1058 3123 1195 3192 violaret
1213 3125 1398 3214 (Constant,
1524 3107 1525 3144 l

278 3233 359 3302 ibid.
381 3232 442 3302 col.
470 3237 533 3302 665
553 3240 584 3300 et
605 3231 696 3322 668).
720 3231 762 3300 Et
783 3232 846 3299 ista
871 3231 1015 3324 Epistola
1038 3254 1058 3300 a
1083 3239 1193 3300 sancto
1220 3231 1400 3301 Ambrosio

277 3343 359 3412 lecta
373 3350 421 3410 est
436 3342 470 3410 in
484 3341 620 3411 concilio
635 3340 866 3410 Mediolanensi
884 3341 1063 3432 (Constant,
1079 3341 1158 3411 ibid.
1177 3343 1239 3411 col.
1258 3343 1347 3432 669).

322 3451 419 3520 Anno
435 3453 511 3518 397.
527 3487 571 3500 -
585 3449 768 3519 Concilium
782 3447 1037 3538 Carthaginense
1058 3447 1093 3517 in
1110 3449 1245 3540 epistola
1263 3450 1400 3518 canoni-

278 3561 340 3629 bus
354 3557 523 3651 praemissa
541 3585 547 3625 :
564 3561 641 3627 Hac
655 3557 825 3626 communi
838 3555 971 3625 consilio
982 3579 1043 3649 per
1055 3556 1242 3646 uniuersam
1251 3557 1400 3646 provin-

279 3671 366 3740 ciam
390 3673 595 3761 szacenam
616 3669 651 3736 in
673 3669 830 3737 notitiam
854 3667 975 3735 cunctis
1002 3665 1188 3736 deducenda
1216 3666 1400 3736 censuimus

283 3778 392 3869 (Cano.
409 3777 583 3865 lietduini,
601 3789 624 3846 t.
641 3778 669 3864 1,
686 3802 719 3869 p.
739 3776 829 3866 969).

325 3887 422 3956 Anno
439 3891 514 3955 lbi.
531 3925 575 3938 -
590 3885 766 3954 Decretalis
779 3883 958 3953 innocentii
975 3885 988 3952 l
1004 3881 1045 3950 ad
1059 3882 1254 3953 victricium
1270 3881 1398 3952 Rhota-

282 4013 468 4086 msgensem
482 3993 699 4086 Episcopum:
714 3993 791 4062 Erit
806 3992 993 4061 Dilectionis
1010 3994 1085 4060 Tuae
1094 4013 1157 4083 per
1165 3990 1277 4083 plebes
1288 3991 1398 4081 finiti-

282 4128 365 4186 mas,
382 4118 412 4173 et
430 4102 667 4174 consacerdotes
689 4114 813 4170 nostros
834 4101 893 4193 qui
910 4101 946 4168 in
964 4100 1029 4168 illis
1050 4099 1234 4191 ropionibus
1250 4099 1399 4192 propriis

283 4214 416 4284 eccesia
423 4211 610 4304 president,
626 4211 815 4303 repuleram
827 4209 911 4278 bunc
923 4207 1043 4277 librum
1055 4208 1150 4300 quasi
1161 4207 1395 4277 didascalicum
