3072 4948
249 431 311 500 39l
606 453 783 500 reinnerus
806 453 844 500 ne
867 453 1021 499 caraunus
1082 443 1085 450 “

246 589 378 671 riorem,
397 592 547 682 priorem
562 592 712 682 wamiis
726 591 766 662 de
781 593 853 682 ipso
869 589 1066 660 mentionem
1079 613 1146 658 uon
1157 589 1262 682 sociat
1277 611 1385 658 reeo-

247 719 322 766 onre
345 709 526 766 noscatur:
550 699 630 790 quia
651 713 762 770 tamen
780 700 928 768 locorum
941 698 1134 790 specialium
1200 709 1389 768 muncru-

246 805 337 876 dines
361 820 391 875 et
411 819 538 876 statuto
611 785 719 900 potiit
738 806 958 900 probabiliter
978 807 1141 897 iqrrorare,
1164 807 1289 899 ipsis...
1307 806 1389 875 na'si

246 939 391 1008 expresse
414 929 570 986 caueatur
593 917 627 986 in
651 918 735 1009 ipso,
758 939 823 984 non
841 915 1039 1008 intelligitur
1057 916 1093 984 in
1111 915 1179 984 ullo
1200 914 1382 1005 decom.

246 1021 282 1091 Si
298 1047 363 1094 nou
377 1033 425 1092 est
440 1023 587 1094 fruenda
602 1023 724 1094 mentio
738 1023 983 1094 constitutionis
997 1023 1116 1116 prioris
1128 1023 1182 1093 cui
1193 1021 1387 1112 derogatur

247 1154 306 1222 per
326 1133 550 1224 posteriorem,
575 1155 655 1222 ergo
679 1155 737 1200 uec
753 1132 993 1224 praeexistentia
1007 1131 1179 1202 contrariae
1194 1137 1388 1200 consuetu-

247 1237 346 1328 dinis,
371 1263 447 1312 cum
467 1239 668 1310 consuetudo
684 1241 754 1310 vim
774 1239 898 1310 habens
915 1241 1062 1334 prolege
1082 1240 1252 1310 habeatnr.
1277 1238 1386 1306 Prae-

248 1355 336 1418 terea
358 1349 498 1420 declarat
518 1349 707 1420 Bonilacius
721 1349 797 1419 vt11
818 1350 942 1442 requiri
967 1350 1168 1418 mentionem
1182 1370 1383 1440 expressam

248 1480 308 1548 pro
331 1457 624 1526 consuetudinibus
644 1457 910 1549 particularibus,
930 1480 972 1527 ex
987 1479 1025 1527 ec
1039 1457 1128 1548 qnod
1145 1456 1210 1524 sint
1224 1456 1384 1549 perticu-

248 1565 334 1634 lares
349 1573 380 1632 et
395 1565 441 1633 sic
456 1566 580 1657 possint
596 1567 741 1657 ignorari
756 1592 776 1636 a
791 1589 922 1638 summo
937 1565 1092 1636 Pontifice
1101 1592 1111 1652 ;
1131 1588 1211 1656 crgo
1225 1565 1382 1657 equiva-

248 1673 354 1742 lenter
377 1673 454 1742 dicit
478 1696 538 1765 pro
561 1675 796 1744 consuetudine
818 1676 961 1766 generali
986 1675 1120 1744 minime
1143 1675 1266 1767 requiri
1286 1674 1382 1742 hanc

251 1803 438 1873 expressam
463 1782 671 1852 mentionem.
699 1783 790 1852 ldem
807 1793 918 1853 annm
939 1784 1000 1852 hac
1020 1784 1143 1853 ratione
1159 1783 1279 1852 invicte
1294 1805 1380 1873 pro-

250 1889 321 1958 bari
342 1897 471 1981 potest:
499 1891 664 1982 legislator
687 1913 752 1960 non
773 1893 930 1983 presumi
950 1899 1054 1984 potest
1068 1893 1220 1982 ignorare
1234 1913 1381 1960 consue-

164 2043 168 2052 ,
250 1994 397 2064 tudinem
412 1997 598 2088 generalem
614 2021 683 2066 suae
699 1998 764 2089 legi
779 2000 959 2092 oppositam
975 2028 982 2078 ;
1006 1999 1094 2092 quod
1110 1998 1143 2066 in
1163 1997 1310 2073 confesso
1325 2011 1380 2066 est

251 2103 338 2197 apud
353 2129 478 2175 omues.
500 2107 535 2176 Si
552 2129 631 2176 vero
647 2106 917 2177 consuetudinem
933 2107 1111 2198 cognoscit,
1130 2106 1181 2176 vel
1199 2107 1269 2175 vult
1281 2106 1380 2175 illam

251 2222 347 2300 stare,
375 2214 428 2282 vel
454 2215 525 2284 vult
551 2213 640 2283 illam
668 2215 836 2284 destruere
862 2243 869 2283 :
898 2217 925 2284 si
949 2215 1054 2308 prius,
1076 2237 1155 2306 crgo
1176 2214 1283 2304 legem
1305 2238 1379 2283 non

252 2323 351 2409 leret3
378 2332 482 2392 stante
506 2322 668 2417 siquidem
691 2324 725 2392 in
744 2324 859 2414 vigore
881 2347 941 2392 suo
959 2323 1105 2414 generali
1123 2323 1376 2411 consuetudine,

252 2431 306 2500 les
329 2440 413 2500 esset
431 2454 566 2524 prorsus
584 2431 675 2501 nulla
690 2439 722 2499 et
736 2430 861 2500 inutilis
879 2458 886 2500 :
909 2433 937 2500 si
953 2431 1128 2524 posterius,
1148 2431 1256 2518 idest,
1272 2431 1301 2498 si
1318 2432 1378 2498 in·

252 2538 363 2608 tendat
389 2538 658 2610 consuetudinem
684 2539 869 2631 generalem
898 2541 1079 2628 destruere,
1110 2561 1189 2630 crgo
1216 2538 1277 2608 hoc
1302 2538 1380 2631 ipso

253 2646 372 2718 desinit
396 2649 532 2718 omnino
557 2671 752 2718 consensum
777 2671 876 2718 suum
904 2649 953 2718 illi
982 2650 1149 2734 tribuere;
1174 2671 1211 2718 ac
1236 2647 1379 2740 proinde

254 2756 374 2844 statim,
401 2781 444 2826 ex
466 2757 595 2827 delectu
614 2781 791 2827 consensus
808 2755 987 2851 Principis,
1009 2756 1131 2826 desinit
1147 2758 1258 2846 vigere
1274 2777 1379 2846 gene-

254 2864 331 2932 ralis
354 2865 409 2933 illa
432 2864 643 2935 consuetudo.
674 2865 769 2936 Unde
794 2888 833 2934 ex
859 2889 897 2934 eo
920 2865 989 2935 solo
1008 2864 1096 2957 quod
1116 2863 1319 2934 consuetudo
1333 2866 1379 2932 sit

254 2973 428 3061 generalis,
456 2981 487 3061 ει
513 2976 669 3067 Princeps
692 2975 797 3066 legem
819 2974 1018 3044 contrariam
1038 2973 1133 3062 ierat,
1155 2981 1281 3041 certum
1296 2995 1375 3040 cva-

254 3079 301 3149 dit
323 3081 592 3152 consuetudinem
616 3081 701 3152 hanc
723 3084 794 3174 ipso
817 3083 901 3152 lacto
921 3081 1054 3151 destitui
1076 3103 1142 3150 una
1159 3103 1201 3150 ex
1214 3079 1378 3149 conditio-

254 3188 352 3258 nibus
379 3190 542 3283 requisitis
568 3190 609 3259 ad
636 3188 820 3258 habendam
846 3192 926 3280 vim,
953 3211 1114 3260 consensu
1139 3211 1256 3281 nempe
1276 3189 1378 3258 Prin-

254 3297 345 3390 cipis.
370 3299 457 3389 Ergo
477 3299 663 3368 nullatenus
678 3307 725 3368 est
739 3321 866 3368 necesse
883 3308 918 3368 ut
934 3298 1090 3392 Princeps
1105 3297 1379 3370 consuetudinem

254 3407 439 3497 generalem
464 3409 660 3478 contrariam
682 3429 757 3476 cum
776 3429 929 3500 expressa
949 3408 1113 3476 mentione
1133 3407 1289 3498 abroget3
1316 3431 1380 3476 nec

255 3524 304 3584 est
317 3516 427 3586 minus
440 3525 525 3585 certe
541 3517 696 3607 abrogata
711 3517 833 3610 absque
849 3516 917 3586 ulla
931 3516 1108 3586 mentione.

298 3627 339 3694 11.
367 3625 667 3696 Consuetudinibus
691 3625 953 3718 particularibus,
980 3625 1037 3693 sed
1062 3647 1129 3694 non
1152 3625 1379 3694 immemorin-

254 3736 352 3820 libus,
378 3733 574 3804 sufficienter
594 3733 771 3824 derogatur
792 3756 851 3826 per
868 3733 1047 3804 clausulam
1066 3733 1267 3825 generalem,
1283 3735 1378 3802 rurHo

254 3847 400 3916 obstante
422 3842 663 3925 omnuetudirre,
690 3851 747 3910 aut
768 3842 833 3910 alia
851 3841 965 3910 simili.
983 3881 1027 3894 -
1042 3841 1100 3910 Est
1113 3840 1274 3910 sententia
1287 3863 1378 3910 ccm-

254 3957 374 4026 munis.
407 3953 559 4046 «Liquet
582 3974 624 4020 ex
649 3973 715 4020 eo:
741 3950 819 4043 quia
841 3971 970 4020 necesse
994 3958 1042 4018 est
1064 3957 1101 4018 ut
1122 3947 1209 4016 dicta
1229 3948 1379 4018 clausula

259 4065 469 4160 «quidpiam
494 4070 676 4157 operetur:
709 4061 801 4152 atqui
822 4059 905 4128 nihil
929 4068 1133 4153 operaretur,
1161 4057 1225 4127 nisi
1250 4057 1378 4128 tolleret

260 4203 277 4242 n
300 4173 550 4246 consuetudines
572 4171 784 4264 particulares
805 4171 970 4256 locorum3
999 4193 1073 4238 narn
1097 4167 1298 4238 consuetudo
1318 4191 1378 4257 ge-
