3068 4948
285 433 348 498 280
639 455 812 510 noterius
838 457 873 498 nn
899 455 1050 500 cursurus

288 623 304 658 «
328 595 488 662 Brevibus
502 594 668 685 oppositus
681 603 728 664 est
744 595 897 663 Annulus
909 595 1080 665 Piscatoris
1091 598 1203 667 sallem
1215 595 1334 666 saeoulo
1348 621 1409 682 xv,

288 729 305 765 «
329 701 438 796 quoti«
455 711 529 769 sunt
544 701 656 772 lucrio
671 701 792 772 Callisti
808 702 852 772 lll
867 713 897 772 et
913 703 1008 775 Pauli
1023 704 1064 774 ll.
1092 731 1106 766 l

811 1067 867 1134 lv.

626 1255 762 1316 Quomodo
778 1254 949 1320 expediuntur
965 1255 1063 1306 brevis.

333 1495 349 1532 «
376 1465 635 1536 Subscribunrur
655 1475 781 1536 lantum
854 1489 873 1534 e
888 1464 1061 1534 secretorio
1076 1464 1241 1548 brevium,
1257 1461 1315 1554 qui
1327 1461 1419 1530 solet

290 1607 306 1643 «
330 1601 398 1648 esse
423 1577 543 1668 uliquis
565 1576 724 1646 Prolatus
743 1577 897 1646 maxime
926 1577 1098 1662 doctrine,
1124 1576 1306 1668 presertim
1322 1577 1418 1646 circe

288 1715 305 1752 «
329 1709 468 1757 conones
487 1686 637 1776 antiquos
657 1685 872 1756 conciliorum
886 1694 918 1755 ct
931 1685 1129 1776 spostolicae
1144 1683 1415 1771 constitutiones,
1530 1729 1531 1770 2

289 1802 361 1862 «et
389 1799 536 1862 versutus
561 1793 595 1860 in
620 1793 718 1862 vnriis
745 1793 838 1883 stylis
866 1792 960 1864 Sedis
990 1791 1187 1884 Apostolicae
1209 1813 1268 1884 pro
1287 1813 1417 1862 conee-

289 1928 306 1969 «
329 1899 445 1970 «iendis
468 1899 593 1991 gratiis.
619 1899 659 1968 Et
682 1900 757 1969 lieet
782 1899 923 1970 adiuerit
947 1899 1122 1990 collegium
1144 1898 1415 1986 secretariorum,

291 2008 370 2078 «ad
403 2007 491 2098 qnod
522 2006 582 2076 tole
613 2029 696 2078 onus
731 2007 950 2092 incumbebat,
987 2017 1095 2076 muron
1126 2006 1320 2098 quandoque
1350 2007 1417 2076 uni

289 2139 369 2186 «ex
399 2115 485 2184 «licto
509 2114 658 2204 collegio,
689 2114 885 2204 quandoque
907 2114 1000 2184 «lteri
1031 2113 1130 2184 etiam
1151 2115 1292 2184 Praeleto
1315 2123 1417 2184 extro

289 2221 485 2292 «committi
524 2223 703 2291 consuevit.
747 2224 816 2290 lmo
856 2222 953 2290 etism
993 2222 1080 2312 opud
1119 2221 1308 2292 Cardinsles
1346 2222 1415 2292 boc
1531 2299 1532 2304 ἵ

290 2361 306 2398 «
331 2353 451 2400 munus
476 2329 537 2399 luit
541 2379 607 2398 .....
637 2329 727 2400 Licet
754 2329 934 2420 antiquitus
964 2329 1103 2400 Romani
1133 2329 1305 2401 Pontifices
1333 2353 1413 2399 cum
1531 2405 1532 2408 ,

290 2438 381 2508 «his
415 2437 570 2506 brevibus
605 2435 821 2528 expediebant
857 2437 988 2526 negoti«
1020 2438 1109 2506 circe
1141 2437 1299 2528 justitium
1335 2447 1414 2506 teu-

290 2574 306 2611 «
332 2556 413 2634 tum,
448 2543 542 2612 bodio
574 2552 681 2612 lernen
711 2543 894 2613 concedunt
919 2546 1017 2613 etiem
1047 2547 1180 2634 gratius.
1212 2547 1321 2637 Atque
1351 2569 1414 2637 per

290 2683 306 2718 «
331 2656 424 2722 istoru
446 2654 652 2722 secretariam
671 2653 805 2721 concedi
820 2654 924 2722 solent
941 2654 1171 2743 indulgentie,
1186 2655 1361 2746 privilegio
1376 2657 1415 2724 in

290 2791 306 2828 «
330 2763 526 2832 altaribus...
552 2762 685 2831 Necnon
712 2761 932 2853 expediuntur
962 2763 1089 2830 indulta
1111 2785 1171 2853 pro
1188 2763 1414 2836 cardinalibus

290 2900 306 2937 (ι
331 2871 443 2963 legetis
461 2880 493 2938 ct
514 2870 639 2940 nuntiis
656 2869 841 2962 apostolicis
860 2880 892 2938 et
913 2871 1008 2938 etism
1025 2871 1170 2960 regibus.
1187 2912 1230 2924 -
1245 2871 1286 2940 Et
1301 2875 1411 2963 quood
1532 2921 1533 2926 κ

290 3010 307 3048 «
332 2983 550 3074 indulgentias
577 2981 797 3074 expediuntur
821 2983 935 3073 gratis,
962 2984 1119 3052 existente
1144 2994 1219 3054 texe
1244 2987 1414 3058 moderato

291 3121 307 3158 «
331 3115 390 3184 pro
409 3091 481 3160 eliis
507 3088 781 3181 expeditionibus.
799 3129 844 3142 -
859 3091 1005 3162 blasima
1025 3091 1105 3162 tides
1122 3093 1260 3162 babetur
1275 3096 1315 3164 D.
1344 3097 1412 3166 bli-

291 3227 306 3262 «
329 3195 431 3271 iristro
459 3198 620 3268 exercenti
645 3220 765 3268 munus
790 3198 870 3267 adeo
896 3199 1106 3268 fiduciariam
1135 3203 1299 3271 secretarii
1330 3204 1413 3273 bre-

289 3338 304 3372 «
331 3309 445 3384 vium;
475 3305 569 3395 cujus
591 3306 712 3396 quippe
734 3328 833 3396 opere
854 3305 1076 3398 expediuntur
1100 3309 1254 3397 graviore
1280 3313 1412 3400 negotia

291 3447 307 3481 «
330 3418 439 3508 Pepae,
469 3424 500 3482 et
518 3414 589 3504 ejus
614 3422 740 3482 tentum
764 3415 960 3506 subscriptio
984 3415 1158 3486 adhibetur
1186 3419 1219 3486 in
1239 3419 1409 3506 brevibus,

291 3552 307 3588 «
331 3548 404 3592 coru
421 3520 529 3612 sigillo
545 3519 638 3588 facilc
652 3521 783 3590 delebili
797 3523 923 3592 Annuli
937 3525 1122 3594 piscatoris.
1138 3525 1214 3596 Ideo
1229 3527 1412 3616 registrari-

290 3661 304 3696 «
330 3640 383 3698 tor
404 3631 437 3698 iu
459 3629 552 3698 libris
574 3628 797 3720 expeditiones
811 3653 885 3700 conr
903 3632 1038 3704 minutis
1053 3657 1111 3702 seu
1128 3635 1318 3706 matricibus
1331 3639 1411 3708 sub-

289 3739 458 3828 «scriptis
483 3759 541 3828 por
567 3737 676 3828 ipsum
695 3735 830 3828 Papum,
853 3761 928 3829 quoe
955 3741 1090 3808 minutae
1111 3757 1348 3814 conserventur
1376 3747 1411 3814 in

290 3877 304 3910 «
329 3846 473 3916 archivio
496 3845 672 3937 apostolico
691 3872 698 3912 :
715 3847 858 3937 exeeptis
885 3847 1054 3939 aliquibus
1083 3873 1158 3942 quse
1190 3852 1314 3942 ubsque
1346 3863 1409 3922 tem

289 3985 304 4019 α
329 3964 441 4024 oracta
462 3952 629 4044 diligentia
651 3954 912 4024 conceduntur...
938 3955 1022 4026 Num
1043 3957 1172 4026 fraudis
1193 3959 1292 4030 timor
1307 3963 1342 4030 iu
1360 3963 1410 4031 bis

289 4093 305 4129 «
331 4064 473 4134 materiis
492 4071 606 4150 cessat,
630 4085 770 4153 querum
792 4067 915 4136 nemini
937 4067 1160 4138 concessiones
1177 4069 1334 4159 «loucgsri
1353 4096 1409 4140 so-

289 4203 304 4236 «
329 4173 408 4260 leot,
427 4195 542 4264 nempe
558 4169 657 4240 ultore
672 4170 927 4264 privilegiatum,
947 4182 1006 4242 otc.
