3072 4948
238 419 298 488 ald
589 443 765 491 TRACTMUS
788 444 826 490 bs
849 442 1000 490 rmuctrlts

234 582 472 676 relinquimus,
498 585 606 676 quoad
632 593 750 654 caetera
768 607 844 676 quae
866 583 1043 674 unicuique
1056 579 1189 673 propris
1203 586 1293 665 sunt,
1309 571 1353 645 ad

234 700 410 762 tractatum
426 693 466 762 de
482 693 586 763 Curio
597 698 746 764 Romana
761 692 915 762 lectorem
931 691 1140 760 remittentes.

280 809 329 878 Ex
350 809 391 877 iis
403 821 513 879 autem
527 833 602 901 quae
616 811 843 901 exposuimus,
867 809 945 876 satis
961 815 1048 899 patet
1062 806 1177 897 quanti
1193 803 1357 873 momenti

237 917 304 986 sint
330 917 629 1008 Congregationum
654 919 881 988 Romanarum
906 917 1035 986 decreta
1064 925 1097 984 et
1120 914 1358 983 declarationes

236 1024 272 1092 in
292 1025 500 1096 enucleandis
516 1026 601 1119 juris
622 1026 769 1094 canonici
792 1025 1039 1118 questionibus.
1059 1023 1146 1093 Cum
1160 1023 1250 1091 enim
1264 1029 1358 1088 tanta

237 1134 428 1202 auctoritate
441 1133 583 1228 polleant
596 1134 694 1202 etiam
710 1133 798 1226 apud
814 1133 939 1225 eosqui
955 1133 1024 1200 vim
1040 1131 1122 1221 legis
1136 1131 1266 1221 proprie
1280 1129 1359 1196 dic—

237 1247 308 1310 tam
323 1240 364 1310 iis
378 1240 604 1330 denegandam
619 1242 821 1327 existimant,
841 1251 878 1309 ut
893 1240 1059 1312 ordinarie
1073 1241 1107 1307 in
1122 1237 1217 1331 praxi
1232 1236 1359 1306 abillis

241 1348 390 1418 recedere
416 1371 482 1419 non
504 1349 610 1436 liceat,
635 1349 782 1441 requitur
807 1349 879 1417 illas
903 1349 1021 1418 merito
1040 1346 1152 1416 haberi
1175 1357 1211 1414 ut
1229 1345 1356 1413 fontem

236 1457 323 1546 juris
338 1457 577 1525 determinandi
591 1466 624 1525 et
636 1456 796 1548 probandi
811 1455 1019 1526 uberrimum
1028 1463 1125 1546 atque
1137 1453 1354 1522 tutissimum.

240 1563 282 1632 Et
308 1563 381 1632 ideo
406 1566 582 1633 canonistas
608 1565 651 1632 ad
678 1565 855 1633 decisiones
883 1565 955 1633 illas
983 1571 1138 1655 perpetuo
1168 1569 1355 1642 recurrunt,

241 1695 341 1763 quern
352 1695 481 1742 morem
495 1683 527 1742 et
540 1696 600 1742 nos
613 1697 790 1768 sequemur
811 1673 1084 1766 frequentissime.

285 1781 377 1848 Hauc
404 1780 445 1849 de
471 1781 630 1850 Romanis
658 1781 974 1872 congregationibus
1002 1779 1185 1850 doctrinam
1216 1781 1254 1847 in
1283 1801 1360 1848 meo

242 1913 347 1982 nuper
370 1891 457 1960 edito
484 1899 620 1960 tractatu
639 1891 679 1960 de
696 1892 841 1960 Concilio
862 1891 1061 1983 provinciali
1077 1891 1120 1981 (1)
1135 1890 1207 1982 jam
1224 1892 1360 1980 exposi-

243 2011 323 2086 tam,
347 2001 462 2070 rescivi
478 2003 684 2071 stomachum
702 2003 843 2071 movisse
856 2003 891 2070 iu
905 2001 1010 2070 Gallia
1022 2002 1062 2069 iis
1081 2001 1283 2086 bominibus,
1300 2001 1361 2092 qui

242 2108 402 2178 dictarum
419 2110 721 2199 Congregationum
742 2108 920 2178 decisiones
939 2131 959 2175 e
981 2131 1016 2176 se
1029 2118 1187 2200 tanquam
1208 2107 1359 2196 regulam

245 2217 381 2286 minime
402 2219 501 2309 recipi
524 2218 671 2288 dictitare
698 2241 763 2287 nou
785 2216 1012 2288 reformidant.
1038 2217 1103 2286 Sed
1129 2218 1222 2284 lineat
1240 2240 1296 2284 eos
1318 2217 1361 2283 ad

243 2325 327 2394 serio
349 2325 559 2416 ponderanda
582 2325 778 2416 gravissime
794 2325 863 2393 baeo
882 2325 1047 2392 Benedicti
1066 2323 1141 2393 XIV
1160 2324 1260 2392 verba
1275 2323 1362 2392 invi-

244 2441 335 2501 tare:

291 2565 308 2604 ιι
331 2541 368 2609 Si
393 2541 470 2633 quis
495 2566 515 2609 a
541 2542 635 2611 uobis
661 2545 856 2635 expostulet,
884 2566 943 2612 cur
967 2565 1068 2612 sacrae
1091 2544 1363 2635 Congregationis

249 2673 266 2710 ιι
289 2648 420 2740 (nempe
435 2649 581 2738 Concilii)
604 2649 732 2718 decreta
758 2652 956 2742 scriptorum
977 2651 1187 2742 opinionibus
1200 2653 1363 2721 antefera-

250 2781 267 2819 ιι
292 2779 379 2843 mus,
400 2781 497 2826 censa
512 2768 632 2850 praesto
654 2770 714 2827 est.
740 2759 866 2845 Primo,
884 2760 1058 2851 scriptores
1071 2760 1111 2828 de
1125 2761 1365 2852 quaestionibus

248 2891 265 2926 ιι
291 2865 391 2932 verba
409 2865 543 2952 faciunt,
562 2865 634 2934 illas
653 2877 765 2935 sutem
786 2889 878 2934 secra
890 2867 1108 2958 Congregatio
1126 2868 1286 2936 dissolvit.
1302 2867 1365 2936 Se-

250 2998 266 3036 ιι
289 2971 409 3058 cundo,
433 2995 510 3040 cum
530 2970 772 3064 interpretenda
791 2971 981 3042 Tridentino
1004 2974 1149 3064 synodus
1169 2975 1365 3066 plerumque

250 3078 343 3163 «sit,
373 3080 498 3148 summi
527 3079 701 3148 Pontifices
730 3102 857 3147 sacram
892 3081 1186 3171 Congregationem
1214 3079 1365 3171 ejusdem

251 3213 267 3252 ιι
289 3186 408 3277 synodi
424 3187 527 3256 solam
548 3188 759 3278 interpretem
780 3197 975 3256 statuerunt.
995 3189 1118 3273 Tertio,
1141 3187 1366 3280 impudentis-

249 3322 266 3358 ι
289 3296 394 3365 simus
411 3302 494 3364 esset
514 3297 572 3388 qui
595 3296 804 3364 contenderet
826 3295 959 3387 majoris
990 3296 1144 3387 ponderis
1173 3295 1365 3365 babendum

250 3431 268 3470 ιι
289 3427 358 3473 esse
380 3406 545 3496 privatum
566 3405 738 3475 hominem
763 3407 821 3497 qui
841 3429 911 3475 suae
940 3415 1069 3474 tantum
1098 3407 1218 3474 mentis
1239 3406 1367 3474 lumine

250 3539 268 3579 ιι
289 3512 431 3598 ducitur,
456 3536 558 3604 quum
584 3513 744 3582 sententia
765 3513 1008 3603 praeclarissimi
1028 3522 1143 3599 emtus,
1172 3535 1368 3605 quemam-

252 3620 431 3710 cplissimi
455 3619 656 3705 Cardinales,
688 3619 909 3689 ecclesiastices
937 3620 1117 3711 disciplinae
1146 3630 1177 3688 et
1197 3643 1367 3689 sacrorum

253 3749 456 3796 «canonum
489 3727 688 3818 peritissimi,
726 3727 938 3796 constituunt.
974 3727 1110 3813 Quarto,
1142 3727 1220 3819 quia
1247 3729 1369 3819 privati

253 3863 271 3901 ι
293 3837 465 3927 scriptores
480 3836 607 3904 unllam
626 3834 769 3904 indicere
782 3835 890 3924 legem
907 3846 1056 3926 possunt,
1074 3859 1150 3925 quae
1166 3859 1243 3904 seue
1257 3849 1367 3904 aucto-

255 3972 272 4008 ι
295 3942 373 4012 ritas
394 3969 414 4012 e
429 3945 567 4014 summis
580 3943 791 4014 Pontificibus
804 3943 910 4014 eidem
927 3945 1181 4035 Congregationi
1197 3943 1365 4028 tribuitur,

298 4183 330 4247 tt}
348 4179 421 4232 Hunc
439 4179 523 4232 solum
535 4181 673 4231 tractatum
686 4178 779 4244 gallica
794 4177 897 4243 scripsi,
912 4178 1086 4244 peculiaribus
1097 4177 1129 4230 de
1144 4177 1235 4230 crusis.
