3050 4946
286 480 348 545 116
639 501 815 548 rnlcrnrns
838 505 876 549 nu
898 505 1053 552 enisurus

282 647 322 708 82
347 665 486 710 canones
505 668 512 708 :
529 644 650 734 quibus
669 645 696 712 si
719 645 871 714 accedunt
894 670 954 716 suo
975 647 1046 717 loco
1062 649 1128 716 duo
1147 647 1222 715 lecti
1239 649 1280 716 ab
1294 647 1397 736 Aetio,

282 771 397 839 nempe
416 757 551 840 quartus
570 759 600 818 el
619 751 753 843 quintus
773 753 1010 842 Antiochenus,
1032 755 1168 823 veniunt
1192 757 1327 846 praecise
1342 756 1400 824 sub

282 857 429 926 numeris
454 861 493 924 83
510 866 541 925 et
564 862 614 926 8l.
634 859 728 928 Unde
745 867 831 950 patet
851 861 993 930 codicem
1007 885 1072 954 quo
1087 885 1146 930 usn
1158 872 1208 930 est
1226 862 1401 932 Chalcedo-

283 964 390 1031 nensis
420 963 565 1056 synodus
594 966 875 1058 comprehendisse
898 970 959 1037 sub
983 991 1049 1037 uno
1076 970 1221 1060 generali
1249 993 1400 1040 numero·

282 1095 357 1140 rum
382 1074 465 1142 serie
485 1095 624 1142 canones
648 1074 880 1166 predictorum
909 1079 1133 1147 conciliorum.
1161 1080 1251 1148 Idem
1277 1080 1401 1148 eruitur

282 1202 322 1248 ex
343 1180 467 1250 actione
483 1181 655 1250 undecima
668 1183 702 1249 in
724 1206 789 1274 qrra
805 1185 850 1250 sio
871 1183 1009 1253 habetur
1028 1214 1034 1252 :
1054 1187 1243 1276 Stephanus
1258 1211 1402 1256 reveren-

281 1287 432 1356 dissimus
451 1290 631 1380 Episcopus
653 1290 777 1382 Ephesi
797 1292 882 1360 discit
900 1319 910 1358 .·
928 1293 1097 1384 Supplico,
1115 1307 1153 1361 ut
1166 1317 1305 1364 conones
1321 1297 1402 1364 rele-

280 1410 404 1486 pontur
408 1449 473 1464 .....
509 1397 744 1466 Gloriosissimi
765 1399 897 1491 judices
927 1400 1083 1468 dicerunt
1111 1429 1121 1468 :
1150 1402 1338 1493 relepmttur
1367 1405 1403 1470 tn·

280 1527 426 1572 conones.
459 1506 612 1573 Leontius
640 1506 925 1576 reverendissimus
951 1509 1133 1600 Episcopus
1163 1510 1339 1598 Mcpnesiae
1364 1534 1402 1577 cs

280 1613 385 1682 codice
411 1614 524 1704 relepit
546 1642 557 1681 :
573 1615 698 1706 Repulo
724 1620 765 1682 95
784 1644 791 1684 ι
813 1617 854 1684 Si
875 1618 948 1708 quis
970 1617 1151 1708 Episcopus
1177 1639 1308 1700 uacans,
1338 1627 1398 1687 etc.

279 1723 370 1791 Idem
397 1723 679 1792 reverendissimus
703 1726 856 1793 Leontius
887 1726 1067 1816 Episcopus
1093 1749 1132 1792 en
1158 1725 1270 1794 eodem
1296 1728 1401 1795 codice

279 1832 356 1922 lepit
372 1859 384 1898 .-
401 1834 524 1922 Repulo
545 1837 584 1899 96
606 1833 672 1901 :Si
691 1834 763 1924 quis
781 1835 961 1924 Episcopus
977 1833 1229 1916 ordinationem,
1248 1843 1309 1903 etc.
1327 1837 1398 1904 lstae

278 1940 352 2008 dure
372 1940 495 2030 regule
519 1948 595 2009 sunt
609 1963 749 2010 canones
771 1941 967 2009 Antiocheni
984 1945 1023 2008 16
1040 1951 1071 2010 et
1089 1946 1126 2009 17
1136 1969 1145 2029 ;
1163 1953 1193 2010 et
1210 1950 1321 2012 tomen
1336 1967 1400 2013 nou

277 2049 367 2116 lene
388 2057 464 2117 sunt
479 2049 540 2117 suh
557 2049 617 2117 hoc
631 2049 774 2135 nomine,
791 2050 847 2118 sed
863 2072 938 2118 cum
958 2051 1027 2118 sola
1041 2050 1266 2140 designatione
1282 2075 1400 2122 nume-

276 2180 388 2225 rorum
412 2158 472 2225 sub
498 2158 616 2249 quibus
634 2157 784 2247 jacebant
797 2159 832 2224 in
856 2167 983 2249 recepta
998 2167 1075 2227 tuuc
1095 2158 1296 2228 collectione.
1314 2161 1399 2252 Ergo

276 2266 422 2334 exstabat
437 2265 506 2356 jam
525 2274 602 2332 tuoe
622 2263 766 2332 collectio
786 2263 896 2356 eliqua
918 2266 1103 2334 authentica
1126 2275 1158 2334 et
1180 2288 1242 2334 usu
1257 2278 1395 2359 recepta.

321 2380 353 2441 2⁰
372 2374 542 2457 Quomodo
567 2375 629 2441 isto
654 2373 795 2440 collectio
820 2375 924 2466 fuerit
941 2375 1093 2466 primum
1123 2391 1241 2468 empta,
1268 2393 1300 2446 ct
1325 2380 1397 2448 dun

276 2496 374 2550 acceto
400 2495 430 2550 ct
454 2482 623 2574 disposito.
640 2483 784 2548 -Ante
809 2482 989 2550 Ballerinos
1010 2483 1127 2552 fratres
1153 2493 1221 2552 eret
1247 2508 1397 2556 commu·

276 2592 329 2658 nis
361 2602 393 2658 et
425 2591 557 2680 vulgata
592 2589 701 2680 opinio
731 2588 873 2657 codicem
904 2591 937 2656 in
972 2590 1229 2661 Chalcedonensi
1258 2595 1397 2662 concilio

219 2711 224 2722 '
274 2698 457 2767 adhibitum
485 2696 637 2766 eumdem
663 2698 774 2784 luisse,
803 2721 900 2790 quem
928 2701 1046 2768 saeculo
1076 2710 1167 2770 sexto
1196 2703 1230 2768 in
1259 2703 1396 2772 latinum

274 2807 440 2875 transtulit
462 2805 638 2896 Dionysius
663 2805 825 2895 Exiguus,
848 2807 969 2898 quique
996 2808 1056 2875 suh
1078 2808 1182 2876 titulis
1202 2832 1257 2877 seu
1280 2833 1396 2880 nume-

275 2916 320 2982 ris
346 2918 407 2981 165
428 2913 612 2981 continebat
633 2935 771 2982 canones
792 2917 832 2979 20
856 2913 986 2982 concilii
1010 2914 1149 3004 Nicaeni,
1171 2920 1208 2983 ll
1226 2917 1396 2987 Neocaesa·

275 3025 403 3111 niensis,
439 3027 479 3090 20
511 3021 722 3110 Gangrensis
753 3025 794 3088 25
824 3023 1033 3108 Antiocheni‚
1073 3027 1112 3090 59
1144 3023 1333 3113 Laodiceni,
1365 3035 1395 3094 et

184 3187 188 3194 .
276 3137 293 3201 3
310 3129 666 3221 Constantinopolitani.
684 3128 748 3197 Sed
765 3129 918 3196 Bolleriui
932 3129 1046 3198 iratres
1060 3131 1276 3224 (Deuotionis
1297 3158 1393 3202 cano-

275 3263 356 3309 num
371 3238 506 3321 collect„
526 3245 616 3328 perte
636 3239 667 3321 1,
684 3261 712 3303 c.
731 3241 764 3321 2,
782 3237 926 3328 Operum
945 3237 979 3306 S.
999 3238 1116 3306 Leonis
1137 3247 1225 3307 tomo
1239 3241 1295 3330 lll)
1321 3243 1393 3311 cxi-

275 3350 340 3420 mia
364 3347 545 3416 eruditione
567 3346 705 3436 probent
724 3344 784 3412 hoo
808 3345 942 3414 minime
963 3369 1032 3414 esse
1051 3356 1189 3416 certum.
1208 3348 1291 3418 Duce
1306 3351 1392 3418 enim

274 3465 402 3526 exstant
424 3454 525 3544 groeci
542 3452 659 3521 codicis
680 3455 845 3521 versiones
860 3455 1061 3546 antiquiores
1076 3456 1233 3548 Dionysio
1249 3457 1389 3548 Exiguo,

275 3567 386 3635 Priscu
407 3585 523 3653 nempe
544 3569 574 3629 et
589 3560 784 3628 Isidorianc.
803 3561 906 3630 Porro
925 3585 967 3630 ex
980 3563 1044 3630 illis
1060 3564 1264 3632 versionibus
1277 3574 1310 3632 et
1322 3566 1392 3632 aliis

273 3671 467 3765 quibusdam
492 3669 712 3736 monumentis
741 3669 879 3758 probent
901 3670 1056 3738 Ballerini
1085 3669 1227 3740 defuisse
1250 3672 1329 3739 olim
1357 3675 1392 3740 in

273 3784 382 3852 codiee
403 3781 529 3867 Graeco,
553 3787 621 3846 tum
645 3801 783 3847 canones
801 3779 1015 3866 Laodicenos,
1032 3789 1102 3850 tum
1118 3781 1392 3873 Constantinopo-

274 3893 401 3978 lilunos,
427 3899 496 3957 tum
516 3887 612 3954 etiam
636 3886 866 3956 Antiochenos.
886 3888 936 3955 Ex
951 3911 1016 3980 quo
1033 3888 1078 3956 sic
1092 3888 1292 3958 concludunt
1311 3919 1318 3957 :
1335 3892 1391 3958 Di-

274 4000 413 4068 cendum
442 3997 504 4064 erit
533 3997 683 4065 Graecam
707 3997 926 4066 collectionem
953 3999 994 4065 ob
1024 3999 1119 4068 initio
1147 4000 1231 4068 solos
1258 4024 1390 4070 caesones

272 4108 432 4188 Nicsenos,
457 4108 655 4195 Ancyreum,
678 4106 948 4175 Neocaesorienses
968 4119 1066 4198 atqie
1087 4107 1290 4198 Gunprenscs
1302 4133 1391 4201 pre-

273 4219 391 4288 tulisse.
409 4219 476 4286 Cur
492 4224 601 4283 autem
615 4217 721 4306 primo
738 4217 807 4284 loeo
823 4217 919 4306 positi
935 4217 1001 4285 sint
1015 4240 1155 4286 canones
1166 4217 1305 4308 Nicaeni,
1315 4219 1390 4290 licet
