3050 4946
549 465 631 512 sunu
653 465 804 512 canorum.
1169 451 1230 514 505

121 628 224 693 mum,
249 627 269 674 a
292 609 357 675 line
379 608 530 698 proximo
548 607 706 676 societatis
727 607 834 676 civilis
848 607 1026 678 divorsum.
1051 608 1140 698 Ergo
1155 609 1231 678 linis

119 713 270 784 Ecclesiae
294 737 360 784 uon
381 722 430 784 cat
448 715 511 807 ipsi
533 738 607 785 cum
626 715 693 786 ulla
713 715 777 786 alia
796 718 948 789 societate
963 721 1158 810 communis,
1174 721 1230 791 sed

120 821 184 912 ipsi
199 821 333 891 omniuo
345 823 507 915 proprius.
1016 847 1020 858 ·

162 930 203 997 il.
222 929 383 999 Probatur
401 953 442 1000 ex
456 954 495 1001 eo
508 933 596 1024 quod
610 955 670 1025 pro
684 933 749 1004 fiae
764 934 880 1004 babeat
894 957 1088 1028 promovere
1102 939 1231 1031 ipsum·
1316 975 1321 988 ·

120 1046 186 1105 met
209 1035 309 1107 finem
331 1061 351 1106 a
372 1038 501 1108 Christo
525 1039 728 1132 redemptore
750 1042 923 1112 intentum.
946 1080 991 1094 —
1011 1043 1187 1114 Ecclesiam
1211 1069 1231 1114 a

118 1145 248 1214 Cbristo
272 1147 451 1217 institutam
466 1149 565 1219 fuisse
580 1157 617 1218 ut
631 1151 696 1242 ipsi
709 1151 949 1243 quodammodo
964 1151 1229 1241 substitueretur,

117 1260 149 1321 et
172 1253 269 1323 linem
289 1257 331 1324 ab
354 1255 426 1349 ipso
452 1258 612 1326 intentum
634 1279 693 1350 por
714 1258 823 1328 medio
842 1259 882 1328 ab
902 1259 972 1350 ipso
988 1259 1134 1328 instituta
1148 1282 1230 1351 pro-

120 1371 274 1449 moverat,
303 1365 442 1455 probant
468 1365 539 1432 baec
564 1365 742 1457 Scripturae
768 1389 868 1434 sacrae
897 1366 1080 1435 testimonia
1104 1394 1112 1434 ε
1136 1368 1230 1436 Sicut

67 1559 70 1566 Ι
119 1471 209 1540 misit
231 1494 283 1540 me
304 1475 414 1556 Pater,
441 1485 471 1540 et
494 1495 552 1563 eqo
577 1474 673 1542 mitto
695 1497 750 1542 ooo
778 1474 882 1566 (loen.
900 1475 1232 1565 supranaturali

117 1581 222 1648 omnis
244 1593 388 1672 potestas
416 1581 451 1649 in
479 1582 558 1652 coelo
587 1595 618 1649 et
648 1583 683 1650 c'n
715 1595 802 1650 rma
834 1610 845 1649 :
874 1595 981 1652 euntes
1005 1605 1093 1674 erqo,
1123 1581 1231 1652 docete

122 1690 246 1780 (Metili.
266 1694 319 1778 18,
338 1692 404 1782 18).
422 1695 521 1762 Posce
535 1715 637 1782 apnos
652 1715 759 1776 meos,·
766 1715 866 1785 posce
880 1715 951 1762 ooo
962 1715 1061 1762 meus.
1079 1693 1127 1761 lbi
1142 1693 1229 1761 cuim

118 1798 333 1868 instituuntur
350 1799 483 1891 qrridam
505 1802 562 1892 qui
583 1801 682 1868 finem
697 1823 716 1869 a
730 1799 860 1870 Christo
875 1801 1053 1874 redimente
1068 1799 1230 1869 intentum

118 1917 339 2001 exsequantur
353 1918 385 1980 et
400 1921 621 2001 promoveant.
638 1909 732 1993 Quod
749 1909 962 1980 confirmatur
975 1933 1017 1978 ex
1032 1933 1070 1980 eo
1088 1909 1175 2002 quod
1191 1909 1230 1978 do

119 2016 202 2085 iacto
216 2017 357 2086 Ecclesia
370 2017 412 2085 ab
425 2017 590 2109 Apostolis
607 2040 711 2108 suque
733 2040 820 2086 nuuc
843 2019 1014 2110 proprium
1030 2017 1117 2087 hunc
1131 2017 1229 2086 finem

118 2132 287 2215 prosecuta
308 2124 417 2210 luerit,
435 2123 534 2193 iidem
552 2146 668 2217 nempe
683 2124 902 2216 praedicando,
925 2147 1055 2193 morum
1077 2124 1231 2192 sauctita-

117 2238 182 2300 tcm
197 2231 323 2323 legibus
338 2233 405 2301 suis
418 2233 636 2324 procurando,
648 2254 775 2301 errores
786 2232 965 2323 judicando
978 2239 1011 2300 et
1020 2231 1227 2322 corrigendo,

118 2339 317 2432 corruptelas
337 2339 556 2427 reformando,
570 2349 601 2408 et
615 2339 749 2409 rebelles
764 2338 930 2431 puniendo
945 2346 977 2408 et
991 2337 1160 2429 ejiciendo.

161 2449 216 2518 lll.
234 2449 394 2518 Probatur
408 2471 450 2517 cx
464 2472 502 2518 eo
517 2448 604 2542 quod
621 2447 736 2518 habeat
757 2448 863 2517 media
877 2447 939 2516 sibi
953 2446 1012 2517 soli
1027 2447 1168 2539 propria.
1186 2485 1230 2500 -

161 2559 243 2628 Nem
259 2557 365 2628 media
379 2557 500 2648 quibus
515 2557 648 2625 societas
667 2556 819 2649 quaelibet
834 2559 933 2626 tinem
948 2577 1045 2624 suum
1060 2555 1230 2647 prosequi-

118 2675 183 2755 tur,
206 2675 283 2736 suut
306 2666 394 2756 leges
418 2666 537 2758 quibus
557 2667 705 2735 membra
719 2688 778 2734 sua
794 2662 938 2733 adhunc
951 2663 1050 2732 finem
1067 2685 1123 2734 seu
1140 2684 1230 2730 com-

117 2799 216 2845 mune
243 2775 401 2846 societatis
423 2775 545 2845 bouum
568 2777 727 2844 intentum
753 2774 879 2866 dirigit,
906 2782 938 2841 et
958 2773 1009 2841 vis
1027 2795 1093 2865 qua
1118 2771 1230 2861 legum

116 2905 249 2954 suarum
273 2883 531 2953 observationem
554 2891 734 2975 promovet.
763 2884 865 2954 Porro
883 2879 1024 2952 Ecclesia
1046 2879 1142 2948 babet
1156 2903 1230 2972 spe-

116 2993 209 3062 cialia
228 3001 261 3060 et
284 2992 345 3060 sibi
359 2991 491 3083 propria
513 2990 701 3082 hujusmodi
726 2991 841 3060 media.
860 2991 943 3060 Nam
966 2991 1038 3082 ipsa
1051 2995 1082 3057 et
1095 2988 1228 3081 quidem

117 3101 185 3170 sola
207 3107 311 3192 potest
330 3099 417 3187 leges
431 3097 517 3166 farre
531 3098 652 3190 quibus
668 3099 838 3167 veritatem
852 3107 884 3170 et
899 3102 1056 3170 unitatem
1072 3100 1149 3169 fidei
1164 3101 1230 3168 dil-

116 3207 231 3278 luudat
244 3215 276 3276 et
292 3214 419 3276 tueatur
436 3234 442 3274 :
463 3207 540 3276 item
560 3206 628 3274 sola
643 3213 782 3276 statuere
801 3216 904 3299 potest
919 3209 1004 3278 circa
1020 3209 1153 3278 modum
1166 3231 1228 3299 ap-

117 3317 258 3408 plicandi
274 3315 380 3385 media
391 3338 410 3382 a
423 3314 552 3385 Christo
567 3315 760 3385 adsalutem
777 3317 922 3386 instituta
935 3318 1031 3386 :item
1047 3317 1115 3386 sola
1126 3325 1231 3409 potest

115 3436 254 3496 statuma
277 3427 396 3518 quibus
413 3425 652 3495 conditionibus
672 3449 758 3496 nova
779 3428 924 3496 membro
941 3427 1040 3519 recipi
1061 3425 1186 3518 possint
1198 3433 1231 3494 et

117 3537 152 3604 in
181 3537 343 3605 bonorum
370 3559 445 3628 quaa
473 3535 544 3627 ipsa
573 3536 737 3627 dispensat
762 3535 1039 3628 participationem
1067 3534 1224 3604 admitti:

116 3645 194 3713 item
220 3643 327 3736 poenis
347 3643 409 3712 sibi
431 3643 574 3736 propriis
593 3643 729 3713 rebelles
747 3653 779 3712 et
802 3644 1042 3735 perturbatores
1062 3643 1181 3712 iraeuot
1198 3652 1231 3712 et

116 3753 223 3844 punit,
248 3773 302 3820 cos
320 3773 436 3843 nempe
452 3750 612 3842 privando
624 3751 719 3820 bouis
734 3750 970 3843 spiritualibus,
989 3751 1122 3820 omuino
1136 3775 1158 3819 a
1171 3772 1230 3820 sua

116 3858 344 3928 commuuione
367 3857 551 3944 resecando,
580 3864 611 3925 et
633 3867 769 3926 mortem
796 3857 892 3926 otiam
916 3857 1119 3949 spiritualem
1142 3856 1228 3924 inlli-

117 3965 236 4058 geudo.
254 3966 342 4055 Ergo
357 3964 498 4034 Ecclesia
511 3965 608 4032 habet
622 3964 721 4034 finem
737 3972 769 4033 ct
783 3965 890 4034 modio
904 3965 967 4033 sibi
981 3964 1128 4058 propria;
1151 3987 1229 4055 ergo

118 4082 166 4143 est
179 4073 313 4142 societas
328 4073 474 4165 specialis
488 4081 520 4140 at
536 4071 696 4142 distincta.

163 4181 344 4252 Psorosruo
361 4185 406 4248 3³.
430 4219 474 4234 -·
494 4181 637 4250 Ecclesia
664 4193 709 4249 est
731 4180 865 4250 societas
893 4181 1064 4272 completa.
1088 4216 1132 4232 -
1155 4181 1229 4249 Tri-
