3068 4948
247 453 308 516 tot
600 467 775 518 rascatius
800 467 1011 514 occursurus

247 639 262 674 «
288 610 435 677 liciorum
450 609 595 700 plenaria
606 609 758 700 competit
769 609 950 700 dispositio,
964 609 1146 677 dominium
1160 605 1368 691 excluditur3

249 747 264 782 «
288 719 379 785 etsie
396 718 565 808 plenitudo
588 719 752 809 potestatis
767 719 863 810 Pupio
880 720 914 787 iu
930 717 1174 788 beneficialibus
1188 739 1254 784 non
1271 715 1367 782 illum

248 855 264 890 «
288 826 459 895 dominnm
486 827 663 913 constituit,
692 827 747 893 sed
783 827 975 917 simpliciter
1004 825 1268 918 dispensatorem.
1301 823 1369 890 Nec

249 963 265 998 «
288 935 352 1002 alia
374 959 464 1004 mens
485 936 589 1003 inesse
613 935 719 1026 potuit
748 935 979 1026 interpretibus
993 957 1167 1018 canonum,
1184 934 1211 1002 si
1226 954 1369 1001 canones

247 1071 264 1106 «
288 1044 476 1112 textualitsr
496 1044 555 1112 hoc
578 1043 753 1132 indigitant
757 1095 823 1110 .....
853 1043 947 1125 Quod
974 1044 1002 1110 si
1022 1043 1124 1134 aliqui
1151 1043 1261 1109 nriuus
1283 1041 1369 1110 forte

249 1177 265 1214 «
289 1151 521 1241 circumspecta
541 1173 618 1219 voce
639 1150 828 1218 dictitarent
853 1152 976 1241 Papam
1001 1173 1069 1218 esse
1097 1149 1268 1217 dominum
1295 1171 1368 1215 om-

248 1285 264 1322 «
289 1259 380 1326 nium
410 1259 618 1328 eeclesiarum
652 1259 865 1348 omniumque
902 1259 1147 1345 beneficiorum,
1181 1260 1228 1327 uti
1264 1259 1369 1350 aliqui

249 1393 265 1432 a
289 1369 446 1455 feceruut,
475 1369 592 1436 horum
616 1366 772 1434 videntur
786 1366 974 1455 castiganda
997 1367 1123 1435 utiliter
1142 1367 1242 1434 verba
1257 1393 1309 1453 ...;
1336 1375 1369 1434 et

250 1503 266 1541 «
290 1476 362 1544 ideo
383 1475 556 1544 dicendum
575 1483 623 1543 est
642 1477 766 1544 locutos
780 1497 848 1544 esse
868 1475 976 1566 quoad
992 1475 1174 1543 dominium
1191 1475 1368 1566 respiciens

249 1611 266 1649 «
285 1585 340 1675 jus
365 1584 556 1670 collationis,
581 1592 617 1652 ut
633 1605 687 1652 eos
706 1583 937 1674 iuterpretatur
950 1583 1090 1651 loannes
1106 1583 1223 1652 Petrus
1236 1583 1368 1651 Moneta

249 1720 266 1758 «
292 1695 349 1782 (Dc
370 1702 525 1761 commut.
548 1693 606 1761 ult.
626 1692 707 1778 vol,
726 1715 755 1758 c.
775 1696 805 1777 ὅ,
825 1713 858 1758 n.
881 1693 976 1780 100);
995 1692 1046 1759 vel
1061 1691 1168 1782 quoad
1183 1691 1367 1759 dominium

250 1829 266 1866 «
290 1809 437 1892 respectu
456 1800 544 1868 tituli
570 1799 780 1880 beneficialis,
807 1800 866 1890 qui
893 1799 986 1866 sicuti
1006 1821 1065 1889 per
1087 1799 1209 1889 Papam
1226 1807 1366 1886 meatur,

250 1936 266 1974 «
290 1911 333 1977 ita
349 1917 380 1975 et
395 1930 453 1999 per
468 1908 575 1998 ipsum
590 1914 694 1998 potest
708 1906 886 1974 annihilari
896 1934 948 1992 ...;
968 1905 1021 1973 vel
1040 1906 1173 1974 demum
1190 1905 1368 1974 reducendi

250 2043 265 2082 «
289 2025 365 2084 suut
381 2015 422 2084 ad
436 2037 567 2082 sensum
581 2036 679 2104 quem
695 2017 732 2080 de
748 2013 799 2081 his
815 2012 911 2080 habet
932 2013 1071 2082 Azorius
1086 2013 1195 2080 dicens
1215 2015 1257 2102 (t)
1277 2041 1284 2079 :
1302 2017 1367 2081 Ro-

250 2156 266 2194 «
290 2151 407 2196 manus
422 2126 575 2216 Pontifee
589 2127 688 2216 plene
702 2137 733 2192 et
749 2125 846 2192 libere
858 2136 965 2215 potest
978 2123 1018 2192 de
1035 2124 1193 2214 beneficiis
1208 2135 1366 2204 statuere·

251 2263 266 2302 «
292 2261 356 2305 non
378 2237 456 2327 qnia
477 2234 659 2301 dominium
681 2234 906 2323 beneficiorum
926 2245 987 2300 ent
1003 2255 1114 2300 rerum
1137 2231 1366 2300 ecclesiastiea-

252 2373 268 2410 «
291 2368 366 2412 rum
381 2344 512 2423 liabent,
531 2341 587 2408 sed
599 2341 677 2431 qnia
691 2353 853 2431 qnatenus
866 2362 1054 2431 supremam
1071 2340 1194 2408 obtinet
1206 2340 1242 2406 in
1254 2341 1366 2408 Eccle-

251 2479 267 2516 «
290 2454 339 2519 sia
348 2461 558 2541 potestatem,
580 2459 617 2516 nt
630 2470 778 2516 summus
798 2447 923 2516 etrtsn·
938 2448 1078 2514 viceritis
1096 2459 1126 2513 et
1142 2448 1235 2516 Petri
1244 2471 1366 2516 sucees-

251 2585 268 2624 «
291 2583 355 2643 sor,
369 2556 610 2648 amplissimam
625 2555 722 2622 debet
737 2555 887 2622 omnium
905 2554 1064 2622 bonerum
1079 2553 1365 2622 ecelesiasticorum

250 2693 267 2732 «
291 2665 624 2734 administrationem.
654 2667 763 2746 Quare
787 2686 862 2731 enm
886 2662 1006 2730 dieitur
1019 2663 1172 2752 Pontifex
1183 2663 1320 2753 plenam
1336 2675 1366 2730 et

252 2804 267 2841 «
293 2776 430 2843 liberam
459 2777 495 2842 in
524 2775 682 2864 benefieiis
709 2774 950 2866 dispositionem
971 2776 1100 2857 debere,
1130 2795 1286 2866 posseque
1308 2775 1366 2863 jus

252 2912 269 2951 κ
292 2885 399 2974 ipsum
431 2884 581 2950 retonare
609 2883 641 2948 in
671 2883 721 2950 iiis
747 2907 819 2973 qne
849 2884 894 2951 ad
922 2869 1074 2975 beneficia
1100 2885 1278 2975 pertinent,
1301 2905 1365 2950 non

251 3019 268 3058 κ
291 2991 485 3080 intellipitnr
499 3011 594 3080 posse
611 2990 673 3079 jus
687 2991 849 3072 naturale,
867 2994 919 3060 vel
933 2992 1091 3068 divinum,
1107 2992 1136 3058 si
1150 2990 1240 3080 quod
1253 3003 1311 3072 est,
1331 2990 1365 3056 in

251 3127 267 3166 «
288 3097 447 3188 benefieiis
461 3096 642 3177 dissolvere,
659 3098 820 3187 abrepere
836 3101 888 3166 vel
900 3113 1040 3167 mutere.
1060 3099 1129 3168 Sed
1142 3099 1221 3190 quio
1233 3101 1303 3188 sere
1313 3098 1364 3165 in-

252 3234 269 3273 «
292 3229 430 3276 numere
446 3217 522 3273 sunt
537 3205 576 3272 de
593 3206 749 3296 benefieiis
767 3208 848 3297 jure
863 3208 981 3298 scripto
999 3208 1155 3274 cononice
1174 3207 1363 3286 constitute,

251 3343 268 3382 κ
291 3316 362 3383 ideo
379 3314 501 3384 dieitur
515 3317 610 3404 Papa
619 3316 718 3404 plene
734 3326 764 3381 et
779 3315 876 3382 libere
883 3337 979 3404 pesse
992 3315 1032 3383 de
1044 3315 1200 3405 benefieiis
1208 3326 1362 3395 statuere,

250 3452 267 3490 «
290 3426 409 3493 seilicet
427 3424 462 3490 in
484 3423 535 3490 tt«
557 3423 705 3490 omnibns
729 3445 801 3513 quse
819 3423 878 3512 jns
894 3423 1087 3490 canonicum
1107 3422 1192 3490 circe
1213 3423 1365 3512 beneficia

252 3559 268 3597 t(
292 3531 470 3602 constituit.
498 3557 513 3594 n

293 3649 326 3709 2⁰
341 3642 394 3710 Ad
415 3663 512 3732 quenr
541 3663 619 3730 ergo
639 3641 811 3731 pertinebit
829 3641 1013 3710 dominium
1026 3643 1188 3710 bonorum
1202 3642 1366 3710 eeclesias-

252 3750 402 3836 tieorom,
428 3771 517 3835 cum,
535 3771 576 3816 ex
599 3749 696 3816 modo
717 3748 822 3834 dietis,
843 3750 883 3817 ad
905 3750 1027 3841 Papam
1047 3771 1112 3818 nou
1128 3751 1310 3840 pertineat?
1325 3787 1368 3802 --

248 3859 452 3948 Respondeo,
480 3880 548 3925 rem
570 3880 638 3924 esse
661 3857 768 3925 adhuc
793 3859 827 3924 in
843 3858 960 3927 scholis
974 3859 1138 3927 catholicis
1153 3858 1365 3948 disputatum,

248 3971 283 4038 in
313 3969 475 4060 duplicem
507 3965 701 4034 abeuntibus
733 3966 924 4032 sententiam
951 3965 1142 4033 orthodoxis
1168 3965 1363 4034 doctoribus.

281 4219 313 4290 (t)
332 4219 442 4271 Institut.
457 4218 563 4284 morat,
575 4237 599 4286 p.
615 4226 639 4284 2,
651 4219 668 4272 l.
688 4218 731 4286 Vl,
744 4238 767 4272 e.
782 4227 822 4286 tt,
837 4239 862 4288 q.
878 4223 900 4274 1.
