3048 4954
289 503 329 566 72
643 519 818 568 reserares
839 521 879 567 ns
899 519 1053 566 mmmm

285 671 317 732 et
342 664 605 733 excellentiorem
629 673 707 732 toto.
735 663 809 732 Non
834 685 914 754 ergo
932 671 1037 754 potest
1055 663 1182 732 institui
1205 663 1405 754 comparatio

286 773 348 841 nisi
364 773 399 841 iu
410 773 583 866 posteriori
595 795 704 841 sensu.
722 772 786 842 Sed
800 773 846 841 sic
860 773 959 841 etiam
972 771 1135 841 intellecta
1146 777 1301 865 praestare
1312 771 1405 840 theo·

283 881 371 972 logia
394 881 533 950 dicenda
550 888 611 948 est.
634 880 838 949 Praestantiae
860 880 950 949 euim
977 880 1062 948 inter
1086 878 1272 971 disciplinas
1295 880 1406 948 varias

285 987 399 1078 regula
413 996 463 1056 est
476 988 625 1080 ipsarum
643 987 807 1079 objectum
829 988 1007 1080 proprium
1028 1010 1087 1055 seu
1105 985 1316 1055 immediatus
1331 1009 1407 1056 sco·

284 1117 358 1188 pus.
375 1096 449 1166 lam
466 1118 544 1164 vero
557 1094 599 1164 de
623 1117 721 1189 scopo
745 1097 878 1187 proprio
897 1105 929 1163 et
951 1094 1142 1164 immediato
1168 1094 1338 1184 theologiae
1357 1103 1408 1164 est
1507 1181 1508 1196 χ

282 1231 476 1304 agnoscere
490 1209 549 1276 llei
563 1208 772 1278 existentiam
787 1215 819 1276 et
830 1207 998 1294 attributa,
1011 1205 1136 1274 Christi
1147 1203 1355 1274 divinitatem
1373 1215 1407 1274 et
1507 1197 1508 1200 '

285 1323 476 1392 mirandum
504 1319 737 1413 redemptionis
767 1341 862 1410 opus,
889 1317 1041 1386 Ecclesiae
1069 1315 1219 1384 divinam
1245 1316 1406 1385 constitu-

284 1433 408 1499 tionem
420 1439 452 1498 et
465 1429 690 1498 auctoritatem
707 1455 715 1496 ε
731 1424 993 1519 jurisprudentia
1005 1433 1115 1493 autem
1137 1425 1172 1492 in
1186 1425 1405 1514 cognitionem

285 1539 397 1626 legurm
411 1537 454 1604 ab
468 1537 610 1605 Ecclesia
628 1537 663 1604 in
682 1535 808 1604 honum
835 1532 986 1602 fidelium
1005 1531 1253 1601 constitutarum
1274 1531 1407 1624 proprie
1508 1613 1509 1626 1

284 1644 435 1716 intendit.
452 1644 517 1714 Sed
532 1667 726 1734 cognoscere
741 1645 829 1735 leges
847 1643 1076 1713 ecclesiasticas
1097 1641 1210 1710 miuus
1222 1663 1291 1708 esse
1303 1663 1405 1733 quam

285 1776 483 1844 cognoscere
498 1754 606 1846 ipsam
626 1752 803 1822 Ecclesiam
819 1759 851 1821 et
865 1750 1037 1821 Christum
1049 1757 1080 1819 et
1095 1751 1212 1836 Deum,
1228 1771 1326 1818 nemo
1339 1770 1407 1817 uon

284 1862 386 1933 videt.
417 1862 684 1954 lurisprndentia
713 1863 835 1931 scilicet
855 1861 1010 1930 monnica
1034 1859 1260 1953 praesupponit
1280 1857 1408 1926 theolo-

284 1971 388 2062 giam,
415 1971 550 2061 ipsaque
570 1978 726 2060 tanquam
749 1968 965 2040 fundamento
981 1976 1049 2036 tota
1068 1967 1199 2054 nititur;
1214 1964 1271 2034 sed
1285 1965 1407 2035 nada-

288 2078 441 2146 mentoiu
458 2076 608 2146 aediliciis
623 2077 834 2168 prestantius
847 2076 945 2145 nihil.

330 2187 378 2254 lle
407 2187 589 2277 quaestione
612 2195 741 2271 annm,
772 2196 886 2254 utrum
915 2183 1141 2276 preferendus
1171 2183 1213 2252 sit
1241 2183 1409 2252 canonista
1509 2183 1510 2196 ¹

287 2295 452 2386 theologo,
469 2293 602 2387 quando
617 2295 727 2386 agitur
746 2295 786 2364 de
802 2294 1006 2387 promotione
1031 2294 1072 2361 ad
1093 2293 1327 2385 episcopatum,
1349 2300 1408 2362 aut

285 2403 326 2472 ad
342 2404 441 2473 aliam
456 2403 649 2495 dignitatem
668 2405 722 2472 cui
744 2403 906 2472 incumbit
922 2403 1110 2470 animarum
1125 2423 1216 2485 cura,
1234 2421 1408 2468 causarum

287 2511 457 2582 ventilatio
470 2520 502 2579 et
510 2511 695 2602 jurisdictio
710 2512 833 2603 ampla,
851 2511 896 2578 sic
912 2509 1056 2578 sentiunt
1070 2507 1212 2598 theologi
1229 2535 1236 2576 :
1510 2568 1511 2604 r

333 2624 366 2684 1⁰
389 2619 453 2702 Qui
480 2627 564 2688 esset
590 2618 691 2687 simul
717 2619 883 2687 canonista
904 2628 936 2686 et
958 2616 1141 2708 theologus,
1168 2614 1280 2708 procul
1307 2615 1408 2685 dubio
1510 2617 1511 2670 ἓ

285 2726 370 2794 foret
386 2723 528 2816 simplici
553 2723 730 2792 canonista
744 2731 801 2792 ant
815 2723 958 2816 simplici
976 2725 1127 2816 theologo
1150 2725 1405 2816 anteponendus.

286 2833 350 2902 Sed
367 2831 446 2924 quid
464 2832 493 2899 si
506 2854 595 2900 uuus
608 2832 649 2900 sit
664 2832 832 2900 canonista
856 2854 922 2902 non
945 2832 1127 2924 theologus,
1142 2833 1225 2902 alter
1239 2831 1410 2924 theologus

286 2963 353 3010 non
369 2939 558 3009 canonista?

332 3050 512 3119 2⁰1ntocis
534 3047 575 3118 de
589 3048 706 3117 haeresi
724 3071 790 3116 uon
809 3049 965 3140 suspectis
978 3057 1010 3118 et
1031 3049 1088 3117 ubi
1105 3050 1209 3140 magis
1224 3050 1407 3118 vacandum

285 3167 334 3228 est
346 3157 549 3229 ventilationi
564 3179 751 3244 causarum,
769 3157 935 3228 canonista
948 3157 1174 3251 praeferendus
1190 3167 1249 3228 est.
1267 3160 1316 3227 lta
1330 3183 1408 3227 cen·

270 3273 357 3338 'sent
373 3275 505 3337 sanctus
517 3266 661 3336 loannes
676 3266 911 3358 aCapistrano‚
922 3266 1092 3355 Ostiensis,
1108 3266 1219 3336 Abbaa
1232 3266 1408 3336 Panormi-

286 3385 393 3462 tenus,
411 3375 558 3462 helinus,
584 3373 773 3464 Fagnanus,
797 3384 873 3462 ete,
898 3397 980 3466 quos
1001 3375 1077 3442 citat
1096 3385 1128 3443 et
1146 3375 1296 3465 sequitur
1315 3374 1407 3444 Reii-

282 3483 422 3553 lenstucl
451 3485 625 3574 (Procem.,
644 3504 677 3550 n.
709 3483 776 3574 44).
802 3483 975 3553 Rationem
1002 3481 1092 3569 daut,
1115 3481 1204 3574 qnod
1218 3506 1282 3574 per
1300 3485 1406 3566 solem

287 3591 489 3682 theolopiam
502 3613 571 3658 non
582 3591 688 3682 possit
701 3592 771 3681 cepi
784 3591 887 3660 clerus
897 3617 912 3675 ‚·
930 3613 1005 3683 quae
1027 3591 1126 3660 verba
1142 3599 1219 3660 suut
1232 3589 1407 3662 cardinalis

283 3698 459 3768 Ostiensis.

334 3811 366 3873 3⁰
379 3805 493 3888 Quoad
513 3807 585 3875 loca
599 3805 634 3875 in
654 3806 774 3899 quibos
787 3806 949 3899 pullulant
973 3809 1125 3898 hareses,
1148 3817 1205 3879 aut
1223 3810 1281 3879 ubi
1298 3809 1405 3880 haere-

285 3915 343 3984 tici
366 3915 470 3986 vicini
495 3925 584 4002 snut,
609 3915 733 4009 duplex
755 3918 1012 3988 sententia:th
1031 3941 1149 4012 nempe
1175 3920 1289 3990 volunt
1312 3921 1405 3990 theo-

282 4023 398 4114 logum
415 4023 583 4114 anteponi,
599 4045 638 4093 eo
652 4023 740 4116 quod
756 4025 798 4093 ad
822 4025 1035 4118 extirpandas
1050 4027 1191 4096 hereses
1206 4028 1312 4117 magis
1330 4027 1407 4097 ido-

283 4155 343 4201 nea
367 4141 538 4202 censeatur
562 4133 695 4202 scientia
715 4133 894 4226 theologica
916 4157 1016 4227 quam
1042 4138 1219 4206 canonica:
1238 4136 1293 4204 alii
1309 4159 1402 4224 vero,

281 4240 365 4307 inter
395 4262 476 4330 quos
502 4248 632 4310 sanctus
659 4240 799 4311 loannes
824 4266 843 4310 a
871 4242 1078 4334 Capistrano,
1105 4251 1220 4336 putant
1248 4243 1347 4313 etiem
1368 4245 1404 4313 in
