3064 4952
276 471 337 538 att
629 493 803 539 rnamenta
826 493 865 540 ne
888 492 1041 541 relucens

278 659 294 696 a
317 631 513 724 hujusmodi
528 632 782 702 matrimonium
798 632 1005 716 dissoluatur,
1024 656 1081 702 nos
1094 634 1260 725 patienter
1275 633 1396 702 tolero-
1514 629 1525 702 s

278 769 294 806 a
319 742 436 824 bimus,
453 743 483 810 si
496 741 673 810 secundum
694 743 843 812 eamdem
862 743 1127 813 consuetudinem
1146 743 1249 813 udam
1264 744 1398 812 mulieri
1524 796 1525 833 3

279 877 296 913 a
318 849 373 917 cui
385 850 523 918 notauit
534 849 676 918 nrcbendi
688 850 724 918 in
741 851 880 920 Domino
896 852 1084 920 concesseris
1094 852 1303 943 fucultatem.

323 987 340 1023 a
363 959 415 1027 Ad
431 959 593 1028 interioris
608 959 787 1052 disciplinae
802 947 895 1051 leges
910 962 1133 1032 deveniamus.
1152 961 1211 1030 Hae
1227 959 1399 1029 difficilius

278 1066 494 1136 «admittunt
514 1089 608 1136 casus
631 1067 665 1135 in
695 1067 816 1160 quibus
839 1069 932 1140 liceat
958 1070 999 1138 ab
1027 1071 1171 1162 ipsarum
1200 1069 1400 1160 obligatione

278 1203 294 1240 a
318 1197 387 1244 sese
406 1174 608 1244 subtrahere.
633 1173 709 1244 ldeo
733 1176 841 1269 quoad
857 1178 935 1246 istas
951 1178 1054 1247 multo
1072 1178 1147 1270 plus
1162 1177 1348 1268 requiritur
1363 1184 1401 1244 ut
1510 1162 1514 1173 ¹

278 1312 294 1350 a
318 1286 474 1377 praesumi
514 1285 638 1375 possint
671 1287 791 1355 summi
832 1285 1007 1356 Pontifices
1035 1286 1121 1355 nolle
1156 1285 1302 1375 obligare
1334 1285 1401 1353 nisi

278 1421 294 1457 a
318 1403 534 1486 acceptentur.
554 1419 570 1458 u
589 1394 650 1463 Hic
673 1394 710 1462 P.
734 1395 883 1464 Zanserio
903 1419 943 1464 ex
967 1396 1152 1465 traditionis
1176 1395 1401 1463 monumentis

274 1503 414 1572 ostendit
429 1502 604 1572 Ecclesiam
618 1503 800 1572 Romanam
813 1505 956 1574 voluisse
971 1505 1128 1594 obligare,
1140 1502 1401 1594 independenter
1513 1517 1514 1543 ³

273 1611 315 1678 ab
336 1613 564 1703 acceptatione,
586 1613 654 1680 suis
676 1613 760 1680 eirca
784 1614 909 1681 cultum
935 1612 1085 1682 divinum
1110 1611 1246 1703 ejusque
1268 1610 1400 1679 unifor—
1514 1643 1515 1656 κ

276 1717 419 1787 mitatem
438 1717 577 1808 legibus.
602 1718 717 1788 Postea
736 1742 776 1788 ex
798 1718 959 1788 similibus
978 1720 1197 1790 monumentis
1211 1719 1324 1786 innuit
1338 1741 1401 1787 no·
1512 1734 1516 1799 ξ

274 1825 373 1892 luisse
393 1831 501 1893 tamen
523 1824 689 1894 Romanos
712 1825 885 1894 Pontifices
909 1849 983 1896 cum
1007 1825 1202 1916 obligatione
1226 1824 1401 1914 imponere

276 1930 449 2022 perfectam
469 1931 725 2000 uniformitatem
742 1934 778 2000 in
796 1932 849 2019 iis,
868 1955 940 2024 quae
961 1934 1031 2002 sine
1055 1931 1197 2000 evidenti
1218 1931 1401 1999 dissensio·

276 2061 356 2108 num
383 2039 528 2130 periculo
554 2039 642 2130 exigi
670 2061 735 2108 non
761 2040 941 2131 potuissent
965 2064 984 2108 a
1012 2039 1202 2130 regionibus
1229 2038 1400 2108 diversam

276 2149 547 2218 consuetudinem
576 2146 797 2238 sequentibus.
832 2146 956 2213 Deinde
984 2146 1073 2236 leges
1098 2145 1282 2236 pontificias
1311 2146 1402 2213 circa

276 2254 480 2348 disciplinam
496 2255 684 2324 interiorem
699 2253 744 2320 ita
758 2252 992 2344 subdistinguit
1011 2280 1018 2320 ε

325 2393 341 2431 a
365 2365 425 2434 Vel
440 2363 651 2433 introducunt
665 2360 789 2453 aliquid
805 2364 895 2448 novi,
913 2363 965 2432 vel
981 2363 1176 2432 confirmant
1189 2371 1314 2430 mutum
1336 2385 1402 2430 ve-

281 2503 297 2540 α
321 2487 405 2544 teres
416 2471 675 2542 consuetudines.
691 2469 727 2538 Si
740 2470 844 2560 prius,
860 2471 976 2538 merito
988 2471 1145 2563 praesumi
1157 2479 1260 2561 potest
1272 2469 1402 2560 Papam

281 2613 298 2650 a
322 2584 404 2652 velle
427 2605 493 2650 nou
522 2580 680 2670 obligare,
710 2581 773 2646 nisi
795 2579 1014 2668 dependenter
1035 2581 1076 2647 ab
1099 2579 1329 2669 acceptatione,
1362 2600 1401 2646 eo

282 2721 299 2757 a
321 2692 408 2783 quod
425 2690 567 2757 novimte
582 2686 675 2754 facile
689 2687 876 2754 conturbari
891 2688 992 2778 possit
1006 2687 1115 2778 aliqua
1131 2686 1230 2754 natio.

327 2827 343 2865 a
367 2799 403 2868 Si
418 2797 590 2890 posterius,
605 2794 786 2862 videndum
802 2802 863 2881 est,
881 2803 991 2863 utrum
1007 2801 1131 2863 veteres
1145 2793 1402 2863 consuetudines

282 2939 299 2978 a
322 2932 396 3001 quae
423 2908 495 2996 lege
520 2912 731 2989 renovantur,
754 2905 949 3001 cessaverint
973 2925 1031 2996 per
1045 2902 1223 2993 simplicem
1240 2902 1402 2972 desuetu-

283 3048 299 3085 «
322 3019 447 3102 dinem,
476 3023 532 3082 aut
566 3034 622 3103 per
646 3011 850 3079 innocentem
882 3010 1150 3079 consuetudinem
1181 3010 1398 3095 contrariam,
1524 3003 1525 3012 ’

282 3155 299 3193 a
322 3137 378 3195 aut
399 3146 458 3215 per
472 3142 569 3191 usum
583 3117 791 3210 culpabilem.
810 3117 846 3187 Si
862 3140 920 3210 per
935 3118 1115 3209 simplicem
1131 3115 1399 3204 desuetudinem,
1524 3186 1525 3192 χ

282 3263 300 3304 «
322 3246 379 3304 aut
412 3234 601 3302 innocenter
633 3227 851 3296 introductam
885 3227 1080 3296 contrariam
1109 3225 1397 3312 consuetudinem,

283 3365 397 3412 acum
430 3340 543 3430 aliquo
573 3336 786 3404 fundamento
827 3336 968 3426 supponi
1003 3344 1107 3426 potest
1146 3335 1269 3426 Papam
1309 3335 1400 3405 nolle
1522 3396 1523 3400 ,

284 3481 301 3520 a
323 3452 499 3520 renitentes
512 3447 627 3534 cogere
642 3441 683 3509 ad
698 3442 934 3512 observandam
947 3444 1093 3532 legem...
1112 3443 1148 3512 Si
1163 3465 1241 3512 vero
1256 3465 1399 3514 consuc-

283 3589 298 3625 (ι
323 3559 402 3628 tudo
423 3552 586 3624 mntraria
608 3549 693 3618 mala
720 3550 774 3636 sit,
790 3550 857 3616 sive
873 3571 931 3641 per
951 3572 998 3636 se,
1015 3551 1083 3619 sive
1097 3550 1221 3618 ratione
1236 3549 1396 3632 scandali,

283 3698 300 3736 a
324 3677 355 3736 et
377 3665 479 3734 multo
499 3661 604 3750 magis
618 3658 645 3726 si
662 3666 809 3750 suspecta
822 3660 863 3726 sit
877 3659 998 3727 erroris
1010 3659 1098 3726 circa
1112 3657 1223 3744 fidem,
1239 3680 1315 3726 cum
1329 3681 1400 3750 qua

285 3806 301 3843 a
325 3777 474 3846 intimam
495 3767 728 3838 connexionem
755 3764 883 3852 babeat,
911 3788 975 3835 non
1003 3764 1218 3834 dubitandum
1243 3773 1291 3833 est
1313 3767 1399 3857 quin

285 3919 301 3954 a
325 3882 463 3954 Romani
485 3876 656 3947 Pontifices
680 3874 866 3942 renovando
883 3876 1020 3966 priscam
1039 3875 1397 3944 consuetudinemexi-

284 4024 301 4064 a
324 4003 402 4084 gant
428 3991 497 4056 siue
512 4006 604 4054 mora
619 3990 650 4050 et
665 3983 734 4050 sine
750 3982 818 4050 ulla
832 3981 1085 4051 contradictione
1097 3983 1159 4050 sibi
1173 3981 1396 4050 obedientiam

285 4133 302 4168 a
326 4097 486 4194 prestari.
512 4120 528 4158 r
557 4090 805 4182 (Antisebronio,
836 4091 913 4158 diss.
935 4095 968 4176 2,
993 4114 1022 4157 c.
1049 4094 1081 4177 8,
1105 4113 1138 4158 n.
1160 4093 1191 4177 3,
1208 4098 1233 4156 t.
1251 4090 1294 4174 11,
1311 4090 1392 4158 edit.

281 4215 435 4296 flamna
463 4207 560 4290 1771,
588 4222 619 4292 p.
650 4199 740 4288 211.)
767 4198 851 4267 Huic
867 4198 1021 4266 dosuinae
1041 4197 1392 4266 doctissimiZacceriae
