3064 4952
551 503 634 550 urin
655 505 807 552 canonia.
1175 489 1237 554 iot

127 667 142 706 ι
163 643 295 712 cessitas
312 643 460 729 extorsit,
482 667 541 714 uec
560 645 632 713 sine
653 645 802 737 ipsorum
818 645 1016 714 Pontificum
1036 643 1187 716 facultate
1202 647 1235 716 id

126 751 235 819 causi
262 749 413 844 Episcopi
436 752 539 821 tuere.
556 752 655 822 Docet
680 751 713 820 id
736 753 871 822 Martini
891 753 978 824 Vin
999 753 1237 824 Constantiensi

125 887 141 923 ι
164 859 304 928 concilio
319 859 405 928 edita
417 860 604 930 mostitutio
622 889 630 928 :
646 863 738 930 Saue
751 859 878 930 dudum
887 861 922 930 io
935 861 1079 932 exordiis
1087 865 1239 955 pestiferi

126 996 142 1034 c
165 982 195 1038 et
203 969 372 1061 meiquoti
378 971 562 1040 schismatis
564 972 645 1062 jum
655 993 717 1063 per·
725 972 787 1040 Dei
796 971 944 1062 qratiam
955 972 1103 1056 extincti,
1113 971 1161 1042 ad
1171 974 1236 1043 tol-

125 1105 141 1144 «
163 1077 259 1148 tmen
274 1077 443 1160 scandolo,
460 1101 533 1170 quc
542 1091 682 1171 propter
694 1079 914 1148 executionem
929 1077 1134 1150 dioersmm
1148 1082 1236 1151 litte-

125 1215 141 1251 e
163 1209 292 1268 rarum,
311 1209 384 1278 que
396 1186 439 1255 ob
453 1187 495 1254 iis
509 1187 568 1278 qui
577 1209 641 1280 pro
657 1187 813 1256 flumenis
829 1187 1042 1279 Pontificibus
1056 1188 1092 1256 irc
1103 1187 1236 1258 diuersis

124 1323 140 1361 e
162 1295 351 1366 obedientiis
363 1319 397 1365 se
410 1297 576 1388 peribunt,
590 1297 626 1366 in
639 1296 783 1366 nonullis
793 1297 946 1388 parcius
957 1297 1158 1380 oriebantur,
1175 1301 1236 1367 Ur-

125 1435 140 1470 e
163 1407 268 1476 ioum
289 1409 332 1474 Vi
344 1407 379 1475 iu
390 1429 452 1474 suo
467 1405 649 1478 obedientia
663 1421 872 1499 nuncupatus
886 1419 1083 1476 concesserat
1101 1407 1235 1500 quibua

125 1541 139 1578 r
162 1513 242 1582 dam
264 1513 426 1595 Praelatio,
443 1514 533 1607 quod
545 1515 580 1583 io
592 1537 706 1584 eorum
719 1515 905 1584 civitatibus
917 1528 950 1583 et
970 1514 1156 1584 mecenas
1170 1540 1235 1586 non

126 1649 139 1686 r
159 1636 267 1715 posset
287 1623 364 1714 fieri
383 1624 527 1691 executio
551 1624 743 1716 aliquorum
757 1625 943 1694 litterarum
960 1624 1231 1716 Apostolicorum,

124 1759 140 1795 a
162 1731 227 1799 nisi
244 1733 339 1824 prius
362 1731 557 1822 hujusmodi
579 1731 731 1802 Proiectis
745 1733 834 1824 ipsis,
853 1733 905 1801 vel
918 1755 1031 1800 eorum
1045 1733 1237 1826 officialibus

126 1867 141 1904 u
164 1837 210 1908 od
221 1839 283 1908 tor
294 1837 460 1932 deputatis
474 1839 714 1922 exhiberentur,
733 1853 764 1908 ct
774 1863 838 1933 per
857 1841 942 1933 ipsos
961 1840 1152 1932 approbate
1161 1842 1235 1932 sue-

125 1975 140 2012 ι
163 1949 239 2017 crist.
260 1946 313 2015 Ad
329 1948 390 2017 hoc
402 1945 518 2016 deinde
532 1949 736 2041 exemplum,
754 1953 954 2035 coactitii,
972 1949 1160 2018 Alexander
1172 1951 1231 2037 Vt,

126 2085 142 2120 e
163 2055 370 2124 Ferdioando
386 2055 416 2124 V
430 2055 596 2126 Catholico
618 2056 852 2150 Hispaniarum
867 2057 953 2150 regi,
970 2064 1002 2125 et
1015 2057 1161 2127 Ieabellae
1178 2081 1234 2127 re-

126 2193 142 2229 «
162 2167 249 2255 gine
269 2166 437 2254 mucescit,
457 2174 506 2252 ut,
523 2187 600 2234 cum
614 2164 711 2233 ictam
722 2163 895 2258 quasdam,
913 2165 1133 2255 indulgentias
1146 2168 1234 2259 apud

126 2299 142 2337 e
163 2274 334 2366 Hispanos,
352 2273 457 2366 turpis
472 2281 619 2365 quaestus
631 2273 747 2361 gratia,
763 2272 912 2364 evulgari
930 2273 1128 2364 contigisset,
1146 2274 1237 2344 nulla

126 2411 141 2450 ι
163 2383 313 2476 deinceps
329 2382 609 2475 indulgentiarum
622 2381 752 2472 largitio
767 2382 942 2475 apostolica
955 2382 1232 2476 promulgaretur,

18 2489 19 2502 ¹
126 2518 141 2556 ι
163 2515 236 2584 quae
251 2513 318 2560 noo
335 2499 430 2560 antee
444 2513 464 2559 a
478 2491 626 2560 locorum
642 2488 838 2578 Ordinariis,
855 2490 1029 2582 apostolico
1047 2489 1182 2578 Nuntio,
1197 2515 1235 2560 ac

126 2627 141 2664 r
164 2601 286 2694 majore
301 2600 389 2690 regis
403 2599 578 2692 Capeliano
592 2599 662 2668 visa
677 2607 709 2667 et
721 2600 763 2667 ab
777 2599 869 2668 omni
883 2597 1065 2691 suspicione
1075 2599 1235 2670 immunis

126 2737 141 2773 a
161 2709 758 2801 comprobatatuisset.ilaeternmcum
768 2708 1231 2802 ToletsnusArchiepiscopus,

127 2817 328 2908 «Novasque
350 2817 558 2907 Carthaginis
582 2817 773 2909 Episcopus,
799 2817 954 2886 fraudum
970 2815 1234 2909 occupandorum

125 2953 139 2990 a
161 2926 305 3013 obtentu,
321 2949 363 2994 oe
375 2925 565 3018 apostolicas
577 2925 700 2994 litteras
714 2948 780 2994 non
794 2936 889 2994 antea
902 2925 944 2993 ab
958 2925 1037 3017 ipsis
1054 2947 1234 3018 eorumque

125 3034 398 3104 «successoribus
428 3033 578 3125 probatas
607 3033 726 3102 notorii
752 3034 933 3124 acciperent
955 3034 989 3101 in
1024 3034 1235 3126 synodalibus

125 3169 139 3207 r
160 3142 443 3212 constitutionibus
469 3142 638 3223 cavissent,
661 3143 727 3212 Leo
749 3141 781 3208 X
802 3165 888 3211 anno
910 3146 1006 3228 tots,
1022 3142 1112 3212 bulla
1126 3147 1166 3212 ln
1178 3167 1235 3212 su-

125 3279 139 3316 r
155 3275 285 3344 preme
302 3252 374 3320 illas
389 3251 633 3324 constitutiones
652 3249 834 3338 damnavit,
857 3253 1075 3344 precepitque
1090 3260 1128 3321 ut
1136 3253 1235 3346 judi-

125 3384 209 3430 «ces
231 3374 262 3429 et
277 3372 460 3430 executores
484 3361 519 3428 iu
543 3360 659 3429 litteris
683 3360 868 3453 apostolicis
881 3383 947 3451 pro
972 3373 1117 3453 tempore
1131 3360 1234 3454 depu-

125 3497 139 3532 u
162 3470 227 3537 toti
240 3491 279 3536 oc
292 3469 417 3538 notorii
427 3481 458 3536 ct
470 3467 657 3536 tabelliones
663 3490 759 3558 omer
770 3467 821 3535 liis
834 3468 992 3558 requisiti,
1009 3469 1136 3538 litter-os
1147 3469 1235 3562 ipsus

124 3603 138 3638 u
161 3577 354 3668 apostolicos
365 3576 434 3644 unc
446 3575 590 3667 alicujus
596 3597 755 3666 persone,
774 3575 1006 3665 cujuscumque
1017 3577 1234 3647 ecclesiastica

123 3711 139 3750 r
160 3685 213 3754 vel
224 3685 403 3755 mundone
416 3683 587 3775 dignitatis
597 3684 734 3774 ficariae,
751 3683 883 3750 licentia
904 3683 956 3750 uel
972 3705 1138 3768 consensu,
1156 3709 1233 3756 eoe-

125 3819 140 3856 u
161 3795 219 3886 qui
225 3794 353 3887 possint
369 3805 400 3862 et
413 3792 561 3862 debeone
589 3819 605 3856 c

160 3902 262 3972 Nora.
287 3902 360 3971 Non
392 3901 515 3994 requiri
543 3903 794 3993 acceptationem
826 3900 904 3969 cleri
933 3901 1067 3970 secundi
1095 3901 1231 3993 ordinis,

122 4012 263 4102 sequitur
281 4034 301 4079 a
321 4010 447 4078 fortiori
467 4031 509 4078 ex
531 4009 627 4078 dictis
647 4007 687 4076 de
702 4009 880 4100 Episcopia.
910 4008 973 4078 Sed
996 4009 1132 4102 iusuper
1144 4011 1232 4081 idem

123 4120 263 4211 sequitur
283 4141 325 4188 ex
346 4119 436 4186 bulla
461 4120 633 4188 Auctorem
651 4115 742 4209 fidei,
769 4139 843 4208 quae
860 4117 906 4185 sic
930 4117 1026 4186 habet
1041 4119 1103 4186 sub
1119 4141 1236 4190 nume-

126 4228 166 4296 ris
185 4233 202 4297 9
221 4237 253 4297 et
272 4232 308 4296 tl
335 4227 596 4321 propositionum
619 4226 853 4296 damnatarum
869 4227 987 4318 synodi
1002 4227 1233 4300 Pistoriensis:
