3072 4948
297 429 357 497 stt
651 451 824 500 rnicrirus
848 457 886 500 nr
909 425 1063 502 unisonus

295 595 367 676 Quo
396 589 564 660 deficiente
597 613 773 680 consensu,
809 615 876 663 non
907 595 993 664 valet
1028 593 1124 666 etiam
1159 591 1423 688 quadragenaria

315 723 439 792 praxis.

338 814 372 876 3⁰
391 810 459 878 Nec
480 810 645 879 convincit
666 811 748 880 ratio
769 835 812 881 ex
835 813 1093 906 impassibilitate
1108 815 1239 904 regulas
1254 815 1421 884 cancellu-

290 927 350 994 riae
375 923 528 995 servandi
553 925 595 994 ab
620 924 818 994 necessarias
842 947 917 994 oum
940 925 1104 1016 gubernio
1128 926 1328 995 relationes:
1353 949 1421 1016 gu-

291 1033 442 1101 bernium
469 1033 555 1102 eninr
580 1053 648 1101 non
674 1030 768 1101 aliter
793 1054 862 1101 sesa
884 1032 1134 1102 canonicatuum
1158 1030 1324 1102 collationi
1348 1033 1423 1100 im-

292 1141 417 1228 miscet,
435 1161 534 1230 quam
549 1138 745 1232 postulando
760 1140 802 1209 ab
816 1141 976 1232 Episcopo
995 1140 1216 1210 testimouium
1233 1163 1300 1232 quc
1316 1138 1420 1208 fidem

287 1252 383 1321 faciat
412 1251 511 1320 talem
539 1249 639 1318 fuisse
669 1247 709 1316 ad
741 1247 967 1316 canonicatum
1000 1247 1152 1316 canonice
1182 1247 1420 1328 nominatum

289 1382 354 1451 quo
380 1360 484 1451 posito
511 1355 649 1426 solvitur
675 1352 780 1423 eidem
808 1353 976 1423 nominato
1001 1354 1115 1446 pensio
1142 1354 1308 1444 gubernii,
1339 1377 1421 1445 quae

290 1487 379 1534 verre
402 1462 589 1557 praebendae
613 1462 770 1530 rationem
794 1459 890 1530 babet
916 1463 964 1552 (ut
987 1461 1022 1528 in
1044 1468 1181 1529 tractatu
1195 1461 1236 1529 de
1251 1461 1422 1553 Capitulis

158 1565 169 1584 '
291 1573 496 1662 ostenditur).
522 1571 700 1663 Episcopus
720 1577 828 1638 autem
849 1579 915 1638 tam
936 1569 1030 1638 facile
1049 1569 1246 1661 pradictum
1265 1571 1422 1640 testimo-

292 1681 384 1747 nium
410 1679 570 1768 gubernio
594 1677 812 1745 transmittere
837 1684 954 1768 potest,
979 1677 1113 1768 quando
1134 1677 1230 1768 juxta
1254 1676 1422 1746 caucella-

289 1789 347 1856 riae
373 1785 503 1875 regulas
525 1785 705 1853 nominatio
731 1806 789 1875 per
810 1784 934 1876 Papam
955 1786 1134 1876 peragitur,
1157 1807 1256 1876 mam
1279 1785 1313 1852 iu
1335 1807 1421 1854 essu

290 1917 356 1985 quo
372 1894 507 1984 ipsemet
521 1892 680 1960 nominat.

335 1999 461 2082 Quibus
485 1998 561 2065 binc
586 1997 662 2066 inde
690 1998 816 2067 libratis
842 1998 1038 2084 rationibus,
1065 2000 1205 2068 fatemur
1229 1999 1323 2068 uobis
1346 2002 1421 2068 mi-

290 2109 381 2176 nime
402 2115 522 2175 certam
544 2128 613 2174 esse
635 2105 729 2174 dictae
755 2129 894 2199 praxeos
915 2107 1164 2197 legitimitatem.
1192 2105 1324 2176 Etcum
1345 2119 1420 2178 tarn

289 2213 383 2285 facile
406 2215 447 2280 sit
470 2212 550 2282 adeo
573 2214 685 2302 gravis
705 2215 897 2306 questionis
918 2215 1115 2286 solutionem
1133 2238 1153 2284 a
1169 2215 1254 2284 Sede
1268 2219 1419 2308 Aposto-

287 2328 350 2397 lica
375 2325 583 2420 expostulare
608 2334 639 2393 et
662 2323 821 2409 obtinere,
850 2344 917 2390 non
941 2322 1093 2392 videmus
1115 2345 1187 2409 cur,
1213 2325 1306 2394 nullo
1326 2325 1418 2395 iacto

290 2461 364 2506 cum
389 2437 538 2506 Romano
561 2433 719 2504 Pontifioe
740 2432 854 2519 verbo,
880 2441 969 2500 tanta
992 2431 1112 2502 fiducia
1131 2443 1330 2503 assereretur
1352 2457 1417 2526 pro

289 2545 389 2614 nuliis
404 2544 515 2612 baberi
529 2565 622 2636 posse
637 2543 773 2611 nuncin
788 2540 892 2609 Gallia
907 2541 1107 2611 cancellariae
1122 2542 1265 2632 regulas.
1291 2543 1328 2612 Si
1341 2545 1415 2636 jam

290 2662 399 2721 sancta
424 2651 525 2722 Sedes
550 2659 690 2719 mentem
717 2671 810 2718 suam
833 2649 1057 2734 declaraverit,
1080 2649 1169 2742 quod
1193 2672 1253 2719 nos
1276 2653 1416 2722 omnino

290 2761 387 2850 fugit,
404 2783 500 2829 causa
515 2759 609 2828 finita
624 2768 683 2828 est.
701 2758 839 2826 Difficile
855 2766 962 2826 tamen
974 2759 1070 2826 uobis
1083 2760 1320 2850 persuademus
1332 2784 1416 2830 con·

290 2872 427 2940 sensisse
450 2894 535 2956 eam,
563 2879 599 2939 ut
618 2869 734 2962 primae
754 2875 827 2960 post
844 2868 1043 2960 Episcopum
1063 2867 1232 2968 dignitatis
1249 2871 1284 2958 ip
1300 2872 1416 2940 cathe-

291 2975 436 3046 dralibus
459 2978 585 3046 collatio
606 2977 667 3045 sibi
681 2999 748 3044 uon
762 2982 928 3043 remaneat
940 2984 1124 3061 reservata;
1149 3000 1224 3045 cum
1240 2977 1417 3048 videamus

290 3086 325 3151 in
344 3085 494 3177 pluribus
512 3106 624 3153 recens
644 3083 734 3150 initis
754 3081 954 3150 concordatis
974 3103 1103 3151 summa
1116 3106 1196 3151 cura
1209 3106 1280 3153 eam
1296 3084 1415 3154 saltem

289 3193 543 3262 reservationem
560 3192 660 3260 fuisse
675 3199 844 3260 retentam.
869 3191 984 3260 Totam
1002 3212 1079 3258 vero
1095 3190 1135 3258 de
1152 3191 1213 3259 hac
1228 3193 1415 3283 quaestiaue

290 3301 513 3392 opinationem
533 3306 691 3384 nostram,
715 3297 844 3384 habeas,
871 3297 985 3382 lector,
1005 3320 1073 3366 uon
1086 3305 1246 3390 tanquam
1262 3299 1415 3368 absolute

292 3419 463 3494 assertam,
488 3405 543 3475 sed
564 3415 600 3475 ut
620 3406 803 3475 doctiorum
828 3405 902 3472 crisi
922 3413 953 3472 et
969 3406 1177 3496 superiorum
1190 3407 1315 3498 judicio
1331 3409 1414 3476 sub·

286 3516 407 3606 jectam
429 3543 435 3582 :
464 3515 620 3583 timemus
644 3514 734 3582 euim
761 3535 802 3581 ne
829 3512 922 3581 Sedis
946 3514 1140 3603 Apostolicae
1165 3514 1297 3605 juribus
1325 3517 1413 3586 mal-

289 3625 363 3693 liori
387 3625 512 3692 calamo
536 3625 570 3691 in
593 3622 653 3692 hac
679 3623 815 3690 materia
838 3621 1078 3689 detraxerimus
1099 3649 1106 3690 :
1134 3623 1293 3692 timemus
1315 3635 1346 3692 et
1370 3649 1413 3694 ne

290 3731 486 3823 quibusdam
503 3731 599 3799 nimii
613 3731 797 3800 videamur.
