3050 4946
526 543 607 589 sarrs
630 543 781 590 canonici.
1145 525 1209 590 ’433

90 681 359 773 suppressionem
388 681 598 750 decreverant
626 683 788 750 Henricus
817 682 973 751 lustellus
1003 690 1034 751 et
1058 683 1204 753 Vaellus.

90 789 234 870 Questus
247 798 295 857 est
308 791 424 858 Petrus
446 789 486 857 de
501 789 622 875 Maron,
637 811 806 857 recursum
827 789 941 857 habuit
958 790 997 857 ad
1018 799 1209 882 potestatem

89 896 232 984 regiam,
251 897 334 965 lacta
348 898 468 966 codicis
482 897 674 984 verificatio,
692 906 859 989 comperta
873 898 976 985 frans,
987 899 1211 989 frendentibus

94 1003 236 1071 Henrico
251 1004 385 1073 bustello
397 1017 428 1073 et
445 1005 564 1086 Voello,
578 1013 614 1072 ut
629 1014 740 1072 narrat
755 1003 920 1090 baluzius,
934 1005 992 1096 qui
1000 1004 1212 1097 disputationi

91 1110 255 1178 interfuit.
287 1113 396 1181 Coacti
423 1134 502 1201 ergo
528 1111 680 1198 editores,
706 1134 845 1181 canones
868 1111 1074 1180 Sardicenses
1096 1111 1212 1182 edide-

91 1230 184 1306 runt,
198 1243 262 1288 non
283 1228 393 1288 tamen
412 1221 481 1289 sinc
504 1221 712 1290 fraudulenta
737 1222 998 1312 prefatiuncula.
1014 1223 1087 1291 lam
1111 1223 1212 1290 simili

90 1328 221 1414 fraude,
247 1328 279 1395 id
309 1339 369 1415 est,
395 1350 559 1397 canonum
591 1328 834 1397 sardicensium
865 1330 1104 1421 suppressione,
1132 1354 1211 1404 usus

88 1445 162 1504 erat
182 1437 437 1528 Christophorns
456 1437 613 1507 bustellus
631 1439 667 1506 in
687 1438 750 1506 alio
771 1461 839 1506 ase
856 1437 942 1507 edito
962 1436 1069 1507 codice
1091 1461 1212 1507 manu-

88 1545 226 1635 scripto,
244 1557 280 1613 ut
295 1555 420 1615 constat
433 1569 473 1615 ex
490 1547 625 1638 epistola
639 1548 728 1616 Petri
743 1547 783 1616 de
805 1547 915 1616 Merca
927 1545 967 1614 ad
984 1547 1212 1617 Alexandrum

89 1653 216 1743 Papam
231 1654 293 1722 Vll
313 1681 319 1721 :
336 1655 489 1724 lustellus
501 1668 610 1747 pater,
629 1657 823 1725 calviniana
838 1679 965 1748 qnoque
979 1658 1133 1725 haerescos
1146 1679 1213 1725 scc-

88 1774 193 1843 tator,
208 1761 348 1831 codicem
362 1787 526 1832 canonum
541 1767 692 1835 Ecclesiae
708 1767 867 1836 universe
880 1767 960 1835 olim
971 1767 1209 1858 publicaverat,

88 1869 218 1936 amissis
236 1869 276 1937 de
299 1871 460 1940 industria
484 1873 686 1942 Sardicensis
713 1875 841 1943 concilii
868 1875 1045 1942 canonibus
1071 1875 1214 1942 Romani

89 1980 261 2070 Pontificis
269 1994 469 2071 patestatem
484 1983 601 2052 dicem
616 1984 841 2062 asserentibus,
860 2007 898 2052 nc
914 1984 942 2051 si
950 1982 1081 2074 judicio
1095 1986 1211 2054 Eccle-

88 2093 149 2159 siae
177 2093 333 2162 universae
359 2118 380 2161 a
403 2115 536 2184 corpore
564 2116 727 2161 canonum
756 2092 879 2160 rescissi
909 2107 1020 2160 essent.
1053 2095 1146 2162 Hanc
1172 2096 1212 2161 de

89 2199 209 2268 fraude
222 2199 353 2268 bustelli
377 2200 546 2269 historiam
569 2200 752 2292 expositam
771 2209 803 2266 et
822 2199 1026 2267 documentis
1041 2201 1211 2291 probatam

89 2307 193 2374 habes
207 2307 294 2399 apud
315 2307 496 2376 Ballcrinos
511 2309 568 2398 (De
590 2306 733 2397 antiquis
749 2305 871 2374 collect.
888 2328 1064 2392 canonum,
1083 2331 1158 2399 pars
1177 2312 1210 2395 2,

89 2438 120 2482 c.
141 2418 173 2500 2,
192 2415 264 2505 §Q
280 2415 374 2482 -in
391 2415 486 2483 tertio
501 2423 592 2482 tomo
606 2413 752 2504 Operum
775 2413 875 2480 sancti
893 2413 1022 2500 Leonis,
1036 2413 1076 2481 ab
1092 2414 1210 2483 iisdem

88 2523 266 2592 Ballerinis
280 2525 471 2613 editorum).

137 2634 221 2702 Fuse
237 2634 339 2702 iidem
353 2641 500 2702 auctores
515 2641 653 2701 tractant
669 2639 739 2700 tum
756 2631 796 2698 de
814 2632 949 2700 vetustis
968 2617 1210 2702 collectionibus

88 2765 257 2811 canonum
282 2742 528 2829 Africanorum,
545 2741 602 2832 qui
629 2748 726 2808 tantan
749 2739 942 2808 celebritatis
961 2741 1156 2809 exstiterunt
1176 2750 1212 2809 ut

89 2852 191 2919 etiam
217 2851 251 2918 in
276 2849 479 2918 collectiones
505 2872 627 2939 graecas
649 2848 795 2916 translati
823 2849 1051 2938 migraverint,
1073 2858 1145 2918 tum
1169 2851 1209 2917 de

88 2959 288 3052 quibusdam
308 2957 548 3026 collectionibus
564 2955 731 3046 gallicanis
746 2965 776 3024 et
789 2955 861 3024 aliis
876 2956 1037 3047 pluribus.

137 3074 196 3140 His
214 3081 323 3141 autem
347 3072 502 3140 omnibus
523 3070 710 3161 exploratis,
733 3073 865 3138 firmam
887 3071 1075 3139 existimant
1097 3072 1208 3140 Balle-

88 3181 156 3248 rini
179 3181 297 3248 thesim
320 3181 413 3247 initio
436 3179 548 3270 capitis
572 3178 723 3268 positam,
742 3201 859 3270 nempe
878 3192 956 3246 ante
978 3181 1132 3248 saeelum
1153 3185 1204 3263 VJ,

82 3290 238 3382 minum
254 3302 283 3358 et
298 3289 405 3356 salum
419 3286 561 3354 codicem
574 3309 739 3354 canonum
753 3287 964 3356 Nicanorem
980 3301 1011 3356 et
1026 3289 1207 3356 Sardcben-

87 3397 189 3478 siunc,
208 3397 348 3487 publicae
367 3395 574 3464 auctoritatis
595 3396 695 3484 fuisse
712 3393 803 3485 apud
827 3395 1006 3463 Occidentis
1026 3397 1206 3480 Ecclesiae,-

86 3509 164 3575 licet
186 3507 288 3574 simul
302 3507 373 3575 vim
395 3505 477 3594 legis
495 3505 679 3572 obtinerent
702 3504 736 3571 in
758 3505 911 3573 universo
933 3505 1057 3574 mundo
1077 3504 1205 3575 decreta

86 3616 317 3683 Romanorum
349 3614 559 3700 Pontificum,
585 3615 618 3680 in
647 3613 774 3680 scriniis
797 3634 853 3680 seu
880 3612 1023 3680 archivis
1045 3615 1203 3684 Romanae

85 3723 240 3792 Ecclesiae
257 3722 442 3791 authentice
462 3729 635 3789 asservata.
704 3783 710 3812 ,
