3042 4946
317 477 377 542 ill
667 495 842 542 aasentias
864 495 903 540 oa
926 493 1080 541 caracteris
1199 490 1205 502 ·

313 640 367 707 tio.
398 639 469 720 Ona
494 635 625 727 quidem
652 636 747 706 modo
770 635 946 722 intellecta,
977 635 1087 704 omnia
1109 632 1261 704 Ecclesiae
1287 631 1442 702 membra

312 752 568 845 comprehcndit,
596 761 628 820 et
653 752 735 820 nihil
765 751 851 820 aliud
883 761 976 822 sonat
1002 775 1101 845 mam
1127 752 1300 844 ipsammet
1322 750 1434 820 Eccle-

312 863 407 948 siam,
442 869 602 952 quatenus
633 861 723 928 varic
752 867 960 952 potestatum,
995 859 1177 929 officiorum
1206 868 1237 928 et
1267 857 1434 948 graduum

311 967 517 1038 distinctione
538 967 731 1036 ordinatam.
762 967 853 1036 lllam
882 967 944 1036 hoc
959 989 1055 1036 sensa
1070 967 1264 1037 intellectam
1280 966 1434 1036 describit

311 1076 436 1146 Hallier
451 1103 458 1144 :
476 1076 694 1144 collectionem
717 1086 747 1144 et
768 1074 1012 1143 ordinationem
1027 1097 1246 1168 personarum
1266 1095 1433 1166 quaman-

311 1208 460 1278 cumque,
483 1197 554 1253 tam
576 1185 745 1276 operatium
766 1205 868 1276 quom
889 1183 1106 1275 patientium,
1133 1195 1204 1251 tam
1225 1182 1434 1274 saper-imm

309 1323 412 1393 paam
424 1299 626 1392 inferiorum.
643 1298 751 1389 (Apud
760 1297 961 1386 Cellottium,
973 1297 1012 1368 de
1020 1299 1226 1380 Hierorchia,
1237 1297 1362 1390 pagina
1372 1300 1432 1366 444

309 1409 387 1478 edit.
406 1406 603 1498 Rothomagi
621 1407 731 1496 1644.)

355 1523 385 1586 3.
418 1516 578 1586 Strictiori
607 1523 715 1584 antem
743 1537 780 1584 ac
805 1515 938 1606 proprio
967 1524 998 1584 et
1027 1515 1149 1607 ubique
1179 1523 1308 1608 recepto
1335 1537 1432 1584 sensa

309 1627 481 1714 intellecta,
506 1626 550 1693 iis
565 1633 689 1693 tantum
711 1624 857 1715 personis
871 1631 995 1693 constat
1013 1623 1197 1692 hierarchia
1214 1645 1290 1716 qnae
1304 1645 1432 1694 sacram

308 1737 451 1827 aliquam
478 1739 666 1824 potestatem
698 1753 756 1800 seu
790 1731 983 1821 dignitatem
1011 1731 1169 1800 obtinent.
1199 1732 1301 1800 Juxta
1331 1753 1432 1823 quam

307 1841 523 1933 acceptionem
551 1838 742 1907 delinitura
762 1838 894 1908 laudato
915 1837 1064 1907 Hallier:
1090 1837 1178 1908 Ordo
1200 1861 1378 1907 sacrarum
1397 1841 1431 1907 ia

307 1951 451 2019 Ecclesia
459 1970 690 2040 personarum,
709 1947 824 2040 quibas
839 1969 941 2016 sacrae
955 1947 1098 2038 alicujus
1108 1947 1289 2038 sanctionis
1303 1969 1346 2014 ea
1361 1947 1432 2037 offi-

306 2061 355 2127 cio
384 2057 568 2126 coercendae
591 2070 735 2150 potestas
748 2055 977 2124 committitur.
1006 2053 1431 2146 (apuccaloaium,10a

307 2169 418 2253 citato,
435 2168 553 2259 pagina
572 2167 661 2257 153).
1214 2215 1221 2230 .
1509 2211 1510 2260 p

352 2278 392 2344 Et
415 2278 449 2344 in
471 2299 567 2368 opere
584 2277 789 2370 Conferences
802 2274 957 2365 d'rlnpers
976 2273 1027 2366 (aa
1042 2274 1075 2342 la
1094 2273 1294 2355 Hierarcbic,
1319 2274 1430 2342 conl&
1509 2273 1510 2312 ³

305 2409 400 2456 rence
429 2389 457 2471 l,
480 2386 676 2477 questioni,
696 2407 777 2476 page
796 2389 846 2472 14,
870 2369 1045 2453 ἐᾶίὶὶοηᾶο
1061 2384 1241 2470 Besancon,
1263 2384 1363 2474 183⁰)
1383 2384 1428 2452 sic
1509 2389 1510 2412 l

306 2494 523 2562 describitur:
547 2519 564 2557 a
587 2493 634 2560 La
657 2492 838 2560 hierarchia
860 2501 908 2560 est
931 2515 995 2560 une
1021 2492 1223 2584 principante
1237 2513 1280 2559 ou
1301 2493 1431 2582 magis-

310 2631 326 2692 a
352 2611 472 2670 trature
492 2601 684 2694 spirituclle,
701 2603 870 2692 composa'e
887 2600 927 2668 de
942 2601 1051 2669 divers
1065 2600 1178 2670 ordres
1191 2599 1231 2668 dc
1248 2600 1428 2687 ministres,

310 2739 327 2777 a
350 2710 576 2779 sabordonnes
597 2711 643 2778 les
660 2732 722 2778 ans
738 2730 803 2777 aas
824 2716 946 2795 autres,
974 2731 1036 2802 que
1056 2707 1281 2779 taus-christ
1297 2731 1317 2775 a
1332 2709 1431 2777 insti-

310 2849 326 2885 «
352 2822 422 2888 taes
446 2843 530 2910 pour
548 2819 578 2886 le
599 2824 856 2909 gouveraement
880 2826 912 2885 et
933 2816 963 2884 le
978 2817 1101 2885 service
1124 2817 1237 2886 deson
1256 2797 1382 2906 higlac,
1397 2825 1431 2884 et

311 2955 327 2993 a
350 2927 462 3019 qu'ila
477 2927 606 2995 reactus
621 2926 719 2995 d’une
734 2925 873 2994 autarith
887 2924 1158 3016 correspondente
1173 2947 1215 2992 au
1229 2945 1314 3016 rang
1327 2925 1431 3016 qu’ils

310 3063 326 3099 a
350 3058 373 3126 y
396 3035 554 3120 tisanam,
582 3056 660 3102 avec
684 3054 848 3123 promesse
873 3033 930 3100 des
957 3053 1087 3100 seconrs
1116 3031 1313 3100 necessaires
1342 3053 1431 3124 pour
1509 3055 1510 3132 ᾗ

310 3171 328 3208 a
350 3143 425 3211 bien
453 3142 589 3234 remplir
618 3139 733 3210 l’office
761 3139 841 3232 qu'il
868 3141 941 3209 leur
964 3163 984 3208 a
1007 3141 1123 3227 confla,
1152 3149 1184 3208 et
1205 3139 1365 3210 conduire
1382 3140 1430 3210 les
1509 3133 1510 3150 ἱ

310 3277 326 3314 a
350 3247 461 3318 lid'eles
476 3249 558 3318 dans
573 3248 619 3316 les
635 3249 723 3317 voies
739 3248 783 3316 du
800 3248 895 3318 salat.
922 3273 939 3313 a

351 3357 459 3427 Potest
480 3365 589 3426 autern
612 3353 795 3424 hierarchia
815 3354 1028 3440 considerari,
1047 3355 1097 3425 vel
1110 3354 1300 3446 subjective,
1317 3354 1426 3442 idest,

305 3471 339 3538 in
365 3468 511 3559 personis
538 3466 657 3558 quibus
681 3474 824 3553 coastat;
850 3466 903 3533 vel
928 3464 1099 3557 objectiva,
1118 3463 1152 3532 id
1175 3470 1235 3551 est,
1253 3463 1289 3531 in
1303 3463 1377 3555 ipsa
1393 3487 1428 3533 rc

277 3646 284 3659 ,
306 3600 380 3669 qum
395 3575 471 3645 lacit
483 3584 520 3643 ut
534 3574 599 3642 illae
616 3595 764 3664 personae
780 3571 820 3640 acl
836 3570 1050 3640 hierarchiam
1068 3571 1261 3662 pertineant.
1509 3555 1510 3590 ³

349 3685 390 3753 Et
410 3681 564 3773 objectiva
585 3679 717 3773 quidem
741 3689 883 3771 saraipta,
909 3678 1001 3747 nobis
1021 3679 1150 3747 videtur
1172 3677 1357 3747 hierarchia
1380 3679 1429 3746 sic

306 3801 390 3861 recte
418 3789 548 3858 deliniri
567 3816 573 3855 :
592 3791 739 3857 Potestas
764 3809 819 3855 seu
841 3785 1061 3878 praecellentia
1084 3808 1190 3868 sacra,
1217 3799 1382 3878 qnatenus
1405 3809 1427 3854 a
1509 3783 1510 3820 ³

299 3899 454 3994 pluribus
489 3897 633 3989 personis
663 3896 765 3964 variis
799 3894 954 3986 prodibam
986 3893 1204 3985 participata.
1236 3892 1428 3985 Subjective
1509 3919 1510 3924 ¹

305 4017 413 4077 annm
432 4034 439 4076 :
463 4004 613 4076 collectio
629 4027 860 4095 personarum,
886 4013 1044 4095 quatenus
1056 4014 1252 4094 potestatem
1265 4023 1324 4070 sea
1334 4023 1428 4093 prae-

304 4114 488 4182 cellentiam
496 4133 627 4180 sacram
640 4111 743 4180 vadis
750 4109 908 4203 prodibam
913 4108 1207 4201 participantium.
1219 4108 1425 4178 Hierarchiae

302 4223 423 4292 scilicet
453 4219 583 4312 proprie
613 4218 706 4286 dicta
731 4227 903 4309 conceptus
932 4217 1002 4285 hmc
1029 4217 1090 4284 tria
1116 4216 1254 4285 involvit
1281 4243 1288 4284 :
1315 4217 1427 4308 primo
1509 4239 1510 4316 p
