3042 4946
532 921 823 1046 INDEX

285 1197 440 1270 JUXTA
479 1197 798 1270 MATERIARUM
839 1195 1068 1268 ORDINEM.

115 1733 250 1783 Trectetue
267 1731 414 1782 distributio
447 1763 1153 1780 ..................
1219 1730 1229 1778 l

116 1869 226 1920 FARS
249 1865 395 1920 PRIUA.
410 1868 446 1918 De
466 1870 557 1918 neture
572 1867 639 1930 juris
653 1867 775 1918 cononici
779 1902 1156 1916 ..........
1219 1870 1234 1914 t

116 1979 226 2028 §cetto
245 1978 322 2026 Mle
336 1974 1034 2042 jureingenereetdejqubuseeunonicodiversis
1066 2013 1072 2028 .
1107 2013 1112 2024 .
1148 2014 1153 2025 .
1220 1978 1232 2024 t

116 2089 218 2140 CAPUT
235 2088 253 2135 1.
271 2087 306 2136 De
317 2087 375 2150 jure
390 2087 415 2136 in
429 2099 541 2149 genere3
556 2086 611 2150 ejus
622 2085 693 2135 notio
710 2089 735 2135 et
750 2084 826 2135 rerioe
840 2085 939 2148 species
943 2119 1155 2132 ......
1222 2087 1233 2132 t

149 2162 164 2222 5
181 2164 205 2210 1.
222 2159 294 2210 Unde
306 2160 373 2223 juris
386 2171 482 2208 nomen
495 2157 659 2221 desumptum
694 2191 1154 2204 ............
1221 2158 1234 2203 t

149 2233 165 2295 g
180 2235 204 2282 t.
219 2229 367 2294 Quotuplici
386 2243 463 2279 sensu
477 2241 573 2278 nomen
588 2227 654 2291 juris
668 2225 785 2289 usurpari
799 2225 890 2288 soleet,
905 2227 930 2275 et
946 2239 1000 2289 quo
1016 2238 1065 2276 nos
1079 2239 1156 2277 sensu

179 2300 222 2351 bic
238 2313 294 2349 eum
307 2313 398 2350 rocem
411 2297 570 2364 accipiamus
573 2332 1155 2346 ...............
1222 2301 1236 2345 t

149 2372 165 2435 ς
180 2377 204 2422 t.
218 2371 288 2423 luris
302 2371 444 2434 generatim
457 2370 552 2433 sumpti
567 2369 595 2419 in
608 2369 692 2418 verice
705 2367 806 2432 species
819 2365 966 2416 distributio
985 2402 1155 2416 .....
1221 2367 1234 2410 6

117 2464 186 2514 CAP.
205 2463 238 2513 ll.
254 2463 290 2512 De
308 2462 432 2526 primerio
441 2461 507 2525 juris
525 2461 712 2524 cujuscumque
730 2458 898 2516 fundamento
901 2491 1155 2506 .......
1220 2461 1233 2504 s

148 2535 165 2600 g
182 2539 205 2584 t.
220 2533 378 2584 itelelluntur
392 2531 511 2596 quedem
522 2535 661 2597 systemate
692 2563 1153 2580 ............
1219 2535 1232 2578 u

180 2607 322 2670 Propositr'o
339 2606 375 2654 1⁸.
393 2605 555 2667 Principium
570 2603 757 2662 obligationum
779 2615 830 2652 non
852 2600 1014 2652 constituitur
1032 2615 1078 2666 per
1096 2615 1157 2665 pec-

209 2683 264 2730 tum
280 2677 360 2728 ullum
378 2676 473 2726 sociale
488 2677 556 2726 inter
573 2675 692 2725 homines
708 2674 801 2724 initum
819 2706 1156 2725 .........
1221 2677 1234 2722 9

182 2751 321 2813 Propositio
333 2749 370 2797 2¹.
384 2750 471 2812 Neque
493 2761 540 2811 per
553 2747 740 2810 obligationem
756 2745 909 2796 consulendi
920 2745 1023 2796 utilitati
1034 2745 1153 2809 publicoe.
1205 2749 1233 2794 to

181 2821 323 2882 Propoettr'o
337 2820 373 2869 3¹.
385 2821 474 2883 Neque
501 2833 548 2882 per
568 2818 658 2867 lumen
682 2817 798 2868 nuturele
822 2817 929 2866 rationis
955 2815 1057 2866 diotone
1077 2815 1155 2866 telem

210 2897 296 2942 ectum
311 2906 367 2942 esse
380 2891 530 2956 ponendum
548 2893 575 2940 et
588 2891 665 2940 telem
678 2903 734 2940 esee
749 2888 882 2939 vitandum
901 2924 1155 2938 .......
1206 2892 1233 2936 to

180 2963 322 3026 propositio
334 2964 369 3012 t'.
385 2965 471 3025 Neque
484 2975 531 3025 per
543 2959 711 3011 conscientiae
724 2959 852 3008 dictamen
857 2995 1154 3010 ........
1205 2963 1230 3008 tt

180 3035 321 3096 Propositio
333 3034 369 3082 δ’.
385 3035 473 3097 Neque
487 3045 535 3094 per
547 3031 688 3095 ipsummet
704 3031 865 3082 intellectum
880 3029 996 3081 divinum
1011 3030 1043 3080 eb
1057 3033 1156 3080 esterno

210 3103 395 3169 percipientem
416 3105 542 3168 quoedem
565 3106 638 3153 ectus
660 3115 715 3152 esse
736 3101 769 3153 eb
793 3102 943 3154 bominibus
965 3103 1110 3168 ponendos,
1132 3107 1159 3153 et

210 3175 335 3239 quosdam
347 3175 464 3226 vitandos
482 3208 1154 3224 .................
1205 3177 1231 3222 lt

179 3247 321 3309 Propositio
332 3246 369 3298 6¹.
383 3248 471 3310 Neque
486 3259 534 3310 per
544 3245 639 3295 divine
651 3243 790 3294 voluntatis
804 3245 950 3306 essentium,
959 3245 986 3296 vl
1001 3244 1075 3307 culus
1088 3246 1156 3296 Deus

209 3318 309 3381 eliquoe
322 3321 395 3366 nctus
408 3317 528 3380 imperet,
541 3316 605 3367 ulios
622 3319 697 3366 vetet
732 3349 1153 3365 ...........
1205 3319 1231 3365 tt

149 3390 204 3452 52.
216 3390 366 3440 statuuntur
386 3387 515 3453 principie
535 3387 652 3452 quoedem
676 3399 785 3450 quorum
807 3400 856 3452 ope
877 3385 1030 3436 devenietnr
1051 3386 1082 3436 ed
1106 3387 1157 3452 pri·

177 3459 287 3509 merium
301 3458 368 3522 juris
379 3458 564 3522 cujuscumque
577 3457 773 3507 tundamentum
777 3491 1156 3507 ..........
1205 3461 1234 3508 t!

179 3532 325 3594 Propositio
339 3531 376 3580 1¹.
389 3529 472 3580 Homo
485 3530 513 3580 in
525 3529 641 3593 quolibet
649 3533 708 3579 ectu
721 3543 768 3580 suo
779 3528 828 3579 sibi
840 3530 964 3593 proponit
977 3529 1156 3594 attingendum

209 3603 287 3652 ltnem
305 3603 416 3666 aliquem
430 3602 548 3653 ultimum
568 3636 1153 3652 ...............
1205 3607 1234 3654 ts

180 3675 323 3736 Propositio
334 3675 371 3723 2¹.
387 3672 455 3724 Finis
469 3673 575 3724 ultimus
592 3675 625 3724 ed
641 3687 717 3737 quem
737 3673 816 3722 horno
834 3671 981 3723 necessario
999 3671 1081 3723 tendit
1095 3687 1158 3738 quo·

210 3743 274 3794 libet
285 3749 343 3795 ectu
356 3757 403 3794 suo
421 3747 461 3793 est
475 3744 572 3794 bonum
587 3744 693 3808 plenum
711 3757 756 3792 seu
770 3741 897 3793 inlinitum
901 3777 1155 3794 .......
1206 3749 1234 3794 tt

179 3815 323 3879 propositio
338 3816 374 3864 θ’.
387 3817 475 3865 Potest
492 3815 570 3864 horno
587 3813 685 3864 bonum
706 3814 812 3878 plenum
830 3826 977 3879 supponere
995 3817 1020 3864 et
1042 3829 1157 3880 «querere

210 3886 236 3935 in
255 3887 333 3938 rebus
346 3885 423 3937 finitis
440 3919 1155 3937 ..................
1206 3890 1235 3937 lt

148 3956 203 4018 §t
222 3955 352 4007 incumbit
375 3956 475 4008 bomini
499 3956 603 4022 proprie
630 3955 698 4006 dicte
726 3956 848 4019 obligatio
873 3956 997 4008 tendendi
1021 3957 1053 4008 ed
1076 3959 1157 4008 Deum

209 4031 331 4092 tunquam
348 4028 426 4079 linem
446 4026 565 4078 ultimum
568 4062 1155 4080 ...............
1207 4033 1235 4079 ts

147 4101 202 4161 §t
222 4099 348 4151 Praedicte
374 4099 498 4164 obligatio
526 4098 651 4149 tendendi
681 4100 713 4148 ed
741 4101 823 4149 Deum
849 4104 970 4163 tenquern
997 4100 1074 4150 flnem
1101 4101 1158 4150 ulti·

179 4183 251 4219 mum
268 4175 307 4221 est
324 4169 440 4221 omnium
462 4169 648 4234 obligationum
670 4175 696 4219 et
715 4171 780 4233 juris
801 4171 986 4234 cujuscumque
1008 4171 1159 4222 luutlemeu·

179 4247 233 4291 tum
245 4277 1159 4292 .....................
1210 4247 1238 4293 ts
