3064 4952
521 525 603 574 tuuis
626 527 774 574 tliNONlCl.

548 813 690 884 CAPUT
716 812 774 884 tv.

166 1007 205 1052 D!
226 1007 349 1054 rennuit
372 1007 547 1056 snurrrtmtt
569 1009 727 1064 enutritus
750 1008 833 1056 tunts
855 1008 994 1056 cruorum
1018 1007 1127 1056 FONTB.

135 1202 249 1269 Patres
275 1199 447 1287 dicuntur,
472 1201 530 1293 qui
546 1201 760 1291 apostolicam
788 1199 973 1270 doctrinam
991 1199 1084 1268 mdis
1107 1198 1210 1267 veluti

2 1319 3 1374 3
82 1332 149 1400 per
174 1331 292 1377 mornas
318 1307 523 1377 tradiderunt
538 1308 713 1400 inscriptis
734 1308 816 1392 suis,
840 1319 870 1376 et
880 1308 1016 1400 probati
1025 1309 1158 1399 suentnt
1173 1306 1208 1372 in

86 1417 258 1486 catholicis
273 1417 416 1486 conciliis
433 1416 479 1506 (S.
495 1414 688 1486 Vincentius
702 1416 897 1504 Lirinensis,
913 1416 1101 1486 commonit.
1123 1418 1166 1507 1).

138 1529 169 1593 1.
194 1525 330 1594 Petrum
353 1525 521 1594 sententie
546 1523 588 1591 eb
602 1523 745 1593 Ecclesia
759 1524 968 1616 probatos„et
982 1525 1016 1592 in
1029 1524 1117 1614 leges
1130 1523 1208 1594 uni-

87 1631 234 1702 versales
260 1655 319 1725 per
341 1631 480 1701 concilio
501 1639 557 1700 nut
583 1654 641 1725 per
664 1633 830 1730 Romanos
855 1633 1028 1702 Pontifices
1046 1633 1209 1702 transfor·

86 1751 203 1830 matte,
228 1741 429 1834 constituunt
450 1741 506 1834 jus
528 1742 734 1812 canonicum.
759 1743 881 1814 Nostro
892 1743 1034 1834 sommus
1047 1764 1120 1834 quse
1128 1747 1227 1834 pro·x

87 1853 227 1933 bamus,
251 1865 283 1920 et
298 1852 414 1945 quibus
434 1864 583 1922 nostram
603 1853 813 1945 impertimur
833 1853 1075 1935 auctoritatem,
1105 1852 1212 1946 inquit

85 1959 279 2029 Boniiecius
293 1960 370 2030 Vffl
387 1961 426 2052 (c.
446 1965 487 2028 22
504 1960 544 2030 de
558 1960 748 2050 Praebent„
764 1963 798 2029 in
816 1963 862 2053 6).
880 1961 945 2031 Sed
961 1960 1022 2030 hoc
1035 1961 1106 2054 ipso
1125 1966 1211 2053 putet

86 2070 250 2137 rationem
272 2069 357 2159 juris
379 2069 527 2138 canonici
542 2068 733 2161 hujusmodi
755 2069 889 2139 Petrum
904 2069 1008 2139 effatis
1021 2091 1088 2138 non
1107 2069 1210 2139 inesse

87 2182 228 2274 praecise
242 2203 283 2250 ex
299 2205 349 2269 eo,
363 2180 486 2275 quoda
508 2181 662 2250 Patribus
681 2181 802 2275 scripte
826 2182 907 2270 sint,
937 2183 993 2250 sed
1018 2191 1145 2251 tentum
1169 2204 1211 2250 ex

87 2291 262 2359 accedente
284 2299 316 2358 et
336 2289 562 2376 mnoniznnte,
585 2289 766 2380 legislative
788 2289 857 2358 sive
884 2289 1113 2376 conciliorum,
1141 2289 1211 2358 sive

86 2397 232 2466 Romani
245 2395 412 2465 Pontificis
425 2405 591 2489 potestate.

132 2509 166 2574 2.
194 2505 288 2574 Licet
310 2513 418 2573 nutem
442 2526 500 2597 per
526 2527 560 2572 se
582 2504 667 2573 soles
693 2506 863 2574 sententie
890 2505 1025 2574 Petrum
1054 2525 1121 2572 non
1146 2503 1211 2574 sint

88 2637 248 2702 canones,
278 2614 342 2682 illis
371 2613 530 2683 utendum
556 2613 649 2683 docet
675 2615 741 2683 Leo
769 2614 816 2685 IV
842 2617 923 2706 (con.
956 2613 1086 2700 1,dist.
1105 2614 1159 2704 20)
1177 2613 1211 2680 iu

87 2724 231 2814 negotiis
265 2747 339 2817 quae
370 2745 429 2792 neo
456 2719 667 2830 conciliorum
695 2723 894 2810 canonibus,
924 2745 984 2792 nec
1013 2722 1210 2792 Pontificum

87 2833 230 2902 decretis
253 2830 389 2901 delinita
409 2839 511 2917 sunt;
537 2841 569 2900 et
594 2829 640 2900 sic
662 2832 771 2923 aliqua
792 2854 834 2900 ex
855 2841 947 2924 perte
969 2833 1038 2901 vim
1063 2833 1209 2924 aliquem

85 2941 273 3010 sortiuntur
297 2940 383 3031 juris
410 2939 570 3008 cononici.
607 2938 701 3008 Unde
731 2962 798 3008 non
828 2940 951 3008 erravit
976 2963 995 3008 e
1024 2948 1152 3032 recepta
1178 2949 1212 3008 et

87 3049 258 3118 communi
279 3047 511 3117 catholicorum
535 3046 683 3116 doctrina
709 3047 859 3136 Photius‚
884 3047 1069 3130 asserendo,
1092 3071 1165 3140 quse
1189 3072 1210 3116 o

87 3154 287 3248 qtdmudom
311 3156 429 3224 sanctis
448 3154 604 3224 Patribus
624 3154 790 3246 privatim
803 3155 837 3222 in
855 3155 1008 3246 epistolis,
1026 3155 1211 3246 internoqu-

87 3265 233 3333 tionibus
246 3274 278 3331 et
292 3263 551 3356 responsionibus
558 3263 615 3354 pie
626 3262 714 3331 dicto
725 3275 812 3350 sunt,
826 3261 1069 3355 quodammodo
1079 3247 1211 3332 canonis

82 3374 236 3463 sormam
249 3384 412 3462 pl'aetlttt'e
433 3393 542 3461 posse,
565 3389 607 3438 καὶ
626 3405 686 3438 τινα
708 3391 801 3462 τρόπον
821 3392 923 3448 κανόνος
944 3390 1024 3440 τύπον
1045 3388 1210 3462 πιριὲχεσθαι

87 3491 220 3568 δυνάμενα
235 3481 282 3574 (in
296 3483 392 3574 prael.
407 3482 671 3574 Nomomnonis).

135 3595 166 3657 t.
192 3593 280 3659 Ante
302 3590 457 3659 saerulum
480 3589 528 3658 VI
541 3613 704 3661 cononum
719 3592 964 3662 collectionibus
976 3593 1061 3663 dicta
1073 3594 1209 3662 Petrum

88 3699 212 3768 inserto
241 3721 309 3768 non
331 3705 420 3768 sunt.
444 3699 482 3766 in
502 3698 634 3770 Oriente
656 3700 800 3792 primus,
817 3703 938 3771 saeculo
957 3703 1208 3790 concinemus,

87 3806 231 3876 ioannes
266 3806 476 3877 scholasticus
513 3809 693 3879 collectioni
718 3833 787 3878 sure
826 3797 950 3878 eddidit
989 3831 1129 3879 conones
1169 3831 1210 3878 ex

88 3915 124 3982 S.
155 3914 270 3984 Basilii
296 3914 430 4007 epistole
456 3914 497 3984 ed
529 3916 796 4008 Amphilochium
823 3919 1048 4010 depromptos,
1080 3926 1117 3985 ut
1143 3917 1211 4008 ipse

89 4033 226 4093 testmur
252 4025 297 4114 tin
315 4024 507 4117 prefatione
522 4026 563 4094 nd
578 4049 671 4096 suum
686 4028 948 4120 Collectionem).
962 4027 1108 4121 Septimo
1125 4025 1211 4095 desi-

88 4140 185 4199 nente
212 4132 351 4219 soeculo,
381 4132 538 4202 Trullnno
563 4156 621 4204 seu
642 4135 837 4217 Quinisexta
867 4136 1012 4228 synodus
1043 4135 1126 4227 (cun.
1157 4135 1209 4225 12)

89 4239 187 4330 plura
223 4263 408 4329 graecorum
440 4241 575 4311 Petrum
608 4243 763 4334 opuscula
797 4245 882 4312 inter
922 4266 1061 4311 conones
1088 4241 1212 4312 retulit.

1017 4360 1051 4416 ll
