3068 4948
330 523 391 585 290
681 537 853 584 reserares
877 539 914 584 or
937 537 1091 584 rnrncrrns

333 708 348 746 a
372 680 495 747 litteras
517 701 591 746 suas
619 700 768 769 preces...
798 680 875 770 Ejus
896 702 1059 748 successor
1076 677 1264 746 Alexander
1280 679 1326 746 lll
1336 701 1447 769 preces
1530 739 1531 743 ,

331 814 347 852 a
371 779 520 855 armatas
552 786 726 854 admiscuit
754 794 784 855 et
817 787 1000 855 mandando
1038 786 1210 876 rogavit...
1248 785 1318 854 Hoc
1352 787 1446 854 modo
1530 833 1531 838 κ

332 920 349 958 a
371 893 521 983 precibus
537 891 669 983 plenum
685 892 844 961 tributum
860 903 908 960 est
922 893 1035 962 robur.
1061 921 1078 958 a

373 1001 567 1092 Episcopum
594 1004 634 1068 de
660 1001 836 1070 Hontbeim
858 1024 923 1070 non
946 1001 1064 1092 puduit
1084 1001 1248 1070 lutherani
1267 1000 1445 1086 Boebmeri,

328 1131 393 1176 non
417 1108 609 1176 sententiam
633 1117 773 1194 tantum,
801 1109 856 1178 sed
882 1118 913 1178 et
931 1110 1030 1176 verba
1050 1109 1118 1178 lere
1139 1108 1254 1178 sectari
1273 1136 1280 1176 ι
1297 1109 1345 1176 sic
1359 1108 1447 1177 enim

328 1215 381 1284 ille
408 1215 469 1284 sub
497 1215 630 1284 nomine
655 1215 807 1284 Febrouii
834 1219 869 1307 (t.
886 1218 913 1302 1,
928 1217 1070 1309 append.
1090 1217 1151 1308 μς
1173 1221 1226 1302 16,
1245 1238 1319 1307 pag.
1341 1217 1418 1304 798)
1438 1243 1445 1280 :

331 1350 347 1388 c
370 1323 604 1392 Collationibus
625 1321 858 1390 beneficiorum
883 1325 1075 1410 successive,
1104 1324 1218 1392 leuiter
1237 1333 1269 1392 et
1290 1322 1447 1414 pedeten-
1517 1334 1531 1396 ¹.

330 1459 345 1494 a
371 1431 429 1498 tim
450 1455 485 1499 se
507 1432 712 1522 ingesserunt
740 1430 892 1521 (Romani
917 1431 1123 1520 Pontifices);
1149 1430 1230 1521 quin
1254 1429 1310 1498 dla
1337 1430 1446 1498 statim

330 1565 346 1602 a
370 1537 554 1606 immediate
578 1537 641 1628 ipsi
667 1535 863 1622 conferrent,
893 1537 1020 1628 sibique
1043 1536 1205 1628 privative
1228 1545 1444 1605 reservarent.
1518 1614 1523 1627 Ι

330 1672 346 1711 a
371 1646 534 1714 Saeculum
556 1645 787 1714 duodecimum
809 1643 955 1712 medium
974 1654 1056 1732 erat,
1072 1667 1138 1736 quo
1147 1667 1260 1734 preces
1275 1645 1446 1712 dumtaxat
1530 1699 1531 1702 ,

329 1781 345 1818 c
368 1754 560 1845 interposuit
576 1752 762 1821 Hadrianus
779 1761 927 1843 quartus,
944 1750 1090 1841 rogando
1105 1775 1163 1843 per
1178 1752 1302 1820 litteras
1319 1773 1445 1820 recom-
1530 1829 1531 1833 Ἰ

327 1889 344 1928 <c
369 1861 571 1930 mendatitias
587 1860 791 1951 ⁸Episcopum
820 1861 1049 1945 Parisiensem,
1072 1870 1108 1928 nt
1131 1868 1218 1928 certo
1233 1860 1365 1927 cuidem
1380 1859 1445 1928 cle-
1519 1868 1525 1893 ¹

329 1999 346 2038 e
371 1971 436 2037 rico
460 1969 607 2061 pauperi,
629 1968 669 2035 de
691 1967 823 2036 ecelesia
848 1969 929 2037 bene
950 1968 1068 2036 merito
1083 1976 1114 2037 et
1128 1968 1310 2036 eminenter
1329 1968 1442 2057 digno,

329 2107 345 2146 a
368 2077 563 2146 beneficlum
583 2077 691 2168 primo
713 2099 831 2144 vacans
858 2077 1006 2144 conferre
1028 2076 1165 2144 vellet...
1191 2076 1255 2145 Sed
1272 2075 1445 2144 Pontifices

328 2215 345 2255 a
370 2211 445 2256 mox
468 2187 555 2254 ultra
577 2187 756 2276 progressi,
773 2186 840 2253 suis
857 2185 1006 2276 precibus
1018 2186 1147 2254 monita
1160 2194 1192 2253 et
1208 2183 1373 2253 mundata
1389 2185 1444 2252 ad·
1526 2235 1527 2239 η

328 2325 345 2363 «
369 2295 528 2364 diderant.
558 2293 739 2362 Alexandri
758 2294 844 2361 enim
868 2293 967 2378 tertii,
986 2295 1045 2384 qui
1062 2292 1272 2362 immediatus
1286 2293 1445 2362 Hadriani

328 2434 345 2471 a
368 2424 533 2474 successor
548 2410 629 2486 erat,
646 2401 713 2491 jam
729 2413 870 2469 armatae
883 2424 993 2492 preces
1009 2401 1155 2480 fueraat;
1179 2400 1340 2470 monmdo
1356 2403 1444 2468 enirn

329 2542 346 2580 a
369 2521 400 2580 et
425 2509 615 2579 prandendo
636 2509 784 2598 rogavit;
811 2508 908 2600 idque
929 2509 1040 2577 forsan
1066 2508 1137 2576 ideo
1158 2510 1235 2599 qnia
1251 2529 1364 2600 preces
1378 2509 1444 2598 ejus

329 2649 345 2686 a
368 2643 432 2689 non
461 2620 505 2687 ita
520 2617 640 2710 passim
658 2625 689 2684 et
705 2638 833 2708 semper
846 2616 1107 2686 admitterentur.
1127 2617 1187 2682 Ast
1200 2623 1232 2682 et
1249 2617 1443 2684 monitioni·
1526 2607 1527 2612 ’

328 2757 344 2795 a
373 2729 435 2796 bus
458 2727 682 2818 mandatisque
704 2725 790 2794 haud
807 2725 947 2817 amplius
968 2723 1227 2816 proficientibus,
1245 2745 1443 2792 antecessores
1519 2751 1525 2777 1

328 2864 344 2902 a
368 2837 542 2904 Pontifices
564 2835 793 2902 executoriales
809 2833 935 2901 litteras
949 2831 1186 2924 adjunxerunt,
1205 2854 1268 2900 uua
1283 2839 1314 2898 et
1331 2855 1443 2900 esecu-
1527 2825 1528 2830 ’

329 2973 346 3011 a
370 2960 452 3012 tores
473 2944 721 3026 constituerunt,
745 2946 801 3034 qui
815 2945 961 3013 censuris
980 2944 1116 3034 aliisque
1133 2943 1237 3034 poenis
1254 2941 1442 3010 ecclesiasti-

329 3081 345 3119 «
369 3055 415 3122 cis
441 3054 623 3123 ordinarios
647 3054 876 3144 compellerent
903 3065 939 3122 ut
959 3053 1085 3120 clericis
1105 3054 1145 3120 ab
1160 3075 1193 3120 se
1212 3051 1444 3120 commendatis
1524 3116 1528 3127 ,

329 3191 346 3228 a
369 3162 409 3229 de
425 3161 588 3229 beneficiis
604 3161 793 3229 vacantibus
816 3161 1066 3251 providerent...
1086 3159 1320 3228 Successerunt
1347 3181 1443 3226 reser-
1524 3164 1529 3238 Ϊ

330 3303 346 3340 a
370 3275 525 3354 cotiones,
550 3275 701 3364 primitus
715 3274 869 3365 speciales
883 3285 915 3342 ct
934 3276 1157 3366 particulares,
1174 3275 1328 3365 aquibus
1346 3273 1443 3365 pede-

329 3410 345 3446 «
370 3383 482 3450 tentim
510 3381 551 3449 ad
573 3381 747 3473 ampliores
768 3392 799 3449 et
820 3384 984 3471 pcnerulcs
1011 3405 1203 3474 progressus
1225 3382 1345 3468 fiebat;
1377 3405 1442 3450 am-

329 3491 515 3583 cplissimo
554 3489 686 3558 demum
722 3499 753 3556 et
787 3491 953 3560 excessivo
985 3491 1173 3560 earumdem
1211 3514 1351 3560 numero
1391 3513 1444 3581 per

331 3627 347 3666 c
371 3599 501 3690 regulas
512 3598 711 3666 cancellaria
724 3600 901 3689 pontificiae
914 3599 1135 3669 introducto.»
1145 3599 1318 3669 Concludit
1329 3599 1444 3668 Febru-

326 3710 400 3776 uius
421 3708 454 3798 [t.
471 3707 512 3792 ll,
531 3729 604 3798 pag.
633 3707 707 3795 tet)
722 3719 922 3797 preteream
939 3707 994 3799 jus
1008 3709 1232 3776 Romanorum
1249 3706 1444 3775 Pontificum

325 3820 367 3883 ad
387 3813 573 3882 collationes
595 3813 828 3882 beneficiorum
842 3837 910 3883 esse
930 3818 1137 3904 figmentum,
1157 3815 1446 3905 transgressionem

326 3924 542 3991 terminorum
562 3923 698 3988 rationis
715 3931 747 3988 et
758 3921 905 4012 justitiae,
932 3923 1074 3992 fructum
1090 3923 1278 3993 ambitionis
1292 3933 1323 3992 et
1339 3925 1447 3991 avari-

325 4032 389 4117 tiae,
408 4031 553 4121 rapinam
569 4029 695 4120 jurium
711 4031 957 4122 episcopalium,
975 4041 1006 4099 et
1020 4031 1210 4122 hujusmodi
1233 4030 1367 4100 similia.

370 4141 450 4222 Qum
473 4137 585 4208 eadem
613 4138 732 4229 passim
763 4149 924 4208 recantata
952 4141 1093 4232 reperies
1117 4141 1202 4233 apud
1236 4141 1446 4232 quamplures

324 4248 482 4342 gallicano
517 4245 680 4340 systemati
709 4245 852 4314 addictos
880 4247 1065 4339 scriptores,
1097 4260 1128 4314 at
1160 4249 1355 4342 plerumque
1383 4247 1442 4318 sub
