3064 4952
571 484 654 532 rmus
675 483 828 532 cinonrcr.
1195 463 1257 526 215

145 611 232 711 rnm,
247 634 286 694 ut
297 625 398 716 possit
410 625 580 694 Romanus
593 624 756 710 Pontifex,
772 626 800 693 si
815 625 904 706 velit,
922 623 1059 694 decretis
1073 622 1141 692 suis
1156 623 1258 692 eccle·

146 734 280 803 muns
294 732 571 824 merentum.

599 1115 742 1188 CAPUT
771 1116 813 1186 V.

149 1352 248 1398 transt
276 1353 485 1400 emmunim
512 1353 618 1400 venuit
651 1352 697 1399 str
724 1351 869 1400 ROMANOS
899 1353 1070 1400 comittens
1099 1355 1137 1399 DE
1164 1355 1259 1401 FACTO

210 1469 306 1515 notus
329 1469 403 1515 SUAS
425 1471 518 1516 Lenes
541 1469 611 1516 [sse
633 1471 863 1534 ceurennum,
889 1470 947 1516 nist
971 1471 1189 1516 ACGMENTUR.
1318 1458 1323 1472 ’

662 1761 739 1850 gr.

145 1971 275 2022 sententie
297 1975 389 2022 muers
409 1971 532 2035 quasdem
556 1971 628 2036 leges
650 1971 795 2036 pontificius
815 1971 848 2022 ed
869 1971 1032 2036 disciplinam
1054 1975 1211 2034 epectenter,
1228 1971 1260 2021 de

173 2061 241 2112 tecto
265 2073 318 2112 non
342 2061 427 2112 stetim
451 2061 577 2126 obtigere,
597 2065 736 2126 antequem
757 2065 940 2126 acceptentur,
962 2061 1040 2112 modo
1062 2061 1113 2110 hoc
1133 2060 1261 2112 tribuetur

174 2151 261 2202 liberm
279 2151 404 2202 voluntati
422 2151 517 2202 summi
540 2149 762 2214 renunciemus
782 2156 832 2214 est,
843 2155 868 2202 et
883 2152 1022 2202 sustinetur
1037 2165 1052 2202 c
1067 2151 1153 2202 multis
1171 2150 1261 2202 docto·

173 2240 244 2292 ribus
258 2239 401 2292 csthoiicis.

185 2471 279 2540 illem
308 2473 498 2541 sententium
526 2475 689 2544 sustinent
718 2474 896 2562 Cardenus,
926 2473 1087 2560 Veientis,
1116 2471 1258 2558 Tunner,

145 2579 287 2666 lessius,
302 2580 421 2668 Bccun,
435 2581 651 2670 Reginnldus,
667 2581 724 2668 Se,
739 2582 766 2649 F
767 2581 926 2668 illuccins,
943 2581 1080 2666 Kokim,
1093 2579 1260 2650 Hnmcbo-

146 2711 217 2775 nus,
235 2688 416 2774 Navarrus,
433 2689 587 2772 Mirandu,
605 2691 721 2777 Diana,
739 2693 838 2776 Azcr,
853 2691 1028 2776 Bonucine,
1043 2713 1126 2781 ques
1147 2711 1259 2758 omnes

145 2799 218 2867 citet
237 2797 404 2868 Cardenus
426 2798 461 2864 in
480 2821 544 2883 ¹suo
565 2807 702 2868 tructntu
726 2804 774 2868 De
793 2799 916 2890 lenibus
944 2798 1077 2890 (disput.
1105 2801 1159 2884 29,
1176 2820 1205 2866 c.
1225 2801 1256 2883 3,

144 2915 202 2974 art.
225 2909 260 2991 2,
277 2927 312 2972 n.
340 2905 408 2995 65).
430 2905 554 2975 Prueter
576 2906 666 2993 istos,
688 2905 908 2998 quorumdam
932 2905 987 2974 hic
1009 2904 1142 2997 proprie
1160 2904 1259 2974 verbs

144 3006 344 3083 adducimus.

185 3123 345 3192 Cebessut
370 3123 469 3214 (iuris
492 3147 564 3192 can.
593 3123 710 3205 theon,
733 3123 757 3192 1.
779 3125 806 3210 1,
822 3145 851 3192 c.
873 3127 905 3210 d,
926 3131 960 3190 n⁰
982 3127 1013 3208 5,
1031 3120 1110 3191 edit.
1133 3119 1256 3211 Lugd,

148 3232 242 3315 1585,
260 3252 292 3321 p.
313 3233 363 3320 ii)
385 3257 393 3298 ε
414 3258 431 3296 c
445 3229 514 3300 Etsi
537 3252 616 3300 vero
637 3252 843 3300 summorum
863 3228 1059 3299 Pontificum
1079 3227 1256 3320 spiritualis

149 3363 164 3400 c
186 3345 325 3429 potestus
345 3360 411 3407 nen
427 3337 469 3407 ub
487 3337 689 3425 hominibus,
706 3338 763 3406 sed
784 3340 826 3408 eb
846 3339 918 3430 ipsc
939 3337 1005 3406 Deo
1024 3343 1132 3406 ortum
1147 3333 1254 3420 ducet,

149 3471 164 3510 c
185 3445 323 3538 ideoque
342 3468 409 3516 nou
426 3447 527 3538 possit
549 3467 607 3538 per
622 3446 772 3516 homines
792 3447 944 3532 limitari3
962 3445 1040 3537 quis
1060 3452 1169 3513 tamen
1189 3466 1255 3513 nnn

149 3563 432 3645 «presumuntur
461 3553 522 3624 hcc
550 3555 696 3624 nbsolute
726 3555 809 3624 veile
840 3564 877 3624 ut
910 3577 977 3623 suae
1014 3551 1257 3622 constitutiones

148 3690 163 3726 «
185 3664 428 3754 quamprimum
449 3663 655 3734 subditorum
675 3664 886 3733 conscientias
907 3662 1101 3752 astringent,
1117 3683 1159 3730 ne
1178 3683 1255 3729 cou-

149 3772 288 3861 «tinget
317 3781 353 3840 nt
381 3780 521 3864 potestne
553 3772 620 3841 illis
656 3773 815 3841 divinitus
841 3773 875 3840 iu
906 3771 1091 3840 animarum
1120 3768 1256 3838 salutum

149 3906 164 3945 c
184 3880 299 3950 collate
314 3889 459 3950 vertetur
471 3882 507 3949 iu
521 3881 710 3951 eurumdem
727 3882 916 3973 perniciem,
934 3908 950 3946 n
969 3889 1029 3948 etc.

184 3989 304 4058 Juenin
323 3993 413 4078 (inst.
435 3990 547 4072 theol„
565 4014 599 4083 p.
619 3996 650 4077 5,
666 3991 744 4058 diss.
763 3995 795 4079 5,
813 4001 930 4082 quaest.
948 3993 982 4078 2,
999 4012 1027 4057 c.
1046 3989 1077 4080 i)
1097 4015 1105 4056 ε
1128 3989 1255 4072 «Quod

149 4123 163 4161 c
186 4121 280 4166 novae
302 4097 389 4188 leges
404 4100 473 4168 vim
492 4122 558 4168 neu
582 4099 723 4170 habeant
742 4101 775 4168 in
799 4100 987 4193 provinciis,
1005 4099 1040 4168 iu
1055 4099 1175 4190 quihus
1188 4124 1254 4169 non

149 4233 163 4268 c
185 4213 404 4297 acceptentur,
423 4231 487 4277 uon
504 4208 607 4277 oritur
622 4231 663 4278 ex
680 4207 806 4278 deiectu
829 4207 995 4301 potestatis
1009 4207 1044 4276 in
1058 4208 1255 4300 legislatori-
