3050 4946
521 491 602 540 sunu
625 493 776 542 canourcr.
1145 479 1202 542 lat

138 629 266 700 Scilicet
283 637 360 699 tunc
382 653 493 700 recens
512 633 695 701 invaluerat
718 634 917 704 scholasticae
945 635 1115 726 theologia
1140 658 1221 703 me-.

91 738 224 827 thodus,
241 748 371 808 auctore
396 741 482 808 inter
501 749 636 810 caeteros
660 743 712 810 vel
734 751 871 834 patrono
891 743 988 812 Petro
1009 744 1206 829 Lonrbord0,

91 847 212 938 quain
232 855 404 939 utramque
430 858 555 940 partem
579 848 618 917 de
643 849 781 940 singulis
808 851 1039 920 instituebatur
1062 851 1209 943 disputa·

90 955 149 1036 tio,
164 956 339 1046 omniaque
363 955 404 1023 ad
428 955 633 1024 concordiam
655 956 866 1028 vocabantur.
891 958 939 1026 Ea
962 957 1114 1027 methodo
1130 981 1208 1027 usus

90 1070 138 1128 est
166 1061 339 1130 Gratianus
373 1089 380 1130 :
408 1063 528 1131 idcirco
556 1065 703 1132 omnium
733 1065 774 1132 ad
806 1087 839 1133 se
865 1065 973 1133 studia
1002 1068 1204 1134 convertit...

90 1169 228 1240 Accedit
254 1170 339 1264 quod
361 1171 474 1240 eadem
496 1180 590 1241 aetate
614 1173 670 1262 jus
691 1173 785 1242 civile
812 1175 1037 1244 Romanorum
1056 1175 1091 1241 in
1116 1175 1210 1243 ltalia

90 1277 283 1346 reviviscere
303 1302 340 1347 ac
365 1280 499 1371 plurimi
523 1279 594 1347 fieri
620 1281 729 1372 coepit,
753 1290 785 1349 et
809 1281 984 1351 Gratianus
1005 1304 1047 1350 ex
1074 1304 1112 1350 eo
1132 1282 1207 1373 jure

91 1386 195 1455 multa
209 1387 399 1480 desumpsit.

135 1493 197 1563 Sed
223 1496 293 1587 ipsa
318 1499 424 1588 operis
447 1499 634 1590 praestautia
661 1520 813 1588 magnam
841 1499 871 1567 ei
895 1497 1207 1567 commendationem

88 1610 122 1670 et
157 1603 329 1672 hominum
366 1604 639 1675 existimationem
683 1605 876 1675 conciliavit.
913 1606 996 1674 Nam
1035 1604 1208 1674 Gratianus

89 1733 219 1778 summo
234 1710 342 1778 studio
357 1733 394 1779 ac
408 1711 577 1800 diligentia
593 1719 703 1780 vetera
723 1712 914 1804 complexus
932 1721 991 1799 est,
1007 1733 1073 1779 non
1094 1711 1208 1780 ordine

88 1827 216 1887 servato
244 1829 440 1910 temporum,
465 1819 519 1887 sed
548 1821 671 1889 ratione
697 1820 804 1888 habitu
832 1820 1054 1888 materiarum.
1082 1819 1208 1888 Gollec-

88 1925 209 1994 tionem
224 1927 313 1994 dedit
326 1927 429 1994 multo
439 1928 651 2017 copiosiorem
667 1929 794 1995 caeteris
809 1949 884 2018 quae
897 1935 991 1995 antea
1007 1925 1204 2017 prodierant.

89 2033 273 2125 Magnoque
293 2036 418 2124 ingenii
442 2037 603 2118 acumine,
621 2058 696 2126 quae
719 2037 805 2103 inter
826 2059 859 2103 se
879 2057 1026 2127 pugnare
1045 2035 1207 2104 videban-

88 2149 155 2227 tur,
173 2142 214 2210 ad
229 2143 434 2212 concordiam
451 2166 566 2212 vocare
582 2144 717 2213 studuit.

133 2249 280 2318 Peccavit
295 2259 401 2319 autem
415 2252 591 2320 Gratianus
605 2253 690 2342 (quaa
703 2251 789 2318 illius
804 2252 957 2341 temporis
971 2251 1113 2320 conditio
1124 2255 1203 2342 erat)

88 2367 299 2425 monumenta
315 2357 526 2445 desumendo,
545 2381 610 2428 uon
633 2358 711 2449 ipsis
733 2381 774 2425 cx
797 2358 956 2443 lontibus,
973 2359 1028 2426 sed
1053 2381 1094 2425 cx
1115 2382 1207 2426 men-

87 2467 176 2533 dosis
192 2466 435 2536 collectionibus
458 2466 653 2554 Burchardi,
671 2468 780 2535 lvonis
796 2467 995 2553 altiliorum,
1013 2467 1070 2557 qui
1091 2475 1122 2535 ct
1144 2469 1206 2558 ipsi

86 2595 128 2640 ex
145 2574 260 2642 lsidori
276 2575 462 2643 Mercatoris
478 2575 663 2644 collectione
678 2575 864 2642 hauserant.
883 2574 968 2641 Hinc
989 2573 1079 2642 falsis
1095 2572 1206 2641 decre·

87 2683 208 2751 talibus
232 2707 291 2776 pro
317 2685 469 2774 genuinis
493 2685 621 2753 utitur:
643 2683 813 2752 confundit
836 2705 975 2751 canones
1002 2682 1204 2763 Quinisextae

86 2791 217 2881 synodi,
239 2814 315 2860 cum
340 2793 517 2860 canonibus
542 2800 642 2859 sextae
668 2791 877 2859 recumenicae
900 2818 907 2858 :
930 2789 1102 2858 confundit
1128 2791 1206 2858 item

86 2900 262 2967 sententias
288 2901 422 2969 Petrum
444 2923 519 2968 cum
541 2899 676 2968 decretis
696 2899 921 2968 Romanorum
949 2897 1159 2984 Pontificum,
1175 2906 1207 2966 et

86 3029 192 3074 unum
205 3008 378 3076 concilium
401 3017 457 3076 aut
471 3007 662 3075 Pontificem
682 3029 756 3074 cum
777 3007 841 3075 alio
863 3005 999 3074 concilio
1021 3014 1077 3074 aut
1092 3005 1205 3074 Ponti-

88 3116 147 3181 fiee
166 3141 173 3182 :
192 3116 371 3206 corrumpit
397 3124 566 3184 auctorum
589 3122 621 3182 et
644 3115 790 3183 locorum
817 3115 961 3184 nomina.
983 3114 1095 3206 Neque
1117 3117 1204 3182 enim

87 3222 301 3313 antiquitatis,
318 3246 423 3314 neque
440 3223 563 3312 lingua
579 3245 696 3313 graeca
710 3245 833 3312 gnerus
848 3224 921 3291 luit.

131 3331 213 3412 Qua
234 3332 343 3399 omnia
362 3333 508 3400 Gratiani
536 3331 652 3399 ruenda
675 3332 830 3422 praeclare
856 3333 942 3400 inter
962 3331 1042 3398 alios
1062 3333 1204 3398 correxit

85 3440 233 3524 Berardi,
250 3441 429 3532 composito
449 3443 483 3509 in
508 3441 591 3508 hanc
615 3463 683 3508 rem
706 3441 826 3509 eximio
842 3449 982 3532 quatuor
996 3440 1202 3508 voluminum

86 3571 194 3638 opere,
219 3549 252 3615 in
276 3572 342 3639 quo
369 3550 480 3640 spuria
506 3559 537 3616 et
559 3547 659 3616 dubia
685 3571 704 3616 a
731 3549 883 3638 genuinis
910 3555 1057 3614 accurate
1085 3545 1203 3614 distin-

84 3664 244 3745 guantur.

126 3766 297 3847 Quomodo
313 3787 390 3833 varo
413 3755 601 3834 auctoritate
620 3775 739 3834 sanctae
760 3765 853 3833 Sedis
873 3775 1001 3854 peracta
1023 3767 1064 3833 sit
1079 3765 1201 3834 decreti

83 3871 248 3941 Gratianei
263 3873 430 3960 correctio,
449 3873 574 3941 dicetur
589 3873 686 3941 intra.

129 3981 182 4048 Ad
208 3981 429 4049 auctoritatem
458 3981 555 4073 hujus
580 3981 776 4050 collectionis
802 3979 890 4072 quod
917 3981 1042 4070 attinet,
1063 3983 1109 4049 sic
1131 4005 1200 4050 esse

84 4088 262 4156 tenendum
280 4089 375 4156 multi
391 4089 506 4157 docent
523 4115 530 4156 t
547 4090 660 4157 omnia
675 4111 790 4179 nempe
806 4111 880 4179 quae
897 4089 930 4156 in
946 4112 984 4156 co
1000 4089 1197 4174 referuntur,

85 4197 154 4265 vim
171 4198 318 4266 eamdem
335 4197 453 4266 habere
465 4220 502 4265 ac
517 4200 543 4265 si
558 4200 693 4266 seorsim
710 4221 729 4266 a
744 4197 928 4265 collectione
948 4195 1094 4269 Gratiani
1109 4220 1202 4290 spec-

1003 4310 1037 4370 31
