3042 4946
321 481 381 544 530
669 495 844 543 sunericus
866 497 904 542 na
926 495 1081 542 resumens

758 871 902 940 CAPUT
931 871 989 942 IV.

316 1137 354 1180 nu
382 1133 574 1180 ursaincnus
605 1131 799 1196 nvonurivrs,
824 1134 854 1177 m
878 1131 942 1196 rsr,
975 1131 1054 1196 uus,
1079 1129 1177 1176 snum
1199 1130 1307 1177 rosim
1331 1129 1449 1175 urinas
1509 1093 1510 1114 ³

360 1251 476 1298 onarsrr
515 1249 736 1307 rusucurium,
777 1249 831 1294 rna
867 1248 1100 1295 socrommrau
1142 1225 1287 1294 merasce
1323 1248 1447 1294 rvonvr

361 1367 551 1432 micanum,
576 1367 614 1412 ar
637 1368 675 1412 on
698 1366 794 1411 rimo
817 1365 966 1412 avonurrs
989 1365 1077 1412 suar.

360 1605 544 1674 Prorosmro
556 1606 600 1670 1⁵.
614 1601 895 1696 -Semclpositu
910 1603 1024 1672 diuino
1038 1603 1191 1672 Ecclesiae
1204 1602 1446 1672 costumiam

315 1713 462 1805 superius
484 1711 656 1803 descripto,
685 1713 789 1781 coalui
806 1711 930 1804 potuit,
950 1725 980 1781 ct
995 1711 1035 1782 de
1050 1715 1139 1802 sacto
1156 1713 1286 1781 evolutu
1300 1724 1347 1780 cst
1365 1713 1444 1780 hie-

314 1822 448 1890 rarchia
462 1819 629 1912 proditum
644 1820 890 1912 episcopalium.
909 1820 1106 1902 -Etenim,
1120 1843 1163 1890 ex
1174 1820 1279 1905 dictis,
1297 1821 1445 1889 instituit

208 2013 215 2020 ἡ
312 1930 449 2021 ipsemet
467 1927 617 1997 Christus
639 1927 816 2021 Episcopus
836 1938 873 1997 ut
892 1928 1070 1998 Ecclesiam
1088 1951 1180 1998 suam
1203 1938 1369 2018 regerent,
1396 1931 1444 1997 si-

316 2037 450 2128 mulque
464 2059 569 2106 unum
583 2058 625 2103 ex
641 2036 732 2128 ipsis,
749 2037 936 2106 Romanum
952 2035 1084 2121 scilicet,
1101 2035 1190 2104 Petri
1202 2057 1439 2122 successorem,

315 2145 441 2214 eceteris
465 2143 644 2236 praeposuit
668 2167 744 2213 cum
766 2144 937 2236 plenaeos
960 2153 992 2213 et
1016 2144 1233 2214 universalem
1255 2143 1441 2214 Ecclesiam

315 2251 463 2343 regendi,
481 2250 632 2344 pascendi
657 2258 688 2320 et
710 2250 916 2341 gubernandi
941 2257 1109 2342 potestate.
1133 2252 1178 2320 At
1199 2259 1321 2342 praeter
1349 2251 1442 2320 hunc

315 2383 432 2448 unum,
458 2383 555 2452 quem
579 2359 651 2428 aliis
675 2359 711 2427 in
731 2367 829 2451 caput
845 2358 1112 2451 superioremque
1127 2381 1165 2428 ac
1187 2381 1296 2450 regem
1312 2363 1443 2428 consti-
1509 2437 1510 2441 Ἰ

314 2471 389 2554 tuit,
411 2467 552 2558 aequales
565 2467 650 2536 inter
663 2488 697 2534 se
712 2465 874 2557 quoslibet
888 2465 969 2536 alios
984 2466 1131 2558 reliquit3
1156 2467 1202 2534 ita
1217 2476 1268 2555 ut,
1285 2468 1320 2537 vi
1337 2469 1443 2537 solius

316 2573 529 2645 institutionis
550 2573 684 2660 Christi,
709 2581 827 2664 praeter
851 2574 1035 2642 Romanam
1057 2573 1176 2642 Sedem
1201 2583 1233 2642 et
1252 2575 1442 2645 Romanum

315 2683 525 2775 Episcopum,
550 2680 641 2749 nulla
660 2680 752 2750 sedes
777 2680 952 2772 nullusque
973 2680 1154 2773 Episcopus
1174 2680 1276 2750 ullam
1295 2685 1442 2752 auctori-

234 2873 237 2880 ,
315 2800 413 2860 tutem
432 2814 470 2860 ac
488 2790 749 2881 superioritatem
775 2791 811 2858 in
827 2789 936 2860 sedem
960 2790 1058 2858 aliam
1078 2790 1226 2860 aliumve
1241 2791 1441 2884 Episcopum

317 2899 478 2969 habuerit.
508 2897 572 2968 Sed
588 2898 666 2992 quie
682 2900 832 2969 Romano
851 2899 1004 2968 Pontifici
1027 2899 1157 2991 plenam
1175 2901 1211 2969 in
1231 2923 1345 2970 omnes
1359 2903 1443 2971 alios
1508 2901 1509 2904 ’

316 3017 505 3102 potestatem
530 3009 678 3096 contulit,
698 3009 804 3101 potuit
830 3009 859 3077 is
884 3009 1027 3100 aliquem
1050 3009 1150 3101 hujus
1176 3033 1246 3078 sum
1274 3013 1443 3102 potestatis
1508 2989 1509 3022 ³

316 3127 443 3209 partem
459 3140 517 3211 per
531 3121 674 3211 aliquem
687 3121 885 3214 Episcopum
899 3120 937 3188 in
951 3119 1075 3212 aliquot
1091 3121 1177 3190 alios
1190 3121 1444 3190 circumvicinos

316 3226 490 3318 Episcopus
514 3226 730 3297 exercendem
751 3229 968 3318 committere,
992 3235 1024 3296 et
1047 3227 1093 3296 sic
1116 3227 1313 3322 Episcopum
1340 3231 1443 3299 istum

316 3335 450 3406 relative
474 3334 515 3404 ad
540 3336 600 3407 hos
620 3336 702 3406 alios
727 3337 929 3430 superiorem
951 3359 1027 3406 cum
1048 3337 1145 3404 certis
1163 3336 1295 3427 juribus
1320 3339 1442 3407 consti-

317 3452 419 3512 tuere.
436 3445 558 3530 Potuit,
575 3445 668 3514 verbi
683 3446 802 3535 gratia,
817 3445 1051 3536 Apostolorum
1064 3443 1221 3535 Princeps
1236 3444 1356 3513 Petrus
1372 3447 1442 3514 An-

317 3550 466 3619 tiocheno
484 3551 642 3642 Episcopo
666 3559 788 3621 certam
807 3551 984 3643 pontificio
1004 3574 1073 3620 suae
1094 3552 1294 3621 auctoritatis
1316 3562 1441 3645 partem

317 3659 530 3746 committere,
558 3659 593 3728 iu
615 3667 750 3729 ceteros
777 3660 875 3729 totius
902 3658 1162 3751 circumjacentis
1186 3659 1331 3750 regionis
1358 3661 1442 3754 Epi-

316 3790 429 3859 scopus
456 3767 684 3840 exerceudum.
706 3768 797 3838 Idem
816 3768 922 3858 potuit
943 3768 1052 3860 quoad
1074 3768 1355 3838 Alexandrinum.
1378 3772 1441 3838 At-

316 3898 380 3967 que
409 3875 442 3942 id
467 3896 581 3943 revera
606 3875 705 3962 tecit3
733 3883 765 3943 et
791 3877 836 3944 sic
862 3875 928 3944 duo
953 3875 1003 3942 illi
1026 3875 1272 3944 Patriurchutus
1297 3878 1440 3948 instituti

319 3991 406 4050 suut.
421 3983 481 4050 His
494 3993 614 4076 postea,
633 3984 774 4052 Romani
789 3985 955 4053 Pontificio
974 3986 1177 4072 auctoritate,
1195 3984 1262 4053 duo
1276 3985 1346 4070 alii,
1366 3989 1444 4056 Hie-

318 4091 569 4181 rosotymitunus
594 4097 626 4158 et
650 4091 1030 4184 Constantinopolitanus
1050 4100 1267 4164 accesserunt.
1292 4095 1370 4164 Peri
1392 4119 1443 4164 ra·

320 4201 406 4270 tione
429 4201 470 4268 ab
491 4199 604 4269 eodem
629 4203 817 4272 auctoritate
837 4205 988 4274 constitui
1013 4214 1189 4296 potuerunt
1212 4205 1274 4274 sub
1296 4205 1444 4298 quolibet
