3042 4946
494 483 576 530 suuis
599 482 750 528 ceuomu.
1120 461 1179 528 555

33 619 80 690 in
106 645 180 713 quo
204 621 346 713 Spiritus
368 630 498 692 sanctus
520 629 672 714 posuerat
685 621 862 713 Episcopus
877 621 950 691 illos
963 643 1046 714 quos
1059 621 1181 692 Paulus

33 729 253 822 alloquitur.
819 797 821 802 ,

96 843 136 905 2⁰
153 838 408 908 Restrictionem
421 837 659 930 jurisdictionis
674 835 865 930 episcopalis
878 835 920 905 ad
935 844 1061 907 certum
1073 839 1180 908 locum

39 953 80 1015 et
122 947 306 1039 populum,
353 969 506 1039 expresse
549 956 585 1015 ut
623 953 745 1015 certem
788 945 886 1014 tradit
923 946 958 1014 S.
997 945 1182 1039 Cyprianus

41 1056 179 1148 (Epist.
202 1061 241 1123 55
263 1056 305 1124 ad
322 1057 512 1126 Cornelium
529 1056 666 1149 Pupam)
684 1083 692 1123 ι
707 1055 856 1146 Siupulis
874 1055 1061 1148 pastoribus
1069 1059 1182 1148 portio

41 1166 167 1259 qreqis
181 1165 349 1258 adscaipta
365 1179 422 1249 est,
439 1189 540 1258 mam
557 1177 650 1257 repat
671 1165 889 1257 unusqusique
901 1178 1001 1257 atque
1012 1165 1180 1256 pubemet.

41 1272 150 1342 Idem
180 1273 367 1366 Cyprianus
395 1275 429 1342 iu
459 1273 545 1341 libro
573 1273 614 1341 de
641 1273 773 1343 Unitate
801 1273 953 1342 Ecclesiae
982 1275 1028 1340 sic
1058 1273 1178 1342 hahet:

47 1382 282 1473 Episcopatus
307 1405 391 1451 unus
413 1394 471 1464 est,
490 1385 619 1473 cujusa
635 1381 773 1472 sinqulis
788 1381 822 1450 in
843 1379 984 1450 solidum
994 1404 1077 1474 pars
1093 1394 1183 1450 tme-

50 1501 142 1556 tur:
164 1512 241 1581 pars
268 1489 381 1582 utique
408 1489 574 1581 potestatis
595 1488 864 1580 jurisdictionulis
888 1515 896 1555 ι
919 1511 996 1556 nem
1019 1489 1183 1581 potestatis

49 1595 200 1682 ordinis,
228 1619 294 1665 non
317 1605 443 1687 purtem
471 1597 610 1690 quisque
640 1596 831 1689 Episcopus,
861 1596 917 1667 sed
945 1594 1182 1688 plenitudinem

53 1703 199 1794 accepit.

104 1815 137 1879 3·
154 1813 294 1882 Sanctus
315 1811 581 1906 chrysostomus,
598 1821 824 1884 commentans
839 1815 935 1884 citata
953 1815 1052 1884 verbe
1074 1815 1180 1903 Pauli,

53 1921 181 2012 reliqui
196 1933 227 1990 te
248 1923 365 2004 Cretes,
386 1923 432 1990 uit
449 1949 457 1990 :
476 1924 587 2014 Neque
600 1923 689 1992 enim
704 1924 832 1992 uolebat
858 1923 905 2014 (S.
923 1922 1057 2014 Paulus)
1077 1935 1182 1992 totam

59 2033 208 2100 insulam
227 2033 288 2100 mei
309 2033 483 2113 committi,
510 2033 567 2102 secl
581 2033 755 2126 unicuique
776 2056 871 2102 suam
887 2055 1002 2100 curam
1019 2045 1049 2102 et
1063 2032 1183 2101 sollici·
1259 2081 1262 2088 ·

60 2139 211 2208 tudinem
237 2139 411 2232 assiquari.
429 2139 538 2228 (Hom.
571 2143 603 2226 2,
628 2140 662 2207 in
686 2139 966 2232 cep.1Epistolae
995 2143 1036 2210 ed
1055 2144 1180 2232 Titum,

64 2269 99 2312 n.
120 2247 163 2336 1.)

110 2359 143 2422 5ο
169 2348 357 2424 Percelebre
380 2364 427 2423 est
449 2356 551 2426 sancti
575 2355 734 2424 Bernardi
760 2355 802 2424 de
830 2355 999 2449 Episcopis
1028 2356 1152 2426 dictum
1171 2365 1195 2424 ι’

64 2464 195 2532 Habent
222 2461 358 2530 illiciti
383 2463 566 2552 assiquatos
589 2485 711 2554 qreqcs,
741 2462 865 2554 empuli
889 2464 1096 2553 sinpulos...,
1123 2463 1184 2532 olii

64 2571 185 2661 siequli
197 2572 344 2661 sinqulas
362 2571 471 2640 sortiti
484 2582 559 2638 suut
566 2571 677 2662 plebes
756 2571 899 2640 aliarum
922 2572 1180 2664 (Episcoporum)

61 2692 205 2772 potestas
224 2679 317 2748 certis
341 2692 491 2748 arctatur
511 2679 680 2748 limitibus.
710 2679 770 2772 (De
796 2679 978 2763 Comiter„
1000 2680 1023 2748 l.
1045 2685 1077 2769 2,
1098 2703 1126 2748 c.
1148 2683 1179 2766 8,

67 2812 100 2856 u.
122 2789 187 2878 15.)

115 2895 342 2965 utensilium
364 2895 539 2964 Nicaenum
558 2895 649 2986 (Cen.
671 2899 701 2962 5.
721 2933 766 2946 -
780 2895 903 2982 Labbe,
919 2904 942 2962 t.
959 2897 1002 2982 ΙΙ,
1019 2896 1080 2964 cel.
1100 2895 1153 2986 to)
1171 2924 1178 2964 ι

69 3005 206 3094 Antiqua
222 3001 418 3071 cousuetudo
432 3015 576 3072 seruetur
587 3025 649 3094 per
657 3007 854 3094 AEqqptum,
868 3003 1005 3095 Libyam
1018 3016 1048 3072 et
1063 3008 1182 3074 Penta-

66 3113 178 3204 polim,
195 3113 244 3181 ita
261 3125 298 3180 ut
313 3111 554 3180 Aleaaudeiuus
568 3112 750 3203 Episcopus
764 3113 883 3182 larum
898 3113 1047 3181 ommium
1063 3114 1183 3181 tabeat

65 3234 298 3313 potestatem..
316 3220 478 3290 Similiter
492 3233 603 3288 autem
618 3233 648 3288 et
664 3220 756 3310 apud
768 3220 975 3289 Antiochiam
990 3234 1184 3314 ceterasque

69 3329 259 3419 provincias.
286 3329 375 3418 Ergo
395 3327 529 3419 entique
551 3326 783 3397 consuetudine
807 3349 883 3396 suos
899 3328 1033 3420 quilibet
1048 3329 1183 3420 Episco-

75 3459 132 3527 pus
144 3445 173 3504 et
186 3435 373 3504 Petriarcha
386 3431 622 3525 jurisdictionis
634 3433 773 3502 habebat
788 3434 922 3504 limites.

119 3549 147 3612 5·
160 3544 341 3615 Concilium
372 3543 612 3614 oecumenicum
638 3542 1035 3634 Constantinopolitauum
1064 3547 1094 3631 l,
1125 3567 1182 3614 ca-

77 3678 153 3725 none
167 3662 191 3724 22
210 3684 217 3724 :
237 3656 423 3725 Secundum
448 3655 578 3746 repulus
599 3655 790 3724 constitutas
818 3654 1026 3724 Alcaamlriee
1053 3656 1184 3747 quidem

77 3765 245 3856 Episcopus
260 3787 299 3834 ea
314 3787 387 3856 quse
400 3777 477 3832 sunt
491 3764 527 3832 in
538 3767 684 3855 AEqqpto
702 3773 833 3832 tantum
846 3763 1001 3853 pubemet
1017 3791 1027 3831 .·
1045 3765 1185 3834 Orientis

77 3887 179 3943 autem
200 3873 363 3965 Episcopi,
379 3873 479 3942 solius
498 3872 640 3941 Orientis
656 3895 770 3940 curam
784 3884 942 3962 peram...
964 3867 1034 3940 Sed
1044 3885 1075 3940 et
1091 3873 1185 3942 Asia-

77 4007 123 4054 m·
136 3983 272 4052 diocesis
285 3983 442 4076 Episcopi
455 4005 492 4051 ea
508 4003 581 4074 quse
596 3993 672 4048 suat
689 3980 724 4048 io
741 3981 817 4048 Asia
834 3993 864 4048 et
879 4002 952 4071 qua
967 3981 1014 4048 acl
1027 3981 1184 4050 Asianum

80 4092 296 4161 tautummodo
324 4091 504 4160 Ecclesiam
528 4090 707 4182 pertineat,
725 4089 915 4180 qecberaeut.
947 4090 1049 4158 Ponti
1074 4102 1185 4159 autem

81 4201 231 4292 Episcopi,
258 4201 402 4270 Pontice
418 4212 550 4268 tamum
566 4197 708 4267 dioeccsis
723 4197 865 4266 labeant
881 4219 996 4265 curam
1008 4221 1022 4280 ,·
1040 4198 1185 4267 Thracia
