3064 4952
489 555 572 600 Jstsrs
593 552 743 600 cerumar.
1110 533 1171 601 tlt

69 663 320 787 denter'sperari
343 695 444 788 possit
469 695 550 786 legis
576 695 776 781 observatio5
795 696 884 788 atqui
908 695 971 763 nisi
984 697 1173 786 promulge-

70 811 117 870 tur
138 804 190 872 lex
220 803 257 870 in
284 826 480 897 unaquaque
509 803 689 896 provincia,
711 802 889 894 prudenter
917 804 1041 896 sperari
1062 805 1177 895 nequit

68 912 243 981 observatio
257 912 349 1002 legia.
367 913 415 981 lta
430 912 527 982 sentit
545 911 775 980 Benedictinus
789 911 933 982 Zalwein
948 913 984 1004 (t.
1000 912 1029 998 I,
1045 935 1078 1003 p.
1097 915 1172 999 309,

68 1029 174 1090 auctor
199 1021 233 1088 in
259 1021 369 1090 multis
397 1022 550 1107 eximius,
573 1029 605 1088 at
633 1021 666 1088 in
697 1042 762 1087 uon
787 1021 898 1111 paucis
911 1028 1005 1089 extra
1019 1021 1108 1089 viam
1121 1021 1175 1088 in-

67 1128 191 1214 cedens,
217 1136 250 1197 et
278 1151 376 1222 quem
407 1129 479 1197 ideo
505 1127 617 1198 laudat
645 1149 711 1196 non
734 1150 802 1196 una
822 1127 892 1196 vioe
908 1127 1114 1218 Febronius).
1131 1168 1176 1183 -

68 1235 288 1328 despondetur
307 1264 314 1304 :
331 1236 492 1306 Permissa
524 1236 656 1328 majore,
687 1257 771 1326 nego
801 1235 973 1304 minorem.
1002 1235 1086 1304 Nam
1114 1236 1175 1306 hoo

66 1345 132 1437 ipso
156 1348 245 1439 quod
273 1347 375 1416 sciant
402 1344 554 1438 Episcopi
579 1352 612 1413 et
636 1345 742 1414 clerus
766 1353 798 1412 et
820 1343 931 1413 fideles
946 1365 1074 1414 summo
1087 1345 1177 1414 Pon-

67 1453 139 1522 tifici
173 1465 354 1548 competere
392 1463 580 1547 potestatem
619 1453 852 1543 legislativum,
882 1460 914 1522 et
942 1453 1051 1544 ipsum
1079 1454 1176 1522 talem

66 1561 165 1652 legem
202 1564 438 1655 promulgasse,
475 1561 653 1654 prudenter
684 1562 808 1653 sperari
853 1569 956 1653 potest
995 1563 1176 1632 observatio

66 1671 164 1762 legis;
201 1675 279 1764 quia
310 1673 486 1765 prudenter
514 1673 670 1765 praesumi
702 1693 769 1740 non
798 1668 893 1741 debet
918 1671 1097 1764 Episcopus
1125 1695 1177 1742 re-

67 1781 211 1851 bellionis
239 1782 426 1875 exemplum
458 1781 603 1868 daturos,
620 1789 678 1849 aut
699 1788 834 1849 caeteros
848 1780 1069 1851 obedientium
1083 1782 1177 1875 Epis-

67 1912 219 1982 mporum
248 1891 436 1983 exemplum
462 1912 528 1958 non
553 1897 731 1957 secuturos.
764 1889 859 1972 Quod
885 1890 912 1957 si
931 1890 1099 1960 immineat
1122 1915 1178 1961 re-

67 1996 215 2067 bellionis
246 1999 343 2090 hujus
380 1997 572 2090 periculum,
603 1997 737 2066 minime
762 2008 890 2066 arcetur
917 2021 974 2090 per
998 2000 1179 2069 doctrinam

68 2109 254 2176 necessarias
283 2109 318 2175 in
348 2107 524 2200 provinciis
552 2105 832 2198 promulgationis.
865 2105 950 2174 Nam
965 2107 1068 2198 posito
1091 2109 1179 2200 quod

66 2214 171 2306 aliqua
201 2217 292 2306 regio
319 2238 436 2308 parum
461 2215 502 2284 sit
527 2213 569 2282 ad
594 2213 884 2305 obtemperandum
907 2214 1045 2282 decretis
1058 2219 1179 2286 summi

68 2324 232 2392 Pontifieis
260 2323 427 2415 disposita,
459 2346 519 2392 uec
546 2323 760 2415 promulgatis
789 2322 830 2390 ab
854 2323 1013 2414 Episcopo
1044 2324 1094 2393 his
1121 2327 1179 2394 de-

67 2433 156 2500 cretis
198 2431 291 2501 multi
329 2431 491 2519 obedient,
538 2453 597 2499 nec
633 2429 823 2519 obligationi
861 2430 1089 2521 promulgandi
1122 2434 1179 2500 ob-

67 2540 292 2632 temperabunt
327 2540 460 2632 quidam
490 2538 651 2630 Episcopi.
693 2538 780 2626 Ergo
811 2537 882 2604 haec
914 2539 1180 2629 propositiones

66 2649 125 2714 nisi
144 2671 212 2740 per
234 2647 537 2739 promulgationem
559 2646 593 2714 in
614 2645 793 2737 marinosis
818 2647 947 2736 sperari
958 2668 1052 2737 posse
1075 2648 1180 2716 obser-

67 2758 230 2825 vationem
255 2756 344 2846 lepis,
370 2779 436 2824 uon
463 2763 590 2822 tantum
616 2753 696 2822 ialsa
714 2762 774 2842 est,
790 2753 847 2822 sed
871 2755 906 2822 in
927 2758 1179 2848 propositionem

66 2868 199 2936 omnino
217 2865 398 2958 oppositam
424 2873 471 2933 est
486 2864 653 2951 mutanda,
672 2887 801 2956 nempe,
814 2863 958 2934 admissa
976 2865 1125 2937 doctrina
1141 2871 1180 2938 de

67 2976 252 3044 necessitate
262 2975 539 3066 promulqationis
549 2975 584 3041 in
593 2974 786 3064 provinciis,
797 2974 854 3041 viz
861 2974 1043 3065 prudenter
1055 2981 1183 3068 sperari

64 3097 167 3172 posset
197 3084 306 3174 [epum
329 3083 579 3175 pontificiarum
605 3081 794 3150 obseruatio.
819 3081 902 3150 Nam
927 3086 1181 3175 promulgationi

68 3189 257 3282 hujusmodi
281 3191 407 3260 obstare
433 3199 569 3281 possunt
591 3197 760 3280 potestates
783 3189 894 3258 civiles
909 3218 917 3268 ς
933 3207 964 3259 at
986 3214 1045 3281 pro
1059 3197 1181 3264 errori-

67 3297 137 3386 bus,
159 3295 359 3391 prejudiciis
383 3306 413 3366 et
440 3297 598 3366 malevolo
625 3297 735 3364 animo
755 3297 874 3389 quibus
889 3321 975 3390 saepe
987 3304 1022 3366 in
1037 3311 1179 3370 sanctam

69 3405 185 3477 Sedena
206 3417 239 3475 et
258 3406 432 3475 Ecclesiam
458 3405 646 3474 catholicam
662 3404 822 3491 laborant,
844 3405 1030 3496 frequenter
1044 3407 1084 3476 de
1098 3410 1181 3478 facto

68 3516 259 3601 obstabuut;
277 3513 363 3608 quod
374 3515 414 3583 de
425 3513 626 3607 principibus
636 3513 799 3581 hereticis
813 3513 976 3604 praecipue
992 3513 1178 3598 dicendum,

69 3622 203 3693 historia
225 3622 360 3714 probat,
379 3621 467 3690 unde
485 3631 516 3690 et
530 3621 658 3690 obstare
681 3628 834 3712 poterunt
848 3643 888 3688 ue
904 3645 1052 3690 summus
1066 3624 1182 3693 Ponti-

68 3731 118 3800 fex
135 3732 241 3824 possit
263 3730 375 3798 fideles
389 3729 546 3819 obligare.
562 3729 589 3796 E
603 3737 727 3816 contra,
744 3729 847 3819 posito
861 3728 948 3820 quod
962 3733 1180 3822 promulgatio

68 3841 100 3906 in
124 3837 303 3934 provinciis
323 3861 388 3906 non
414 3839 455 3906 sit
478 3837 669 3925 necessaria,
691 3837 818 3905 obstare
832 3845 998 3928 nequeunt
1010 3849 1182 3929 potestates

69 3950 178 4018 civiles
202 3949 283 4041 quin
308 3947 475 4016 Romanus
489 3946 641 4015 Pontifex
662 3946 891 4014 conscientiam
902 3945 1048 4016 fidelium
1061 3949 1182 4041 ubique

70 4067 231 4126 terrarum
255 4058 344 4147 liget.
370 4055 461 4124 ldem
486 4054 659 4124 dicendum
680 4077 755 4122 oum
771 4055 979 4146 proportione
993 4055 1033 4123 de
1047 4055 1182 4148 Episco-

71 4170 121 4258 pis
142 4166 253 4234 minus
277 4175 363 4234 reete
384 4187 463 4252 erga
475 4173 618 4232 sanctam
634 4161 750 4230 Sedem
772 4161 905 4250 affectis,
920 4173 952 4231 et
965 4163 1184 4256 quibuslegcs

73 4274 247 4366 pontificias
272 4273 502 4365 displicerent:
524 4280 654 4362 possent
677 4269 737 4358 illi,
765 4271 1059 4362 promulgationem
1090 4295 1182 4342 suam
