3050 4946
327 507 388 572 tos
680 525 856 574 intortius
880 527 917 574 oe
941 526 1095 572 carnotens

324 666 426 734 Porro
449 666 570 733 scimus
595 686 698 732 unum
725 665 809 732 inter·
833 666 1034 734 consultores
1054 663 1345 754 congregationum
1362 663 1454 732 indi·

324 775 370 842 cis
394 782 426 842 et
444 773 553 842 Sancti
575 771 680 840 Officii
700 775 1020 862 praestantissimum,
1043 773 1098 842 cui
1122 773 1204 840 liber
1219 771 1361 840 traditus
1380 771 1455 839 fne-

324 889 375 948 rat
401 879 500 949 atde
526 902 564 948 eo
587 878 749 970 judicium
774 879 884 966 ferret,
908 903 976 949 non
995 879 1234 969 divulgandum
1256 901 1340 970 opus
1359 877 1454 969 judi-

323 1009 422 1055 casse.
453 985 529 1054 Fuit
557 986 586 1053 is
615 985 780 1054 Johannes
808 987 912 1072 Bona,
946 996 1024 1055 tunc
1048 984 1211 1077 generalis
1232 985 1454 1054 Bernardinae
1517 991 1518 1016 ³

322 1095 582 1186 congregationis
600 1094 712 1182 abbas,
733 1103 843 1185 postea
858 1117 937 1166 vero
956 1095 1146 1181 cardinalis3
1163 1093 1257 1186 cnjus
1269 1093 1452 1184 judicium,

321 1225 381 1293 pro
407 1202 529 1292 insigni
550 1201 706 1270 doctrinae
732 1210 764 1270 et
789 1203 915 1293 pietatis
945 1203 1120 1294 famaque
1141 1201 1256 1270 merito
1276 1199 1455 1268 fruebatur
1516 1221 1518 1292 t

322 1313 522 1380 clarissimus
540 1313 604 1399 vir,
622 1313 763 1381 multum
779 1313 887 1382 valere
910 1313 1023 1382 debuit
1037 1311 1125 1404 apud
1141 1309 1372 1380 Alexandrum
1391 1309 1453 1376 vu
1517 1299 1518 1302 ¹

321 1419 465 1510 aliosque
481 1419 646 1488 Romanos
667 1441 826 1510 proceres.
844 1421 938 1488 lllam
958 1429 1068 1488 autem
1085 1419 1186 1488 Bonae
1210 1418 1450 1509 opinationem,

321 1525 362 1592 ab
377 1524 514 1615 ipsomet
530 1527 661 1618 propria
686 1549 786 1596 manu
811 1527 1017 1619 descriptam,
1041 1527 1163 1594 detexit
1181 1533 1214 1593 et
1231 1525 1450 1594 transcribere

322 1635 426 1723 potuit
454 1633 491 1701 P.
524 1635 685 1722 Zaccaria,
715 1636 766 1704 his
796 1637 919 1705 scilicet
949 1637 1059 1704 verbis
1086 1635 1345 1704 concinnatam:
1372 1637 1449 1702 Post

322 1743 419 1808 Luca
441 1741 602 1810 Holstenii
623 1756 775 1824 mortem,
793 1757 879 1812 notae
893 1767 974 1835 quas
990 1743 1157 1835 promisit,
1173 1742 1293 1810 nullibi
1308 1742 1448 1810 mocrite

321 1861 397 1914 sant
417 1848 473 1938 (l).
489 1851 536 1916 Et
550 1872 624 1918 cnm
636 1851 717 1940 solio
736 1855 789 1939 59,
807 1852 841 1918 in
852 1852 1051 1942 professione
1062 1850 1143 1941 fidei
1157 1851 1249 1918 electi
1264 1850 1445 1940 Pontifici,

321 1963 354 2020 η’
373 1958 426 2040 tt,
444 1954 619 2024 damnetur
635 1959 802 2026 Honorius
824 1961 920 2049 Papa
946 1957 1018 2026 ideo
1039 1960 1119 2050 quia
1133 1957 1250 2048 prauis
1276 1957 1446 2025 heretico-

321 2083 397 2129 rum
412 2064 643 2134 assertionibus
653 2067 841 2156 fomentum
855 2067 1030 2158 impendit,
1049 2067 1078 2134 si
1091 2067 1188 2136 verda
1203 2066 1370 2134 delineata
1384 2065 1446 2132 sint
1517 2101 1518 2166 ἐ

320 2193 393 2238 vere
412 2173 446 2240 in
467 2176 688 2266 autoprapdo,
717 2199 780 2244 nea
801 2199 841 2244 ea
872 2177 958 2244 nott's
979 2199 1141 2269 apparere
1158 2175 1265 2267 possit
1283 2173 1445 2264 mornado
1517 2171 1518 2194 i

321 2279 398 2346 duic
424 2281 552 2350 onlnem
571 2282 733 2352 medelam
755 2285 884 2375 afferat,
906 2297 1048 2376 praestat
1075 2307 1141 2352 non
1160 2283 1330 2372 diouiqari
1351 2304 1442 2372 opas

321 2387 475 2478 Ejusdem
500 2391 666 2460 sententiae
694 2393 882 2462 invenimus
911 2395 1010 2462 tuisse
1037 2391 1286 2460 celeberrimum
1309 2389 1349 2458 P.
1376 2391 1445 2459 Sir·

321 2495 496 2584 mundum,
518 2498 604 2565 circa
627 2497 818 2588 praedietam
840 2499 1053 2591 professionis
1077 2498 1155 2567 fidei
1176 2497 1367 2566 formulam.
1395 2497 1446 2566 Sic

321 2605 409 2672 enim
428 2605 469 2672 ad
486 2607 663 2696 ipsummet
688 2607 893 2676 Holstenium
920 2607 1081 2676 scribebat
1099 2633 1107 2674 :
1123 2611 1173 2675 De
1191 2606 1333 2674 Honor-ii
1345 2607 1445 2674 etiam
1516 2609 1517 2618 ’

305 2727 307 2735 “
321 2711 502 2802 defensione
512 2726 607 2794 recte,
626 2714 753 2805 opinor,
767 2714 941 2804 judicasti,
959 2737 1033 2783 eom
1049 2715 1213 2806 optimam
1228 2713 1334 2782 ndei
1346 2737 1446 2804 paam

321 2841 361 2884 cs
379 2820 530 2888 Maaimo
551 2833 582 2888 et
607 2823 781 2890 Anastasio
799 2821 987 2892 didicimus.
1011 2825 1055 2890 At
1076 2822 1162 2890 midi
1186 2822 1249 2890 dac
1272 2822 1305 2888 in
1324 2843 1360 2888 re
1380 2844 1444 2888 non

322 2939 392 2993 tam
416 2927 555 2995 imolens
581 2928 686 2997 videri
704 2931 784 2999 solet
805 2932 934 2999 Grecos
954 2931 1188 3001 Monotdelitas
1212 2930 1396 2998 Hortarium
1413 2931 1444 2994 in

321 3035 439 3102 erroris
471 3037 524 3106 sui
553 3039 682 3106 tradere
710 3039 885 3122 invidiam,
920 3063 1023 3131 quam
1059 3038 1253 3108 mirandum
1284 3042 1445 3107 Rontarras

322 3145 401 3214 olan
424 3144 509 3236 iosos
533 3146 568 3214 in
593 3149 685 3216 electi
709 3149 879 3240 Pontifices
898 3149 1104 3241 professione
1115 3171 1191 3218 cum
1206 3149 1353 3218 heretici
1364 3148 1445 3238 dup-
1515 3209 1516 3230 ,

321 3253 421 3320 matis
434 3253 621 3322 auctoribus
647 3255 776 3345 Serpio,
795 3257 938 3345 Pyrrho,
957 3257 1076 3326 Paullo
1093 3271 1123 3324 et
1138 3259 1236 3326 Petro
1258 3257 1444 3326 Constanti-

321 3359 533 3452 napolitam's,
552 3385 618 3429 una
631 3363 732 3430 etiam
748 3365 877 3434 Honori
887 3366 1204 3456 nomeninsamasse
1218 3363 1443 3484 quodprimus

321 3489 435 3536 eorum
469 3469 704 3539 assertionibus
738 3471 920 3540 fomentum
954 3473 1197 3564 impendisset:
1223 3472 1269 3540 sic
1297 3471 1387 3540 enim
1416 3492 1443 3537 se

321 3575 440 3644 hadent
469 3577 567 3644 verda
598 3579 686 3647 illius
718 3581 950 3671 professionis,·
981 3605 1083 3673 quam
1113 3605 1188 3650 cnm
1216 3581 1302 3649 inter
1329 3593 1442 3648 veteres

322 3685 474 3753 Ecclesia
493 3689 651 3756 Romane
673 3691 848 3778 formulas,
876 3714 949 3782 qua
974 3692 1010 3758 in
1035 3715 1152 3760 manas
1170 3713 1261 3758 meas
1279 3703 1440 3769 arnmot,
1514 3737 1515 3780 ,

322 3793 533 3884 offendissem,
563 3797 606 3864 ad
630 3797 766 3866 illarum
793 3800 942 3882 editione,
965 3803 1061 3893 cujas
1087 3823 1177 3892 spem
1205 3805 1245 3867 D.
1275 3798 1443 3870 Cardinali

323 3904 456 3971 Sancte
486 3905 645 3972 Susamtae
663 3907 818 3995 feceram,
844 3908 912 3976 daec
940 3931 1009 3977 anu
1031 3931 1084 3976 mc
1106 3908 1319 4000 potissimum
1348 3931 1440 3978 carna
1513 3985 1514 3994 ἵ

324 4009 495 4080 deterruit.
1512 4001 1514 4098 i

355 4173 387 4233 (t)
405 4171 505 4221 Invenit
529 4185 573 4222 eas
593 4176 683 4236 postea
703 4175 833 4240 Zaccmia,
852 4179 897 4228 scd
916 4179 1080 4244 imperfectas
1102 4183 1128 4230 et
1150 4180 1264 4232 necdum
1286 4181 1377 4232 ordine
1397 4195 1437 4246 po·
1513 4141 1514 4182 i

323 4255 394 4320 sitae.
