3064 4952
559 489 643 538 mers
664 491 814 538 mnonrcr.
1182 469 1244 534 153

134 655 151 692 ι
172 628 279 699 tiones
293 631 335 699 ah
349 631 515 724 Apostolis
527 639 601 725 post
623 653 791 702 excessum
808 631 929 702 Christi
945 631 1075 701 Domini
1089 639 1243 721 erogatae

134 764 151 804 ι
173 746 271 830 atque
286 761 306 806 a
319 737 484 810 Clemente
498 741 587 835 Papa
601 763 709 832 graeco
722 740 875 811 idiomate
890 739 1094 833 conscripta.
1112 767 1128 804 s
1155 739 1244 808 Alle-

129 855 210 937 gant
221 855 331 918 autem
346 848 396 917 illi
409 850 596 938 maculatae,
612 857 710 943 caput
734 848 878 936 Placuit,
907 853 938 935 1,
959 843 1174 918 distinctionis
1192 849 1244 934 16,

130 964 162 1024 et
171 967 267 1050 capnt
281 961 457 1044 Quoniam,
474 963 506 1049 7,
517 959 734 1030 distinctionis
748 957 911 1051 ejusdem3
922 956 980 1026 uhi
990 979 1130 1027 mnones
1139 957 1245 1048 Apos-

129 1067 270 1138 tolorum
298 1091 358 1162 pro
375 1071 541 1139 canonicis
555 1068 729 1163 scripturis
751 1075 983 1158 agnoscuntur.
1011 1064 1119 1134 Citent
1147 1065 1244 1134 etiam

126 1197 187 1268 pro
212 1197 247 1244 se
276 1175 516 1248 Tertullianum
543 1178 592 1269 (in
619 1177 704 1246 lihro
728 1183 841 1245 contra
868 1173 1061 1263 Praxeam);
1094 1179 1243 1242 sanctum

128 1283 345 1354 Athanasium
367 1285 413 1376 (in
428 1285 599 1379 synopsi),
622 1285 680 1377 qni
693 1305 832 1353 canones
848 1282 1079 1374 Apostolorum
1093 1289 1245 1350 numerat

128 1393 215 1461 inter
233 1391 492 1486 hagiographos3
514 1403 547 1463 et
571 1401 720 1462 sanctum
742 1393 903 1463 loannem
925 1391 1163 1460 Damascennm
1186 1394 1243 1482 qni

129 1501 197 1590 (lib.
217 1505 250 1588 1,
275 1501 316 1570 de
340 1501 404 1571 fide
423 1501 615 1594 orthodoxa)
640 1525 695 1571 eos
722 1523 842 1594 ponere
870 1499 999 1570 videtur
1025 1502 1110 1570 inter
1137 1523 1244 1570 sacras

126 1609 324 1702 Scripturas.
353 1611 460 1705 Hujus
484 1619 534 1681 sat
548 1612 734 1681 communis
755 1611 841 1680 inter
867 1609 1048 1680 canonistas
1076 1610 1244 1680 sententia

124 1717 270 1787 defensio
286 1719 391 1788 videri
406 1727 510 1812 potest
519 1718 607 1812 apud
623 1719 914 1809 Schmalzgrueher
930 1717 1157 1809 (Prooemium,
1171 1719 1192 1810 ς
1209 1724 1241 1805 7,

125 1843 161 1894 n·
177 1831 276 1918 258);
295 1829 383 1921 apud
398 1829 636 1898 Bellarminum
654 1829 705 1922 (de
727 1827 949 1921 Scriptorihns
968 1828 1081 1896 eccles.
1112 1829 1146 1896 in
1169 1828 1244 1898 Cle-

124 1937 266 2027 mente);
282 1939 370 2030 apud
389 1937 522 2007 Sixtnm
545 1937 721 2008 Senensem
736 1937 783 2027 (in
798 1935 1010 2024 Bibliotheca,
1027 1936 1050 2004 l.
1079 1935 1111 2028 2)
1126 1963 1134 2021 ;
1151 1943 1183 2004 et
1209 1936 1242 2004 in

122 2045 209 2114 notis
224 2045 373 2115 Severini
388 2047 476 2115 Binii
491 2046 577 2116 circa
593 2048 652 2116 hos
667 2069 808 2116 canones
826 2045 971 2138 (Collect.
988 2045 1102 2114 concil.
1118 2044 1239 2130 Mansi,

123 2165 145 2221 t.
164 2155 193 2241 Ι,
211 2177 245 2245 p.
265 2155 330 2247 57).
349 2154 465 2224 Binins
485 2164 594 2225 nmen
612 2155 694 2224 dnos
712 2175 779 2222 non
798 2177 867 2222 esse
888 2153 1090 2222 authenticos
1108 2153 1239 2240 latetur,

122 2284 241 2355 nempe
257 2267 297 2330 65
314 2272 346 2332 et
362 2267 402 2331 st
419 2290 426 2330 :
444 2271 638 2332 caeterorum
654 2261 932 2332 authenticitatem
946 2260 1101 2330 defendit.

164 2370 222 2438 111.
244 2371 356 2440 Critici
371 2393 449 2441 vero
471 2371 593 2440 nedum
612 2372 698 2440 inter
720 2393 753 2440 se
776 2367 973 2439 concordent
990 2369 1073 2438 sicut
1091 2370 1241 2438 canonis-

122 2489 175 2564 tae,
191 2480 226 2546 in
249 2479 358 2548 varios
377 2479 571 2548 scinduntur
592 2501 719 2548 sensns.
737 2477 900 2547 Beronius
923 2476 977 2569 (ad
991 2499 1069 2546 ann.
1093 2477 1169 2568 100)
1184 2501 1243 2547 cn-

119 2610 223 2656 noncs
238 2588 470 2680 Apostolorum
487 2585 690 2656 authenticos
704 2585 846 2654 admittit
857 2593 984 2654 tantum
1000 2589 1052 2654 52.
1069 2583 1243 2654 Bellarmi-

119 2719 182 2765 nns
198 2696 281 2784 (loco
304 2694 400 2764 modo
416 2694 523 2786 citato)
540 2694 620 2762 dicit
639 2695 802 2785 lepitimos
823 2716 886 2762 esse
908 2693 1014 2762 solum
1032 2697 1072 2760 50
1096 2693 1241 2784 priores·

117 2806 260 2898 reliquos
280 2829 345 2874 non
368 2827 432 2874 esse
451 2805 626 2897 lepitimos‚
655 2805 806 2896 quamvis
830 2827 851 2872 o
878 2804 998 2873 mace
1025 2803 1237 2894 ree'piaotur.

117 2915 236 2982 Petrus
250 2912 411 2982 deldarca
438 2911 642 3002 (Concordia,
660 2913 684 2982 l.
703 2917 735 2999 3,
749 2936 777 2980 c.
803 2915 834 3002 2)
862 2913 907 2980 ait
931 2935 986 2982 eos
1006 2913 1110 2980 videri
1133 2921 1240 3004 poste·
1337 2937 1349 2952 ·

116 3021 222 3092 riores
241 3045 328 3090 anno
350 3021 473 3090 Christi
493 3025 571 3109 258,
600 3021 803 3113 antiquiores
824 3029 934 3089 tamen
947 3019 1083 3089 concilio
1106 3021 1240 3090 Nicaeno

117 3131 237 3221 primo.
251 3127 343 3198 idem
358 3129 455 3198 sentit
468 3128 633 3198 Antonius
647 3129 729 3218 Pagi
746 3128 875 3219 (Critiae
885 3129 920 3196 in
935 3129 1080 3197 Annales
1093 3129 1238 3215 Beronii,

117 3236 251 3304 adanu
272 3235 362 3326 100).
389 3236 560 3326 Dnmesnil
583 3235 751 3327 (Doctrina
769 3243 801 3303 et
823 3235 950 3327 discipl.
971 3235 1135 3324 Ecclesiae,
1162 3237 1185 3304 l.
1206 3241 1237 3322 3,

117 3369 151 3413 n.
180 3345 211 3436 9)
229 3343 395 3413 contendit
416 3345 475 3414 hos
495 3367 635 3413 canones
650 3366 709 3413 nec
730 3343 963 3435 Apostolorum
981 3365 1039 3412 nec
1061 3343 1239 3412 Clementis

115 3479 197 3542 csse,
215 3454 428 3548 primumque
441 3477 556 3525 eornm
569 3455 757 3525 meminisse
770 3452 1000 3523 Nectariumin
1012 3453 1138 3546 synodo
1152 3453 1238 3523 Gon-

114 3563 404 3656 stantinopolitano
418 3587 504 3635 anno
521 3567 597 3634 394.
615 3563 856 3656 Albaspinaens,
880 3560 1120 3632 eruditissimus
1139 3563 1237 3656 Epis-

114 3695 217 3764 copus
233 3671 483 3742 Aurelianensis
501 3673 666 3766 (Ohserv.‚
687 3675 711 3743 1.
728 3676 759 3760 1,
775 3696 806 3741 c.
827 3673 893 3763 13),
910 3679 1003 3763 putat
1016 3671 1237 3741 collectionem

117 3780 235 3849 horum
251 3803 413 3852 canonum
431 3781 515 3850 nihil
530 3782 703 3852 aliudesse
718 3805 819 3874 qnam
842 3780 1007 3871 epitomen
1032 3781 1236 3872 privatorum

117 3890 330 3960 conciliorum
354 3900 385 3958 et
410 3913 521 3961 rerum
544 3913 565 3959 a
586 3892 723 3984 privatis
750 3889 918 3984 Episcopis
938 3889 1149 3977 semitarum,
1178 3893 1236 3984 qni

119 4019 239 4085 graecas
262 3999 410 4067 ecclesias
438 4007 514 4068 ante
543 3998 717 4068 concilium
753 3999 925 4069 Nicaennm
951 3997 1232 4069 administrarunt.

119 4105 277 4177 lutensior
305 4115 414 4177 antem
450 4131 518 4201 prae
560 4109 686 4178 caeteris
725 4109 790 4178 fuit
821 4108 873 4178 his
903 4108 1082 4178 canonibus
1111 4109 1235 4178 Natalis

123 4211 305 4284 Alexander
322 4215 416 4306 (Hist.
440 4215 533 4303 ecci,
551 4241 624 4288 saec.
643 4217 669 4304 l,
688 4216 815 4286 dissert.
837 4216 902 4308 18),
920 4217 994 4308 plus
1009 4239 1104 4309 ecquo
1125 4217 1233 4286 forsan
