3042 4946
601 503 682 554 stillis
705 505 856 553 GANONlCI.

704 798 746 866 ll.

363 989 380 1035 Α
397 985 490 1050 quibus
506 989 533 1035 et
548 984 679 1050 quomodo
695 985 780 1049 possit
797 983 943 1048 jurisdictio
966 983 1094 1050 delegari.

213 1189 242 1252 l.
270 1183 463 1254 Admittitur
487 1185 704 1254 communiter
731 1192 885 1278 tanquam
900 1194 987 1254 certa
1000 1196 1033 1254 et
1052 1188 1214 1276 generalis
1228 1210 1282 1255 re-

164 1292 255 1383 gula,
281 1314 356 1360 aum
379 1293 435 1384 qui
462 1293 557 1360 babet
575 1293 834 1384 jurisdictionem
865 1292 1066 1362 ordinariam
1091 1317 1183 1385 posse
1209 1317 1281 1364 eam

164 1399 325 1490 delegare.
348 1399 481 1469 Constat
507 1408 614 1469 autem
637 1423 703 1468 uon
719 1400 825 1468 solum
846 1421 886 1468 ex
909 1399 1057 1492 positivis
1070 1400 1213 1470 textibus
1226 1403 1282 1493 ju-

163 1509 211 1577 ris
232 1507 448 1596 ecclesiastici,
469 1518 501 1578 et
524 1533 564 1578 ex
581 1517 736 1602 perpetue
754 1509 907 1578 Ecclesia
928 1509 1037 1601 praxi,
1054 1509 1109 1578 sed
1126 1510 1223 1579 ctiam
1239 1533 1281 1582 ex

164 1619 288 1688 ratione
306 1644 313 1685 :
330 1640 407 1685 nam
430 1616 505 1686 talis
525 1625 574 1686 est
593 1640 735 1709 praesens
750 1617 893 1687 bominis
918 1617 1074 1705 conditio,
1093 1626 1130 1686 ut
1152 1619 1282 1688 nonnisi

163 1724 258 1794 valde
283 1725 420 1794 limitato
448 1723 553 1793 labori
578 1725 665 1793 vires
686 1724 758 1816 ejus
780 1723 928 1794 sufficere
953 1724 1087 1816 possint.
1109 1724 1204 1793 Unde
1219 1726 1283 1795 nisi

163 1831 261 1925 Papae
278 1831 418 1901 liberum
442 1840 525 1902 esset
545 1833 685 1902 aliorum
704 1832 827 1902 auxilio
845 1831 948 1902 multa
969 1832 1098 1923 negotia
1112 1833 1278 1925 expedire,

165 1939 325 2030 generalis
350 1939 501 2008 Ecclesiae
524 1939 717 2030 gubernatio
736 1939 919 2025 fatisceret;
939 1947 1036 2032 atquc
1056 1937 1141 2007 idem
1158 1939 1281 2010 dealiis

163 2046 321 2135 Praelatis,
360 2069 420 2139 pro
457 2046 599 2139 pondere
633 2070 786 2117 curarum
825 2057 856 2116 et
887 2049 1093 2137 negotiorum
1123 2049 1281 2140 cujusque

163 2157 290 2224 muneri
318 2157 537 2242 incumbente,
561 2155 735 2224 dicendum
763 2164 821 2223 est.
848 2155 943 2224 Unde
957 2177 1032 2222 cum
1054 2153 1205 2224 Christus
1221 2179 1281 2225 vo·

162 2263 260 2331 luerit
282 2263 457 2332 Ecclesiam
478 2263 519 2331 ab
534 2262 723 2332 bominibus
738 2262 820 2352 regi,
838 2268 1094 2353 potestatemque
1109 2285 1128 2330 a
1141 2285 1176 2330 se
1191 2286 1280 2331 com-

163 2369 358 2439 municatam
399 2372 440 2438 ab
479 2371 665 2440 bominibus
702 2379 786 2440 recte
817 2369 989 2456 exerceri,
1021 2369 1280 2440 concludendum

162 2479 342 2548 necessario
371 2488 429 2566 est,
462 2478 602 2548 voluisse
631 2479 728 2548 etiam
762 2487 950 2570 potestatem
987 2479 1069 2547 banc
1100 2501 1194 2571 posse
1223 2501 1281 2571 per

162 2586 336 2655 auxiliares
351 2610 370 2655 a
383 2587 532 2656 Praelatis
545 2588 702 2656 exerceri.

207 2697 237 2761 2.
257 2695 477 2764 Nihilominus
494 2695 644 2786 superior
664 2694 850 2764 ordinarius
870 2717 934 2763 non
956 2702 1060 2786 potest
1073 2702 1173 2763 totam
1185 2717 1278 2765 sunm

158 2799 427 2892 jurisdictionem,
466 2802 649 2871 inconsulto
687 2801 850 2893 Principe,
895 2801 987 2870 alteri
1031 2801 1190 2891 delegere.
1232 2804 1280 2872 lta

161 2910 376 2978 communiter
398 2909 574 2978 canonistae
593 2909 680 2999 (vide
695 2908 917 2996 Reiffcnstuel,
934 2908 970 2976 in
988 2913 1002 2976 l
1020 2910 1161 2995 Deerat,
1178 2920 1201 2980 t.
1222 2916 1276 2997 29,

161 3039 196 3086 n.
226 3016 292 3106 59).
318 3017 401 3086 Nam
426 3024 525 3086 totam
551 3015 809 3108 jurisdictionem
831 3017 924 3086 alteri
948 3017 1190 3106 committendo,
1212 3041 1278 3087 non

162 3133 226 3192 tam
242 3131 427 3194 censeretur
439 3124 601 3214 delegare,
617 3146 717 3215 quern
731 3123 892 3210 abdicare,
916 3123 1003 3216 quod
1020 3146 1086 3193 non
1102 3133 1207 3216 potest
1222 3127 1277 3194 in-

161 3233 307 3301 consulto
331 3232 491 3324 Principe.
518 3233 656 3322 Insuper
677 3253 744 3300 non
766 3239 870 3322 potest
888 3233 1005 3324 aliquis
1026 3233 1177 3326 Principe
1193 3235 1279 3304 inlc—

160 3342 228 3409 rior
257 3343 390 3434 propria
419 3364 478 3412 sua
499 3341 688 3409 auctoritate
718 3340 836 3409 alicubi
863 3343 1060 3412 constituere
1087 3351 1279 3434 potestatem

161 3449 303 3541 aliquam
334 3450 545 3536 ordinariam,
580 3448 739 3541 aequalarn
764 3447 811 3515 illi
839 3470 937 3539 quam
966 3449 1035 3541 ipse
1063 3452 1185 3543 accepit
1211 3479 1219 3520 ι
1245 3453 1292 3521 id¹

161 3559 248 3624 euim
278 3565 327 3625 cst
355 3557 521 3647 singulare
544 3555 755 3647 privilegium
781 3576 943 3646 supremae
972 3559 1121 3648 potestati
1149 3582 1279 3652 compe·

161 3675 242 3735 tens.
271 3667 340 3736 Hoc
361 3675 469 3736 autem
493 3666 611 3736 laceret
634 3663 829 3734 Ordinarius
857 3667 913 3756 qui
936 3673 1036 3736 lotam
1064 3691 1156 3738 suam
1177 3669 1280 3761 juris-

162 3775 332 3845 dictionem
347 3775 440 3844 alteri
461 3774 635 3865 delegaret.

206 3887 237 3952 3.
256 3883 429 3974 delegatus
443 3885 559 3975 primae
576 3881 786 3968 auctoritatis,
804 3881 838 3950 id
854 3890 913 3970 est,
929 3883 1042 3976 Pepae,
1067 3894 1171 3977 potest
1185 3887 1279 3957 alteri

160 4013 290 4060 causam
328 3992 550 4084 subdelegare.
590 3993 636 4060 lta
673 3992 857 4061 communis
894 3983 1064 4063 doctorum
1106 3998 1275 4066 sententia.

164 4100 258 4194 (Vide
272 4100 497 4188 Reiffenstuel,
515 4102 549 4169 in
567 4106 581 4167 l
602 4101 776 4187 Demetai,
792 4109 816 4168 t.
832 4105 886 4187 29,
904 4123 938 4169 n.
958 4103 1024 4193 57.)

207 4216 237 4282 l.
258 4211 429 4302 Delegatus
452 4211 589 4301 alicujus
609 4211 741 4280 Praelati
767 4211 855 4303 Papa
875 4211 1051 4301 inferioris,
1068 4213 1190 4310 absque
1205 4241 1279 4314 spes
