3022 4950
319 484 356 550 54
672 509 846 556 raimerus
869 513 907 556 nn
931 511 1083 558 rainerius

360 665 394 728 2⁰
412 661 625 756 Nuneupatur
633 663 694 754 sus
705 683 853 742 samm,
876 679 978 751 qnam
994 655 1296 727 denominationem
1316 655 1434 743 trahit,

314 779 386 838 tum
401 770 442 838 ab
458 777 588 838 auctore
604 793 681 856 suo,
709 769 766 862 qui
782 777 830 837 est
844 791 982 860 persona
1009 789 1116 852 saera,
1134 788 1252 860 nempe
1265 765 1436 852 Christus,

314 887 346 948 et
368 878 580 948 eeclesiastico
599 887 739 971 potestas
757 877 798 946 ab
817 878 888 969 ipso
916 875 1084 943 instituta:
1106 882 1179 943 tum
1202 897 1221 942 a
1242 875 1379 944 materia
1397 874 1442 942 de

314 1011 379 1079 qua
392 993 523 1073 traetet3
540 997 688 1055 versatur
702 986 792 1054 enim
808 985 892 1054 oiroa
912 983 1064 1053 materias
1079 1005 1206 1052 sacras:
1224 989 1329 1050 tuma
1349 981 1415 1050 fine
1424 1009 1435 1070 ;

313 1093 425 1184 dirigit
463 1094 553 1163 enim
578 1094 619 1163 ad
647 1094 748 1163 finem
777 1116 932 1177 sacrum,
961 1113 1080 1184 nempe
1113 1092 1238 1162 bonum
1267 1089 1439 1184 spirituale

212 1282 215 1290 ,
314 1202 461 1272 fidelium
477 1210 508 1272 et
524 1211 681 1272 aetemam
697 1201 954 1271 beatitudinem.

358 1317 390 1380 3⁰
414 1313 524 1382 Etiam
544 1313 604 1404 jus
622 1311 772 1380 divinum
798 1310 975 1402 aliquando
997 1317 1150 1396 voontnr;
1177 1310 1269 1400 cujus
1295 1331 1439 1378 nomen-

311 1421 459 1489 clationis
486 1420 646 1489 rationem
675 1441 744 1488 esse
782 1419 948 1488 existimat
984 1417 1293 1507 Sehmalzgrueber,
1326 1439 1438 1486 anon

317 1527 445 1618 «quod
472 1549 547 1596 vere
566 1525 719 1600 divinum
749 1527 793 1594 sit
819 1527 878 1616 (eat
898 1525 987 1594 enim
1018 1545 1107 1594 mere
1128 1524 1314 1594 humanum
1336 1533 1369 1593 et
1394 1525 1438 1594 ab

318 1663 335 1700 «
359 1635 494 1704 homine
509 1633 707 1725 eonditum),
725 1633 779 1702 sed
794 1634 875 1726 quia
895 1633 947 1702 vel
959 1633 1101 1702 eontinet
1114 1632 1265 1725 quaedam
1281 1642 1439 1724 excerpta

318 1772 336 1812 a
357 1768 399 1814 ex
426 1745 543 1814 saumis
563 1743 679 1814 titteris
701 1795 754 1829 ..,
771 1742 823 1812 vel
850 1742 928 1833 quia
948 1763 1087 1811 oenones
1114 1742 1269 1812 instinctu
1293 1751 1325 1814 et
1348 1741 1437 1812 dono

319 1879 335 1916 a
357 1860 415 1920 aut
437 1851 542 1940 gnatia
560 1851 703 1943 Spiritus
727 1851 829 1920 saneti
853 1849 963 1920 dictati
984 1859 1077 1936 sunt,
1099 1850 1150 1919 vel
1171 1853 1249 1941 quia
1266 1863 1440 1922 sunteon-

318 1985 334 2026 «
357 1958 517 2028 olusiones
536 1958 683 2028 deductae
697 1981 738 2027 ex
753 1956 922 2050 principiis
940 1957 1022 2048 legis
1041 1957 1181 2045 divinae,
1204 1957 1255 2028 rel
1269 1958 1432 2052 denique,

319 2095 335 2132 o
358 2067 435 2158 quia
457 2067 512 2158 jus
538 2066 624 2136 istud
643 2087 663 2130 a
684 2067 858 2154 Pantitae,
887 2075 1043 2159 tanquam
1068 2065 1191 2136 Christi
1209 2066 1243 2135 in
1266 2067 1362 2136 terris
1382 2069 1435 2138 vi-

318 2202 334 2240 «
357 2175 444 2244 eurio
515 2174 628 2244 divina
652 2176 759 2268 potius
782 2175 969 2244 anctoritate
988 2183 1037 2243 est
1059 2174 1281 2244 constitutum.
1309 2202 1326 2240 i>
1347 2177 1437 2266 [Dis-

314 2297 390 2351 sert.
415 2283 665 2374 prooemialis,§
686 2287 718 2372 7,
741 2305 775 2352 n.
800 2283 891 2373 231.)
909 2283 978 2352 Hoc
1000 2281 1132 2352 nomine
1156 2282 1362 2372 designatum
1377 2286 1436 2377 jus

314 2392 505 2460 canonicum
527 2391 713 2460 invenimus
735 2393 769 2458 in
793 2391 877 2460 libro
892 2400 985 2460 sexto
1004 2389 1213 2459 decretalium
1233 2394 1273 2486 (e.
1295 2394 1378 2462 Cum
1395 2394 1437 2464 de
1508 2393 1509 2461 Q

314 2498 457 2580 diversis,
486 2503 505 2566 2
532 2497 572 2568 de
599 2499 815 2591 privilegiis):
847 2497 1098 2568 «Providimus
1131 2499 1218 2591 quod
1245 2500 1366 2570 ibidem
1392 2503 1436 2572 de

319 2634 335 2673 u
359 2615 475 2676 caetero
497 2614 631 2696 regatur
651 2615 683 2674 et
704 2608 813 2697 vigeat
834 2606 980 2698 studium
1001 2606 1085 2699 Juris
1103 2606 1207 2676 divini
1222 2615 1255 2676 et
1272 2608 1433 2696 humani,
1507 2681 1508 2686 ,

319 2739 335 2778 u
358 2712 504 2782 canonici
520 2711 669 2782 videlieet
683 2722 715 2781 et
730 2713 845 2782 civilis.
872 2740 888 2778 o

360 2825 393 2889 4⁰
416 2822 609 2913 appellatur
634 2822 733 2890 etiam
752 2823 813 2914 jus
822 2823 1051 2914 pontificium,
1073 2831 1182 2915 utpote
1207 2847 1264 2916 per
1286 2847 1436 2896 summos

316 2929 490 2998 Pontifices
508 2929 629 2998 Christi
642 2929 676 2998 in
693 2929 789 2998 terris
803 2930 941 2998 vicarios
963 2952 1023 3022 pro
1038 2931 1124 3000 bono
1144 2932 1302 3022 regimine
1320 2934 1437 3004 Eoele-
1506 2947 1507 2960 ¹

315 3038 372 3106 siae
389 3037 604 3125 universalis,
627 3059 664 3105 ac
683 3037 843 3130 spirituali
862 3037 1008 3108 fidelium
1028 3039 1129 3108 salute
1144 3040 1348 3129 institutum,
1366 3046 1437 3112 eol-

314 3146 434 3214 ieotum
470 3146 523 3214 vel
552 3145 788 3239 approbatum,
817 3169 837 3214 a
866 3168 1007 3238 quorum
1035 3145 1172 3240 proinde
1208 3149 1374 3220 voluntate
1402 3163 1437 3222 et

315 3253 504 3324 auctoritate
518 3253 590 3323 vim
605 3254 687 3344 legis
701 3262 733 3323 et
744 3255 829 3348 juris
844 3255 951 3326 habet.

363 3367 395 3430 5ο
413 3360 558 3431 Tandem
582 3370 718 3431 vocatur
732 3364 794 3455 jus
815 3363 1082 3447 ecclesiasticum·
1105 3365 1203 3457 idque
1219 3375 1288 3436 tum
1308 3369 1437 3440 ratione

317 3471 461 3540 materiae
473 3523 482 3557 ‚
507 3470 584 3562 quia
605 3472 673 3561 agit
695 3471 852 3540 derebus
872 3481 904 3541 et
924 3473 1071 3564 personis
1094 3474 1333 3563 ecclesiasticis,
1358 3501 1436 3569 quae
1504 3535 1505 3552 2

315 3581 477 3673 praecipue
501 3579 561 3648 hoo
572 3582 647 3672 J'ure
668 3589 845 3671 regnotum
866 3590 938 3650 tom
959 3583 1084 3651 ratione
1101 3583 1261 3673 originis,
1285 3587 1363 3678 quia
1383 3589 1438 3658 ni·
1504 3575 1505 3584 ἵ

312 3691 431 3760 mirum
464 3689 653 3758 auctoritate
691 3689 901 3759 ecclesiastiea
937 3690 1152 3760 constitutum
1188 3700 1220 3762 et
1254 3695 1437 3765 confirme-

316 3809 384 3867 tum
400 3807 458 3867 est.
