3050 4946
276 445 338 510 tau
629 465 802 512 rnncrnrus
825 466 863 512 ua
887 463 1040 510 rnrncuns

273 605 376 676 multa
398 607 655 693 immutaverint,
685 617 753 676 tum
778 605 954 676 concilium
976 604 1218 693 Tridentinum,
1244 611 1315 676 tum
1333 627 1396 676 no-

237 703 239 711 ’
274 737 325 783 vae
349 713 593 785 constitutiones
615 713 804 807 pontificiae,
823 722 892 782 tum
916 714 1097 784 recentiora
1117 735 1177 804 pro
1191 711 1295 782 variis
1308 735 1396 802 gen·
1513 735 1514 804 3

273 823 361 892 tibus
384 823 588 912 concordata,
609 824 783 894 innumera
803 832 910 892 tamen
931 823 1066 894 immota
1087 829 1185 915 prout
1200 823 1235 890 in
1250 821 1397 915 Corpore

271 932 355 1022 juris
379 933 525 1001 canonici
551 941 680 1002 exstant
704 955 900 1002 remansere.
924 931 980 1001 Est
996 940 1151 1024 preterea
1167 931 1398 1023 Corpusjnris

275 1039 422 1108 canonici
448 1038 521 1108 lons
543 1042 763 1132 amplissimus
786 1051 818 1110 et
839 1041 1019 1110 necessario
1046 1039 1217 1110 adeundus
1240 1039 1398 1132 frequen·

275 1147 410 1232 tissime,
436 1147 472 1214 in
497 1145 710 1218 discutiendis
735 1150 898 1241 plerisque
925 1159 994 1218 tum
1017 1149 1102 1218 circa
1128 1147 1295 1238 dogmata,
1324 1157 1397 1218 tum
1513 1155 1514 1176 ²

275 1257 360 1326 circa
383 1257 588 1350 disciplinam
612 1260 859 1351 questionibus.
884 1259 968 1329 Cum
989 1260 1208 1327 enimomnes
1227 1257 1399 1350 perplura

276 1365 396 1434 saecula
417 1366 536 1435 scholae
565 1367 711 1437 doctores
735 1375 890 1460 perpetuo
913 1389 954 1435 ex
979 1367 1122 1436 textibus
1140 1365 1297 1457 Corporis
1310 1365 1398 1457 juris

276 1473 422 1542 canonici
443 1473 614 1563 arguerint
634 1481 664 1542 ct
684 1474 862 1544 doctrinam
888 1497 980 1544 suam
996 1478 1212 1563 contexerint,
1233 1478 1275 1546 ab
1289 1500 1327 1546 eo
1343 1501 1398 1545 so·

276 1579 346 1646 lum
368 1579 506 1668 intelligi
530 1586 561 1648 et
587 1582 744 1672 perpendi
766 1604 879 1650 eorrrm
904 1592 1098 1672 argumente
1111 1591 1260 1674 possunt,
1278 1584 1333 1652 cui
1347 1582 1398 1651 ia-

278 1685 412 1754 miliaris
428 1687 488 1754 erit
502 1687 648 1778 ejusdem
663 1689 785 1758 codicis
802 1713 891 1758 usus.

786 2023 806 2114 ς
834 2025 874 2092 n.

515 2223 550 2271 De
567 2221 666 2272 ratione
684 2221 813 2286 allegendi
830 2222 930 2286 Corpus
943 2223 1011 2286 juris
1028 2222 1157 2273 canonici.

323 2447 347 2513 l.
368 2447 448 2528 Quae
471 2446 612 2513 citantur
635 2467 676 2512 cx
698 2446 826 2514 decreto
841 2444 1000 2531 Gratiani,
1018 2445 1203 2536 allegantur
1226 2469 1285 2539 per
1299 2470 1402 2515 cano-

278 2577 333 2622 nes
350 2581 360 2620 :
375 2577 449 2644 qum
467 2575 544 2622 vero
558 2575 599 2620 ex
617 2551 845 2640 decretalibus,
861 2574 920 2643 per
935 2553 1064 2644 capitul
1088 2605 1095 2622 .

322 2665 363 2731 ll.
391 2663 472 2744 Quae
497 2663 638 2730 citantur
662 2683 702 2729 ex
726 2661 833 2752 prima
854 2668 945 2753 parte
966 2660 1084 2730 decreti
1103 2661 1260 2747 Gratiani,
1289 2661 1400 2750 idest,

212 2848 213 2857 χ
279 2795 319 2840 ec
342 2770 611 2849 distinctionibus,
638 2768 821 2858 allegantur
843 2768 890 2836 sic
909 2796 916 2836 :
935 2792 962 2838 c.
980 2769 1110 2852 Audite,
1128 2769 1203 2838 dist.
1223 2774 1285 2850 34;
1312 2771 1401 2862 quod

278 2884 398 2952 indicat
420 2903 576 2954 canonem
605 2881 820 2949 distinctionis
843 2885 897 2966 dl,
913 2882 971 2973 qui
995 2881 1108 2974 incipit
1123 2903 1182 2974 per
1201 2905 1316 2951 vocem
1329 2885 1403 2952 Au-

280 2991 346 3060 dite
364 3019 374 3059 :
391 2992 490 3079 unde,
514 2990 554 3059 ad
580 2987 814 3058 inveniendum
843 2988 931 3056 hunc
944 2989 1054 3058 locum
1077 2989 1257 3081 quaereada
1272 2999 1321 3059 est
1334 2990 1404 3060 dis-

279 3099 391 3168 tinctio
417 3103 470 3178 at,
499 3107 531 3165 et
549 3097 623 3164 dein
643 3096 747 3164 oculis
770 3097 990 3188 percurrendo
1010 3097 1150 3165 initialia
1174 3099 1275 3167 verbe
1303 3123 1403 3168 cano-

280 3232 360 3278 num
385 3207 483 3298 hujus
505 3206 732 3291 distinctionis,
759 3206 852 3275 lacile
880 3207 1059 3298 reperietur
1075 3231 1179 3276 canon
1196 3208 1327 3290 Audite,
1346 3209 1404 3300 qui

279 3327 327 3386 est
350 3317 411 3384 suh
439 3326 474 3382 n⁰
504 3319 534 3382 6.
563 3315 749 3406 Aliquando
777 3335 879 3384 canon
907 3337 972 3384 non
997 3314 1159 3384 indicatur
1182 3339 1239 3408 per
1263 3317 1404 3386 verbum

281 3425 416 3511 initiale,
433 3421 489 3492 sed
511 3446 569 3514 per
584 3444 757 3491 nanterum
774 3422 836 3490 sub
850 3445 916 3513 quo
926 3422 1011 3512 jacet
1025 3423 1059 3490 in
1073 3421 1291 3510 distinctione,
1311 3425 1405 3494 verbi

280 3533 386 3623 gratia
402 3560 409 3600 :
426 3555 453 3599 c.
475 3537 506 3618 6,
525 3531 599 3598 dist.
621 3534 674 3600 tt.
692 3529 851 3598 Hodierni
866 3529 966 3620 aliqui
981 3539 1128 3599 auctores
1152 3539 1330 3624 utrumque
1345 3555 1404 3624 po-

281 3645 376 3724 nunt,
409 3661 525 3732 nempe
554 3649 585 3708 et
612 3639 749 3708 verbum
779 3637 904 3706 initiale
930 3639 1065 3707 canonis
1090 3648 1120 3707 et
1151 3640 1255 3732 ipsius
1285 3663 1406 3710 nume-

281 3771 368 3832 rum,
388 3748 480 3816 verbi
495 3748 600 3837 gratia
617 3775 624 3815 :
642 3770 669 3816 c.
689 3746 818 3826 Audite,
838 3751 870 3834 6,
888 3747 962 3815 dist.
983 3753 1035 3816 dl.

325 3857 380 3924 Ill.
401 3856 482 3937 Quae
498 3856 638 3924 citantur
654 3877 693 3922 ex
711 3852 854 3924 secunda
867 3862 957 3948 parte
971 3854 1092 3924 decreti
1109 3855 1269 3944 Gratiani,
1292 3857 1326 3926 id
1343 3867 1403 3946 est,

283 3991 323 4034 ea
339 3965 466 4046 Caesis,
482 3964 526 4032 sic
541 3965 725 4054 allegantur
742 3991 749 4030 :
766 3987 793 4032 c.
817 3963 986 4046 Omnibus,
1005 3985 1033 4030 c.
1054 3967 1086 4051 2,
1104 3988 1137 4055 q.
1159 3969 1195 4051 53
1212 3965 1300 4056 quod
1318 3966 1405 4034 iadi-

284 4083 345 4160 cat,
370 4073 601 4165 inquestione
630 4076 663 4138 5²²
685 4093 792 4140 causae
816 4071 979 4158 secundae,
1001 4093 1159 4140 canonem
1174 4071 1268 4163 cujus
1282 4073 1404 4142 initiale

284 4182 419 4251 verbum
443 4190 489 4250 est
514 4179 682 4249 Omnibus.
705 4181 790 4248 Loco
806 4180 898 4248 verbi
918 4179 1063 4267 initialis,
1080 4179 1255 4272 aliquando
1272 4183 1405 4272 ponitur
