3072 4948
267 443 329 514 lld
620 469 794 518 nucerinus
817 469 855 518 na
878 469 1030 516 rarucrrus

267 609 418 678 sumendi
452 611 632 703 principem
660 611 744 682 velle
773 613 882 702 potius
916 609 1100 680 satisfacere
1129 609 1249 703 populo
1277 607 1386 702 quoad

266 718 409 809 priorem
431 741 530 812 qiam
552 721 659 813 quoad
681 721 914 814 posteriorem
931 741 1022 810 ergo,
1040 720 1066 787 si
1089 719 1205 788 merito
1219 740 1388 810 suppona-

266 835 322 896 tur
357 825 500 898 adfuisse
535 850 730 898 consonsum
765 828 869 919 ipsius
898 827 1030 896 tacitum
1065 827 1117 895 vel
1145 825 1281 916 legalem
1314 833 1390 916 post

268 934 463 1006 decennium
489 937 598 1029 quoad
621 937 777 1029 priorem,
803 939 922 1008 merito
938 943 1011 1029 post
1025 936 1111 1006 idem
1125 944 1255 1029 tempus
1269 955 1390 1004 cense-

268 1043 358 1114 bitur
370 1044 500 1115 adesssa
513 1046 622 1138 quoad
637 1047 861 1138 posteriorem.

313 1153 369 1222 ΠΙ.
395 1154 533 1238 Quando
558 1156 758 1226 consuetudo
780 1157 871 1249 prior
890 1165 959 1225 arat
973 1155 1167 1247 contraius,
1182 1162 1215 1222 et
1228 1152 1393 1245 posterior

268 1261 394 1330 reducit
417 1285 477 1333 nos
499 1264 541 1333 nd
559 1266 614 1356 jus
633 1287 816 1352 commune,
833 1265 1005 1358 requirunt
1019 1265 1116 1334 etiam
1130 1261 1226 1332 multi
1240 1267 1394 1329 auctores

270 1367 477 1458 decennium,
507 1381 539 1442 et
554 1373 666 1442 dicunt
688 1383 816 1465 tempus
836 1373 917 1442 illud
934 1372 1092 1444 sufficere.
1115 1370 1211 1464 (Vide
1223 1367 1393 1438 Reiffers-

270 1477 350 1564 tuel,
370 1478 441 1548 loeo
452 1479 560 1568 citato,
579 1481 599 1572 ἓ
617 1485 648 1569 8,
667 1505 700 1550 n.
723 1485 783 1550 tel
803 1490 835 1550 et
849 1485 931 1573 seq.)
948 1481 1067 1550 Dicunt
1082 1501 1199 1571 nempe
1212 1486 1393 1546 consuetu-

271 1585 380 1654 dinem
410 1608 529 1657 novam
558 1611 616 1680 per
645 1588 806 1682 quemad
829 1591 884 1682 jus
906 1604 1078 1660 commune
1101 1590 1138 1654 fit
1161 1587 1297 1670 reditus,
1322 1605 1394 1653 non

271 1715 341 1762 esse
356 1705 469 1765 conus
487 1697 554 1790 jus,
583 1699 639 1768 sed
668 1700 775 1791 potius
796 1700 976 1770 secundum
1000 1699 1077 1792 jus;
1102 1721 1139 1767 ao
1163 1695 1301 1789 proinde
1324 1695 1393 1786 ipsi

270 1803 496 1894 applicandam
523 1808 672 1898 regulam
692 1808 778 1878 tradi
797 1809 925 1877 solitam
949 1830 1009 1900 pro
1040 1805 1284 1900 praescriptione
1309 1825 1395 1872 con·

272 1913 482 1984 suetudinum
506 1925 625 2008 preater
649 1919 723 2011 jus3
750 1941 791 1986 ex
806 1941 872 2010 qua
885 1919 1006 1986 scilicet
1029 1915 1144 2006 regula
1163 1914 1341 2006 requiritur
1359 1921 1395 1980 et

272 2019 437 2090 sufficiens
461 2023 598 2093 habetur
619 2023 823 2094 decennium.
849 2027 929 2095 Hac
951 2033 1061 2094 tamon
1082 2024 1191 2116 opinio
1214 2022 1309 2091 nobis
1323 2042 1394 2088 non

273 2129 403 2198 videtur
426 2132 503 2201 satis
522 2132 669 2203 lundata.
684 2133 770 2204 ,Cum
791 2135 879 2202 enim
894 2135 943 2202 vis
958 2131 1201 2204 consuetudinis
1217 2129 1396 2222 cujuslibet

273 2237 354 2306 lluat
376 2261 503 2331 semper
530 2264 572 2311 ex
595 2264 755 2312 consensu
781 2242 942 2336 Principis
965 2266 1131 2336 expresso,
1166 2240 1218 2308 vel
1244 2239 1396 2330 legitime

272 2356 485 2438 praesumpto,
516 2349 653 2440 queastio
686 2350 853 2421 reducitur
880 2351 922 2421 ad
951 2352 1012 2420 hoo
1040 2358 1198 2443 punctum
1227 2348 1393 2418 unicum:

272 2453 480 2544 quandonam
506 2455 660 2549 Princeps
684 2459 864 2528 censendus
886 2457 927 2526 sit
957 2458 1139 2528 consentire
1163 2456 1397 2526 consuetudini

273 2585 332 2654 per
354 2586 452 2657 quam
467 2563 593 2634 reditur
606 2567 646 2635 ad
660 2567 716 2660 jus
729 2571 926 2636 commune?
944 2568 1047 2636 Porro
1060 2567 1190 2636 videtur
1204 2567 1396 2659 Principem

273 2673 350 2742 huic
377 2674 607 2743 consuetudini
638 2676 818 2744 consentire
843 2677 952 2744 statim
981 2698 1018 2744 ac
1044 2682 1194 2744 servatur
1220 2698 1240 2743 a
1268 2675 1399 2767 majore
1533 2727 1534 2736 ,

273 2783 515 2852 communitatis
541 2795 642 2875 parte.
671 2783 926 2853 Praesumendus
951 2786 1039 2852 enim
1067 2793 1115 2852 est
1138 2805 1268 2876 semper
1290 2785 1398 2852 Prin-

273 2909 348 2980 ceps
368 2898 562 2982 anteponere
587 2893 827 2961 observantiam
852 2913 920 2960 snae
942 2891 1042 2982 legis3
1071 2913 1151 2981 ergo
1177 2892 1207 2959 si
1229 2897 1401 2960 consensit

273 3003 376 3094 priori
401 3004 627 3074 consuetudini
654 3027 729 3097 qum
750 3004 881 3072 tollebat
907 3003 1026 3093 legem,
1053 3025 1119 3071 non
1142 3003 1324 3072 censendus
1346 3011 1400 3071 est

274 3112 473 3180 consensisse
495 3112 559 3180 nisi
578 3134 652 3180 eum
673 3112 734 3180 ista
758 3111 971 3198 restrictione,
999 3109 1098 3178 donec
1120 3111 1169 3178 ita
1189 3110 1318 3201 optabit
1331 3133 1399 3202 po-

270 3221 382 3312 pulus,
405 3221 460 3289 cui
482 3219 650 3314 dr‘spliccre
673 3221 775 3302 nolo,·
796 3241 875 3310 ergo
890 3222 998 3288 statim
1022 3241 1058 3288 ae
1074 3220 1213 3311 populus
1227 3221 1402 3312 anteponit

275 3331 357 3420 legis
378 3331 636 3400 observationem
658 3339 691 3399 et
712 3323 833 3399 deserit
859 3327 1128 3398 consuetudinem
1159 3328 1301 3420 priorem
1329 3329 1401 3419 legi

275 3439 483 3526 contrariam,
505 3447 607 3507 cessat
625 3439 687 3507 hoc
707 3439 779 3530 ipso
801 3459 977 3506 consensus
991 3436 1153 3527 Principis
1168 3437 1399 3506 consuetudini

275 3547 352 3615 huic
378 3547 480 3639 priori
509 3547 616 3634 datus,
646 3555 677 3614 ct
707 3545 873 3615 reviviscit
903 3544 975 3636 ejus
1004 3544 1156 3612 voluntas
1184 3545 1218 3611 in
1248 3544 1398 3614 favorem

275 3654 370 3744 legis,
384 3664 416 3724 et
431 3655 582 3724 voluntas
594 3655 656 3724 iste
670 3676 789 3724 novam
805 3650 1073 3721 consuetudinem
1089 3651 1271 3722 confirmat.

319 3766 446 3833 Praeter
468 3773 602 3835 caeteros
617 3765 813 3850 canonistas,
836 3762 894 3853 qui
907 3783 1021 3832 omncs
1033 3761 1249 3854 questionem
1264 3763 1306 3832 de
1319 3785 1401 3832 eon-

277 3871 448 3941 suetudine
482 3872 684 3965 expendunt,
715 3871 790 3940 vide
825 3871 924 3939 etiam
953 3869 1114 3937 eximium
1142 3891 1226 3960 opus
1256 3868 1402 3940 doctoris

276 3978 414 4071 Phillips
431 3980 488 4072 (du
503 3980 596 4049 Droit
609 3979 849 4070 ecclesiastique
863 3978 946 4047 dens
964 3999 1016 4045 ses
1038 3977 1200 4070 principes
1214 3979 1397 4069 gdndraux,

278 4098 302 4158 t.
324 4095 356 4177 1,
372 4115 405 4184 p.
424 4095 464 4160 lo
481 4091 523 4160 ad
541 4095 601 4178 86;
619 4097 652 4157 et
664 4098 688 4158 t.
707 4094 725 4157 2
742 4097 773 4157 et
789 4092 807 4156 3
822 4088 969 4182 passim.)
986 4087 1090 4170 Quem
1104 4087 1228 4157 librum
1243 4085 1401 4158 dominns

279 4199 418 4268 Crouzet
447 4199 629 4289 presbyter,
655 4221 673 4264 c
700 4198 886 4287 germanico
915 4197 952 4263 in
983 4197 1136 4286 gallicum
1165 4196 1298 4284 idioma,
1330 4219 1400 4266 non
