3042 4946
614 453 698 501 rmus
720 453 871 502 cononici.
1239 436 1299 500 525

186 593 225 662 iis
251 617 325 686 qum
353 593 536 686 dependent
564 597 605 666 ab
630 597 817 666 auctoritate
846 595 1068 682 ecclesiastice,
1096 601 1233 686 potestas
1261 618 1299 662 ee

185 703 361 794 peragendi
376 703 471 796 plene
484 704 602 774 residet
615 727 713 798 penes
726 705 913 774 Romanum
927 702 1127 791 Pontificem,
1144 703 1190 772 ito
1202 702 1298 772 etiem

185 817 222 878 nt
234 811 346 882 nudus
367 811 431 880 nisi
446 810 664 905 dependenter
678 811 720 880 ab
739 811 811 904 ipso
829 835 867 881 ea
884 832 1039 905 peragere
1058 810 1174 879 valeat.
1191 809 1233 880 Et
1247 809 1300 878 hic
1418 807 1421 816 ’

185 927 233 986 est
246 939 361 987 sensus
375 940 442 1010 quo
455 917 649 1022 intelligitqr
665 918 840 1010 pontificiae
855 917 1020 1010 potestatis
1034 915 1214 1009 plenitudo.

223 1027 414 1098 *Prorosrrro
443 1032 488 1096 5².
515 1067 562 1081 -
590 1028 748 1112 Quamvis
776 1027 916 1098 voluerit
944 1025 1093 1097 Christus
1118 1026 1298 1096 Ecclesiam

183 1159 279 1204 suam
298 1136 341 1204 ad
361 1136 533 1228 Episcopis
553 1136 623 1227 cepi
639 1159 678 1206 ac
701 1135 819 1219 doceri,
836 1149 936 1228 atque
955 1135 992 1204 in
1009 1135 1095 1204 dunc
1110 1136 1213 1224 finem
1230 1135 1298 1227 ipse

184 1265 235 1312 eos
264 1243 455 1325 instituerit,
484 1243 632 1335 ipsorum
655 1257 766 1314 tamen
785 1243 1027 1335 jurisdictionis
1057 1255 1089 1310 et
1115 1242 1299 1333 omqistm'i

177 1363 324 1442 potestas
345 1363 415 1419 tota
434 1349 589 1442 dependet
610 1375 632 1420 α
650 1355 800 1421 Romano
819 1351 997 1442 Pontificc;
1013 1350 1062 1418 ita
1080 1361 1117 1418 ut
1139 1347 1299 1418 adnuente

183 1461 289 1549 Papa,
316 1458 425 1528 nullus
450 1457 631 1550 Episcopus
658 1481 732 1527 eam
761 1459 905 1550 lepitc'me
934 1480 1078 1528 exercere
1106 1456 1225 1524 valeat.
1254 1497 1298 1509 -

183 1565 342 1657 Equidem
365 1587 481 1635 verum
501 1573 560 1652 est,
578 1575 614 1634 ut
631 1565 777 1636 diximus
799 1588 910 1659 supra,
929 1566 1108 1637 institutam
1128 1588 1148 1633 e
1168 1564 1297 1634 Christo

183 1673 325 1742 Domino
339 1673 437 1742 luisse
451 1672 679 1762 hierarchiam,
691 1673 871 1767 Episcopis,
886 1673 1084 1767 preshyteris
1095 1682 1125 1742 et
1142 1673 1298 1741 ministris

183 1789 401 1868 constantem
432 1781 574 1874 itemque
598 1780 710 1851 divino
736 1782 811 1873 jure
837 1783 964 1874 positos
987 1782 1163 1874 Epc'scopos
1190 1804 1299 1873 repere

182 1889 362 1958 Ecclesiam
376 1890 447 1958 Dei.
465 1888 507 1956 Et
525 1888 600 1957 inde
618 1891 766 1982 sequitur
780 1891 815 1958 in
830 1890 965 1959 arbitrio
980 1889 1120 1959 Romani
1133 1890 1299 1958 Pontifiois

183 2018 250 2065 non
263 2019 343 2084 esse,
362 2004 397 2066 ut
411 1995 539 2065 deliciet
552 1996 588 2063 in
602 1996 743 2066 Ecclesia
759 1997 928 2088 pluralitus
944 1997 1178 2089 Episcoporum
1191 1998 1299 2067 varies

182 2103 327 2196 ejusdem
353 2103 504 2172 Ecclesiae
527 2112 634 2196 pertes
654 2114 730 2173 actu
754 2103 954 2195 poscentium
976 2127 1014 2173 ac
1036 2105 1230 2193 regentium.
1258 2104 1298 2172 Et

183 2213 330 2304 sequitur
345 2210 441 2280 etiam
465 2233 531 2280 non
553 2211 791 2303 permissurum
816 2233 961 2303 unquam
978 2210 1149 2281 Christum
1171 2219 1206 2280 ut
1228 2211 1297 2282 Ro-

182 2341 298 2388 manus
323 2319 476 2390 Pontifex
501 2319 718 2411 pluralitatem
743 2317 834 2386 illam
860 2319 901 2386 de
928 2317 1036 2386 medio
1063 2318 1153 2387 tollet
1177 2328 1232 2388 aut
1255 2321 1296 2389 ab

182 2427 332 2496 Ecclesiae
345 2427 503 2516 regimine
518 2449 632 2496 omnes
645 2425 745 2494 simul
760 2426 936 2517 Episcopos
949 2433 1126 2497 removeat.

227 2536 271 2604 At
292 2537 391 2606 simul
411 2543 536 2606 certum
555 2544 603 2603 est
625 2558 662 2604 ec
682 2533 803 2603 deiide
830 2533 1016 2603 Romanum
1042 2534 1232 2605 Pontificem
1254 2539 1296 2606 ah

181 2650 294 2720 eodem
311 2649 441 2719 Christo
461 2649 602 2718 Domino
625 2649 724 2718 totius
746 2648 896 2717 Ecclesiae
923 2656 1020 2740 etque
1044 2647 1190 2740 ipsorum
1215 2650 1295 2720 adeo

181 2759 413 2850 Episcoporum
437 2765 533 2849 ceput
551 2756 763 2826 constitutum
784 2756 896 2842 luisse,
912 2755 1006 2848 eique
1029 2759 1065 2824 in
1085 2757 1185 2826 Beato
1199 2759 1295 2830 Petro

181 2867 330 2936 collatam
344 2867 480 2959 plenam
496 2875 683 2957 potestatem
703 2865 922 2936 universalem
941 2865 1116 2936 Ecclesiam
1132 2867 1295 2960 simulque

180 2975 317 3067 proinde
342 2975 496 3066 ipsosmet
514 2975 702 3066 Episcopos‚
718 2973 870 3067 pascendi
893 2975 1092 3067 regendique
1115 2999 1152 3045 ac
1173 2978 1297 3066 guher-

180 3083 292 3153 nandi.
310 3083 399 3174 Ergo
415 3083 650 3175 jurisdictionis
664 3090 696 3152 et
718 3083 898 3173 magisterii
918 3091 1120 3175 potestatem,
1135 3084 1176 3152 ad
1197 3109 1295 3177 qnam

178 3191 392 3262 exercendam
406 3191 581 3283 Episcopos
594 3190 743 3259 Christus
756 3191 906 3276 instituit,
919 3191 1024 3261 voluit
1035 3192 1133 3261 simul
1147 3192 1295 3264 Romano

180 3299 329 3368 Pontifici
357 3298 472 3389 subjici
500 3319 538 3366 ac
562 3305 664 3366 totoni
688 3306 844 3390 quantam
869 3297 911 3366 ah
942 3298 1013 3389 ipso
1041 3297 1234 3391 dependere.
1260 3300 1295 3370 si

179 3408 325 3478 valerent
346 3408 497 3500 Episcopi
518 3405 772 3497 independenter
796 3431 816 3476 a
839 3406 988 3476 Romano
1011 3407 1169 3476 Pontifice
1189 3411 1296 3480 varies

180 3517 331 3586 Ecclesiae
360 3523 466 3608 partes
492 3537 621 3606 pascere
647 3537 684 3583 ec
714 3536 839 3604 regere,
870 3514 1004 3583 edooere
1029 3537 1067 3583 ac
1095 3515 1292 3606 gubernare,

179 3625 297 3694 falsum
322 3623 405 3694 loret
430 3623 578 3692 Romano
607 3621 758 3691 Pontifici
782 3622 856 3714 jure
884 3622 997 3691 divino
1021 3622 1169 3692 collatam
1196 3626 1295 3696 luisse

180 3733 310 3823 plenam
329 3737 518 3824 potestatem
539 3731 630 3799 illem
652 3753 672 3798 a
690 3730 835 3802 Concilio
858 3730 1046 3799 Florentino
1070 3730 1247 3819 definitam,
1264 3743 1297 3803 et

180 3841 310 3910 ahunde
331 3840 403 3910 luce
431 3837 610 3908 meridiane
631 3837 750 3906 clarius
776 3839 1047 3924 demonstratam,
1076 3839 1293 3910 universalem

181 3949 353 4049 Ecclesiam
369 3947 534 4040 pascendi,
550 3945 684 4038 regendi
698 3956 795 4037 atque
810 3945 1029 4035 gubernandi.
1139 3971 1141 3976 ·

224 4055 414 4125 Cavendum
430 4078 509 4145 ergo
525 4077 742 4146 summopere,
759 4076 800 4122 ne
818 4055 922 4123 solum
937 4063 968 4122 et
986 4053 1151 4124 exclusive
1171 4057 1294 4147 praedi-

180 4175 269 4242 cetur
284 4164 403 4255 dogma
425 4162 505 4234 illud
527 4165 566 4230 de
588 4163 744 4231 institutis
763 4161 837 4253 jure
857 4162 968 4230 divino
990 4162 1158 4253 Episcopis
1180 4165 1221 4234 ed
1238 4190 1294 4236 re-
