3050 4946
209 283 214 318 l

121 515 124 528 ·
255 502 315 568 tlt
608 519 783 568 mlcrlrm
805 519 845 566 nr
867 516 1021 566 namneus
1060 589 1063 595 Ι

250 663 325 732 dam
355 681 490 730 suarum
522 659 876 752 pseudo-epistolarum
911 659 1095 750 fragmenta
1124 655 1370 748 desumpsisset.

295 773 392 839 Anno
422 767 553 837 tandem
585 771 667 836 ¹627
699 768 804 836 David
831 767 1034 850 Blondellus,
1066 789 1083 834 e
1112 763 1291 833 calvinistis
1318 763 1374 830 vir

250 877 432 947 eruditione
459 876 604 944 etfama
631 877 830 967 precipuus,
858 875 1079 944 defensionem
1105 873 1372 942 Centuriatorum

251 983 350 1053 edidit
364 985 425 1053 sub
439 983 500 1053 hoc
515 983 611 1051 titulo
628 1009 635 1050 :
655 981 942 1051 Pseudo-Isidorus
958 994 990 1050 et
1007 981 1187 1050 Turrianus
1201 979 1372 1070 capulan-

250 1105 307 1160 tes.
333 1091 405 1174 Quo
427 1091 461 1159 in
481 1111 578 1182 opere
598 1091 644 1158 ita
665 1090 752 1158 clare
776 1090 925 1182 patefecit
945 1089 1065 1182 quibus
1082 1098 1229 1158 veterum
1247 1107 1371 1154 monu-

251 1207 433 1268 mentorum
464 1197 654 1288 fragmentis
681 1197 839 1288 impostor
867 1219 943 1266 suas
972 1195 1149 1265 decretales
1183 1201 1368 1278 consuerat,

249 1307 294 1376 ita
313 1307 347 1375 vi
365 1328 383 1374 e
404 1305 499 1397 copia
522 1313 792 1396 argumentorum
816 1304 967 1374 fraudem
992 1303 1196 1372 manifestem
1219 1301 1371 1371 denuda-

247 1417 308 1503 vit,
327 1425 363 1484 ut
377 1438 418 1484 ex
434 1425 512 1482 tunc
534 1423 566 1482 et
587 1435 648 1504 pro
667 1433 796 1504 semper
809 1411 897 1504 apud
917 1410 1062 1482 eruditos
1081 1433 1227 1504 quosque
1247 1411 1283 1477 in
1298 1431 1369 1478 rem

247 1525 424 1618 judicatam
462 1523 599 1616 quaestio
636 1522 765 1590 abierit.
805 1522 1000 1614 Opinionem
1041 1533 1148 1588 tamen
1185 1519 1368 1611 oppositam

248 1633 371 1701 frustra
389 1632 496 1700 adhm
518 1631 605 1699 tueri
626 1631 732 1700 conati
757 1641 834 1700 sunt
859 1631 1091 1700 Bonaventura
1112 1627 1265 1698 Malvesia
1284 1651 1302 1696 a
1319 1628 1368 1695 fa·

249 1739 340 1807 milia
364 1739 652 1807 Franciscanorum
676 1747 708 1806 et
731 1739 827 1806 etiam
854 1736 1030 1806 cardinalis
1052 1736 1230 1826 d’Aguirra
1251 1737 1286 1803 in
1308 1757 1369 1803 sua

249 1846 434 1916 collectione
462 1845 673 1915 conciliorum
704 1845 882 1936 Hispaniae.
919 1844 983 1914 Sed
1017 1845 1231 1936 imposturam
1260 1843 1369 1912 Isido-

249 1956 351 2023 rianae
377 1954 576 2023 collectionis
596 1953 669 2022 luce
687 1954 806 2021 clarius
828 1952 1006 2022 exhibuere
1027 1953 1091 2020 viri
1112 1953 1258 2021 doctrina
1278 1973 1368 2042 prm-

249 2062 453 2147 stantissimi,
468 2061 585 2128 Petrus
607 2061 648 2128 de
671 2061 793 2147 Marce,
808 2059 1016 2129 Christianus
1029 2059 1133 2146 Wolf,
1147 2058 1248 2148 vulgo
1261 2059 1368 2126 dictus

166 2159 169 2168 ’
248 2171 376 2262 Lupus,
408 2169 592 2268 Stephanus
629 2169 800 2256 Baluzius,
832 2169 1007 2237 cardinalis
1044 2169 1161 2252 Noris,
1192 2166 1368 2235 cardinalis

249 2278 437 2364 Schelstrat,
454 2277 575 2364 Labbe,
592 2277 793 2370 Papebroch,
815 2275 967 2346 Nicolaus
990 2277 1166 2362 Antonius,
1184 2275 1250 2343 duo
1271 2276 1366 2365 Pagi,

248 2385 370 2456 Natalis
394 2385 594 2472 Alexander,
614 2386 782 2472 Constant,
808 2384 942 2472 Bartoli,
965 2383 1091 2470 Daude,
1114 2383 1231 2451 fratres
1256 2383 1369 2453 Balle—

248 2497 325 2581 rini,
342 2494 490 2562 Zeccaria
506 2492 615 2560 etalii.

293 2605 343 2672 Ex
362 2602 445 2670 facto
466 2611 532 2669 tam
557 2601 817 2670 extraordinario
843 2603 944 2694 hujus
968 2603 1159 2695 imposturae
1185 2603 1368 2694 permulta

247 2714 368 2784 saecula
379 2713 500 2802 ubique
516 2719 676 2780 terrarum
698 2711 819 2802 absque
840 2713 1024 2803 suspicione
1045 2712 1233 2802 obtinentis,
1251 2713 1366 2780 multra

249 2830 330 2890 orta
344 2830 421 2889 sunt
433 2821 639 2911 questiones.
657 2821 697 2888 Et
718 2821 824 2911 primo
846 2820 980 2912 quidem
1002 2822 1043 2890 de
1061 2823 1203 2890 auctoris
1217 2821 1364 2907 nomine,

248 2929 366 3020 patria,
390 2950 461 2996 aevo
485 2935 517 2994 et
539 2949 648 3018 scopo,
672 2929 845 3015 curiosius,
874 2937 910 2997 ut
934 2951 993 3020 par
1018 2939 1100 3017 erat,
1127 2930 1367 3017 investigarunt

248 3035 378 3105 eruditi.
395 3037 481 3104 Tum
503 3035 658 3125 quaelibet
681 3035 817 3103 infensa
835 3037 871 3104 in
885 3047 1029 3106 sanctam
1049 3039 1232 3106 Romanam
1254 3037 1367 3105 Eccle-

247 3145 328 3212 siam
357 3143 492 3236 ejusque
520 3142 700 3211 doctrinam
736 3153 845 3231 secte,
877 3146 1059 3214 incredibili
1095 3147 1211 3214 ardore
1242 3147 1366 3214 factum

247 3253 334 3322 istud
353 3262 507 3344 tanquam
532 3251 737 3320 ineluctabile
758 3253 857 3322 telum
879 3255 1100 3347 arripuerunt,
1114 3277 1180 3346 quo
1196 3277 1229 3323 se
1250 3255 1366 3346 papis-

248 3385 351 3448 mum,
369 3371 406 3430 ut
426 3361 529 3447 aiunt,
546 3369 631 3428 certe
654 3361 815 3451 configere
837 3363 1030 3452 gloriantur.
1048 3363 1222 3431 Affirmant
1246 3385 1365 3454 nempe

247 3493 359 3540 veram
378 3469 526 3560 priorum
550 3467 743 3536 seculorum
767 3469 951 3540 doctrinam
974 3471 1166 3539 catholicam
1189 3493 1247 3562 per
1267 3470 1365 3540 falses

248 3577 421 3648 decretales
446 3578 580 3644 omnino
606 3575 706 3644 fuisse
733 3575 948 3668 deturpatam,
974 3586 1006 3645 et
1033 3578 1110 3646 inde
1133 3585 1238 3646 ortam
1264 3600 1364 3671 quam

249 3696 358 3756 tenent
385 3683 533 3752 catholici
560 3682 601 3751 de
625 3683 746 3751 summi
776 3684 944 3752 Pontificis
972 3694 1126 3776 potestate
1156 3689 1360 3756 sententiam.

249 3796 395 3866 Proximi
427 3803 498 3885 post
527 3795 791 3884 protestanticum
821 3819 957 3886 agmen,
987 3807 1019 3866 et
1047 3799 1234 3866 ferventiori
1264 3802 1364 3868 etiam

249 3905 316 3972 zelo
338 3903 379 3970 ad
401 3903 554 3992 praelium
574 3901 729 3970 incedunt
756 3903 944 3972 Isidoriauis
970 3905 1187 3975 decretalibus
1213 3909 1362 3978 instructi

248 4011 450 4082 lanscnistae.
468 4010 548 4076 ltem
568 4009 662 4076 multi
682 4033 723 4076 ex
745 4011 785 4077 iis
807 4012 864 4100 qui
886 4013 1048 4100 gallicano
1069 4015 1238 4084 adhaerent
1258 4029 1362 4107 syste-

249 4120 340 4205 mati,
357 4119 537 4203 insinuant,
554 4117 681 4185 conscia
700 4127 732 4186 et
746 4121 939 4190 connivente
961 4122 1109 4192 Romana
1131 4123 1227 4211 Sede,
1242 4147 1360 4217 propa-

247 4239 355 4322 getam
378 4227 610 4315 imposturam
629 4225 771 4295 indebita
792 4227 868 4296 hinc
887 4231 1057 4300 accessisse
1081 4231 1257 4323 pontificiae
1283 4255 1360 4302 auc—
