3064 4952
250 431 311 496 238
603 448 777 495 rnacrarns
798 449 837 494 nn
859 447 1011 496 rarucnns

248 591 328 659 serit
358 590 399 658 ob
429 612 529 658 novas
557 589 815 659 circumstantias
843 613 943 682 supra
972 587 1163 681 descriptas,
1187 587 1258 679 ipsa
1272 585 1368 678 quasi

246 721 356 766 rerum
384 704 501 767 natura
519 697 652 789 impulsi
668 706 744 766 sunt
758 697 880 768 summi
891 695 1064 767 Pontifices
1077 704 1109 764 et
1124 695 1262 766 concilia
1274 715 1368 762 mcu-

247 807 387 892 menica,
418 815 454 874 ut
479 827 539 897 pro
552 806 642 874 omni
669 805 741 896 lege
756 804 969 874 ecclesiastica
983 804 1179 896 generaliter
1194 801 1369 872 statuerint

246 913 541 1007 promulgationem
564 912 678 982 Romae
707 912 759 982 vel
782 913 967 983 residentiae
983 913 1053 983 loco
1066 913 1184 982 laetam
1198 909 1368 980 sufficien-

246 1029 311 1090 tem
336 1019 405 1090 lore
427 1020 469 1089 ad
483 1020 551 1089 vim
567 1019 744 1110 obligandi.
761 1021 834 1090 Non
846 1029 954 1090 tamen
968 1021 1151 1090 omiserunt
1165 1017 1369 1110 exemplaria

244 1128 428 1198 anthentica
453 1129 565 1219 legum
590 1152 610 1197 a
634 1151 668 1196 se
695 1128 847 1216 latarum,
877 1152 936 1222 pro
964 1129 1216 1221 momentique,
1233 1126 1367 1219 adpro-

245 1237 368 1306 vincias
391 1237 534 1324 mittere;
563 1236 629 1304 irno
656 1235 833 1307 identidem
859 1237 1034 1307 voluerunt
1060 1236 1218 1328 quasdam
1238 1235 1368 1304 existis

245 1342 374 1434 legibus
396 1368 454 1437 per
468 1345 637 1436 specialem
654 1345 688 1412 in
702 1344 880 1435 provinciis
894 1345 1190 1436 promulgationem
1203 1341 1365 1411 intimari.

291 1453 384 1522 Unde
410 1453 539 1521 etiamsi
567 1450 797 1521 concederetur
823 1452 901 1522 olim
925 1453 1138 1522 neeessariam
1164 1451 1264 1520 luisse
1278 1460 1310 1520 et
1325 1449 1366 1519 de

245 1561 330 1630 facto
352 1559 494 1650 viguisse
520 1561 555 1628 in
571 1559 748 1652 provinciis
761 1560 1058 1652 promulgationem
1072 1558 1173 1652 (quod
1190 1558 1278 1627 inlra
1291 1557 1366 1626 dis-

245 1671 411 1760 cutimus),
438 1668 473 1737 id
501 1669 638 1738 minime
658 1668 868 1738 tribuendum
898 1680 982 1738 esset
992 1669 1061 1762 juri
1088 1667 1228 1736 naturali
1242 1673 1366 1735 attenta

245 1789 361 1848 natura
387 1778 481 1868 legis,
508 1776 563 1847 sed
594 1776 843 1848 accidentalibus
869 1787 995 1849 tantum
1026 1777 1213 1864 obstaculis,
1242 1776 1365 1867 quibus

245 1910 286 1954 ne
312 1886 375 1955 alio
400 1885 496 1954 modo
518 1887 595 1955 satis
618 1887 854 1956 innotescerent
879 1887 1007 1956 decreta
1023 1885 1189 1978 pontificia
1204 1882 1366 1974 impedie-

245 1995 353 2063 batur.
375 1993 436 2062 His
463 2002 571 2062 autem
601 1993 775 2061 obstaculis
798 1994 946 2080 sublatis,
966 1995 1035 2085 jam
1056 2001 1180 2061 certum
1200 2000 1249 2060 est
1268 1990 1366 2083 plene

245 2105 457 2175 sufficientem
488 2104 652 2172 notionem
680 2104 721 2171 ad
752 2105 936 2195 provincias
964 2106 1085 2196 absque
1119 2125 1205 2172 nova
1233 2102 1268 2169 in
1298 2101 1365 2170 illis

244 2212 504 2304 promulgatione
528 2211 708 2304 pervenire.
735 2211 822 2301 Ergo
846 2211 964 2281 falsum
993 2221 1041 2280 est
1056 2233 1114 2303 per
1136 2211 1191 2301 jus
1215 2211 1365 2278 naturale

244 2319 368 2412 requiri
381 2321 416 2388 in
431 2319 608 2411 provinciis
624 2319 928 2411 promulgationem.

289 2429 350 2498 IV⁰
368 2429 595 2519 Confirmatar
611 2426 707 2495 tdesis
731 2427 858 2518 aliquot
877 2429 985 2518 factis.
1004 2466 1048 2480 -
1063 2430 1160 2495 Anno
1188 2430 1287 2513 1454,
1309 2426 1363 2495 die

241 2536 398 2631 januarii,
427 2535 578 2605 Nicolaus
606 2535 636 2602 V
666 2536 727 2604 snb
759 2559 897 2606 censura
921 2536 1090 2629 probibuit
1105 2535 1363 2606 nearmaalieve

245 2643 391 2714 subsidia
413 2643 637 2735 praeberentur
658 2643 819 2731 barbaris,
842 2668 924 2737 qnos
944 2666 1003 2714 rex
1023 2643 1233 2734 Portugalliae
1250 2642 1363 2712 debel-

244 2754 343 2822 labat.
364 2753 431 2820 Hac
446 2759 554 2820 autem
571 2750 661 2818 bulla
676 2753 839 2835 statuitur,
857 2764 893 2823 ut
909 2756 1255 2826 excommunicationes
1269 2756 1362 2824 alia-

245 2885 307 2954 que
319 2860 487 2930 sententiae
510 2859 624 2928 inillis
647 2873 805 2930 contentae
819 2863 909 2954 inpia
923 2864 1003 2933 daos
1018 2887 1151 2946 mnam,
1168 2875 1363 2954 computan-

245 2971 303 3040 dos
317 2995 338 3040 a
352 2970 404 3040 dic
418 2993 485 3063 qao
498 2970 576 3061 ipsa
584 2983 761 3060 praesentes
775 2973 892 3042 littera
907 2997 962 3042 sea
973 2985 1085 3057 carta,
1099 2975 1151 3042 vel
1162 2973 1363 3042 membranae

245 3101 361 3148 earam
374 3090 518 3146 tenorem
533 3077 569 3145 in
582 3099 614 3146 se
629 3079 837 3163 continentes,
856 3081 959 3149 valois
970 3081 1121 3151 Ecclesia
1139 3081 1363 3150 Uliebanensis

244 3189 365 3282 adst-ree
376 3188 514 3280 suerint,
525 3187 664 3278 perinde
676 3211 784 3258 omnies
799 3203 830 3258 et
840 3191 985 3282 mapulas
996 3191 1262 3283 contrafacientes
1273 3213 1362 3283 pra-

244 3298 346 3368 dictus
372 3297 485 3388 liqent,
515 3295 596 3364 acsi
609 3297 687 3388 ipsae
708 3313 881 3389 praesentem
904 3299 1023 3370 litterae
1037 3300 1082 3368 eis
1101 3300 1318 3393 personaliter
1332 3311 1363 3367 et

245 3405 389 3497 legitime
410 3405 575 3473 intimate
597 3427 636 3473 ac
654 3418 863 3497 presentata²
885 3408 1033 3498 [censent.
1050 3407 1138 3499 Ergo
1150 3407 1359 3476 sufficientem

246 3512 539 3606 promulgationem
559 3513 633 3582 licet
656 3513 868 3606 Ulysipponae
891 3514 1118 3585 tantummodo
1136 3513 1254 3584 factam
1273 3515 1361 3583 exis-

245 3623 403 3690 timarunt
427 3629 459 3688 et
478 3620 630 3690 Nicolaus
654 3621 686 3689 V
705 3623 762 3714 qui
784 3623 829 3691 ita
852 3623 1005 3711 decrevit,
1028 3633 1061 3691 et
1076 3623 1167 3691 curia
1181 3623 1360 3714 Ulysippo-

245 3730 355 3797 nensis
370 3751 444 3820 quae
457 3727 540 3796 hanc
554 3728 676 3796 bullam
693 3730 923 3819 postulaverat,
940 3740 971 3799 et
986 3730 1085 3800 variae
1095 3730 1183 3799 orbis
1194 3731 1358 3821 Ecclesiae,

246 3860 320 3929 qnae
352 3837 485 3906 minime
513 3846 636 3928 questae
667 3847 743 3905 sunt
778 3838 840 3906 sibi
869 3862 911 3907 ex
949 3838 1008 3907 bac
1034 3839 1180 3908 clausula
1207 3839 1359 3931 injuriam

246 3945 374 4012 inferri.
410 3944 485 4013 ldeo
519 3941 699 4013 sufficiebat
724 3946 1018 4036 promulgationem
1048 3945 1261 4038 Ulysipponae
1275 3946 1357 4034 lieri,

245 4051 324 4144 quia
347 4049 538 4140 hujusmodi
563 4049 738 4143 pontificia
762 4053 861 4122 bullae
882 4063 958 4122 sunt
981 4053 1064 4123 facta
1087 4077 1161 4146 quae
1183 4077 1240 4145 per
1255 4063 1358 4124 totum

247 4160 375 4246 orbem,
400 4181 441 4227 ex
461 4160 531 4250 ipsa
552 4161 600 4230 rei
623 4171 654 4229 et
675 4161 990 4232 circumstantiarum
1014 4172 1142 4254 natura,
1171 4174 1356 4254 personant.
