3050 4946
582 485 664 534 rnars
686 483 837 534 canumet.
1205 463 1266 527 445

152 645 294 721 quorum
326 627 416 700 ontta
444 634 572 696 exstant
602 627 746 714 decreta,
776 627 886 718 plures
915 624 1067 716 epistolas
1096 625 1229 716 praefert
1260 655 1267 693 :

153 737 290 827 aliisque
317 734 529 803 Pontificibus
555 758 658 826 usquc
682 736 721 803 ad
745 733 939 822 Gregorium
965 733 1122 822 Magnum
1145 735 1271 827 aliquas

154 847 230 913 item
255 845 410 935 imponit,
434 869 471 913 ac
495 846 646 934 genuinis
671 843 846 914 interserit.
873 835 1035 933 ¹deceptus
1060 849 1107 912 est
1131 843 1214 912 liber
1238 853 1270 912 et

154 954 276 1044 ubique
312 953 466 1040 diffusus,
496 952 645 1022 fraudem
682 952 863 1044 suspicante
900 951 1040 1018 nemine.
1069 952 1152 1020 Nam
1182 953 1269 1044 quod

154 1060 267 1129 dicunt
292 1061 438 1151 quidam,
467 1061 681 1128 Hiucmarum
707 1059 899 1128 Remeusem
928 1057 1017 1126 illam
1043 1058 1268 1147 subodorasse,

156 1191 271 1238 verum
299 1192 364 1238 non
389 1178 447 1238 est.
471 1169 693 1240 Contendebat
719 1169 850 1260 quidem
876 1167 1072 1234 Hincmarus
1098 1166 1273 1246 decretales

157 1277 230 1344 illas
245 1301 319 1368 quas
343 1279 376 1346 iu
396 1276 513 1346 Codice
535 1299 710 1357 corporeum,
729 1276 761 1344 id
782 1283 829 1342 cst
850 1275 883 1342 in
907 1273 1092 1343 collectione
1107 1276 1273 1346 Hadriana

157 1395 235 1453 tuuc
256 1387 487 1476 receptissima,
508 1407 574 1454 non
600 1384 862 1467 inveniebantur,
879 1383 1102 1452 auctoritatem
1125 1407 1191 1454 non
1212 1386 1274 1454 ha-

157 1493 247 1580 bere,
263 1516 301 1562 eo
323 1493 410 1584 quod
432 1495 465 1562 in
486 1494 548 1562 isto
570 1493 680 1560 codice
703 1514 769 1559 nou
793 1498 968 1559 exstarent.
992 1490 1124 1560 Sedeas
1145 1494 1273 1562 fictitias

158 1623 240 1686 esse,
257 1610 394 1668 autnon
412 1609 500 1668 certo
520 1601 673 1684 sinceras,
689 1621 857 1688 nunquam
881 1598 966 1666 dixit
984 1625 991 1666 :
1009 1599 1074 1666 imo
1091 1599 1159 1690 ipse
1173 1601 1272 1670 etalii

158 1707 318 1776 Gallicani
346 1707 509 1776 Praesules
537 1708 577 1774 iis
605 1716 760 1798 tauquam
792 1705 928 1774 sinceris
959 1707 1145 1794 utebantur,
1172 1709 1207 1774 in
1234 1709 1274 1776 iis

158 1839 234 1908 quae
250 1816 312 1884 sibi
335 1816 496 1898 favebant,
514 1825 551 1882 ut
573 1824 658 1884 recte
681 1813 794 1883 iisdem
817 1813 988 1905 objiciebat
1009 1815 1159 1884 Nicolaus
1177 1818 1202 1884 l.
1221 1818 1277 1885 ln-

159 1925 262 1994 valuit
297 1946 376 2014 ergo
411 1925 608 2015 impostura,
638 1924 718 1992 adeo
751 1931 787 1990 ut
821 1923 1052 2013 subsequentes
1093 1925 1276 2008 collectores

161 2033 381 2120 burchardus,
413 2042 542 2102 sanctus
572 2035 628 2102 lvo
657 2032 886 2114 Carnutansis,
918 2043 949 2098 et
979 2033 1159 2122 praesertim
1190 2035 1276 2103 Gra-

162 2143 287 2229 tianus,
319 2141 436 2210 Isidori
464 2141 651 2209 Mercatoris
691 2139 820 2206 fraudes
857 2138 940 2206 nihil
978 2140 1172 2230 suspicando
1200 2164 1275 2210 suas

162 2250 295 2318 lecennt
319 2259 350 2317 et
375 2249 651 2318 confirmaverint.
678 2248 718 2314 Et
743 2247 788 2313 sic
811 2268 937 2314 anouo
964 2246 1083 2315 saeculo
1109 2253 1276 2340 usquead

162 2359 330 2426 dimidiam
346 2365 469 2448 partem
484 2357 595 2424 saeculi
616 2354 846 2446 decimoquinti
863 2352 953 2422 nulla
973 2363 1086 2422 exorta
1109 2364 1155 2424 est
1170 2358 1276 2427 recla-

163 2466 273 2534 matio.

207 2574 338 2643 Primus
366 2575 513 2642 omnium
538 2575 623 2642 circa
654 2595 777 2642 anuum
810 2577 892 2640 rtso
923 2572 1094 2640 cardinalis
1127 2575 1279 2644 Nicolaus

162 2685 311 2752 Cusanus
325 2682 360 2749 in
381 2704 441 2750 suo
455 2683 538 2750 libro
554 2683 593 2751 de
610 2680 849 2751 Coucordurrtc'c
872 2680 1033 2748 catholico
1052 2681 1085 2771 (l.
1102 2681 1160 2768 Ill,
1177 2707 1205 2751 c.
1225 2685 1274 2775 ιι),

165 2792 338 2860 decretales
362 2791 563 2882 supradictas
585 2799 622 2892 tp
642 2790 792 2859 falsitatis
817 2797 980 2880 suspectas
1003 2788 1159 2858 indicavit
1181 2799 1212 2859 et
1231 2800 1278 2860 te-

165 2899 247 2966 nuit.
279 2897 434 2968 Erasmus
463 2898 538 2966 item
572 2921 626 2966 eas
660 2907 824 2989 suspectas
860 2897 985 2966 habuit.
1019 2898 1104 2965 Tum
1134 2908 1280 2969 auctores

165 3014 378 3098 protestantes
391 3005 618 3094 Magdeburgi,
635 3007 692 3096 qui
718 3005 958 3074 Centuriotores
977 3004 1278 3098 Mcpdcdurqcnscs,

165 3114 208 3182 ob
233 3135 326 3182 suam
356 3113 523 3182 historiam
551 3112 796 3182 ecclesiasticam
823 3135 881 3204 per
908 3112 1072 3180 centurias
1098 3136 1155 3182 seu
1181 3117 1283 3206 spatia

166 3229 296 3290 centum
326 3242 488 3289 annorum
516 3219 720 3287 distributam
746 3219 911 3306 dicuntur,
937 3219 1065 3287 easdem
1089 3219 1281 3311 rejecerunt,

168 3351 232 3396 non
251 3337 315 3398 tam
332 3349 373 3396 ex
391 3350 430 3396 eo
451 3326 545 3395 titulo
563 3325 650 3419 quod
671 3327 791 3418 spuriae
812 3336 930 3412 essent,
947 3348 1046 3417 quam
1059 3327 1146 3416 quod
1162 3326 1283 3397 doctri-

167 3460 242 3504 nam
275 3436 465 3504 catbolicam
499 3436 576 3526 ipsis
611 3436 751 3504 invisam
790 3437 1002 3504 continerent.
1046 3435 1285 3507 Centuriatores

168 3544 336 3614 confutare
356 3543 491 3612 enavit
512 3564 598 3609 auno
623 3546 706 3609 1572
732 3543 851 3632 jesuita
870 3542 1063 3609 Franciscus
1082 3543 1211 3631 Turres,
1227 3547 1284 3637 qui

169 3662 199 3720 et
223 3652 405 3720 Turrianus
428 3653 492 3720 dici
517 3651 616 3737 solet;
643 3652 698 3718 sed
729 3650 862 3717 minime
888 3648 1047 3739 impedire
1072 3651 1180 3740 potuit
1204 3654 1283 3744 quin

169 3784 229 3851 pro
256 3760 364 3829 dubiis
391 3760 588 3828 lsidorianas
613 3759 787 3827 decretales
810 3757 984 3826 habuerint
1007 3757 1186 3828 cardinales
1212 3760 1285 3828 Bel-

169 3869 342 3955 larmiuus,
359 3869 532 3955 Baronius,
549 3878 581 3936 et
596 3869 647 3936 llu
668 3869 813 3946 Pcrrou;
835 3868 976 3958 itemque
994 3867 1115 3935 Fronto
1131 3869 1283 3956 Ducaeus,

171 3987 202 4046 et
220 3977 360 4046 lacobus
386 3976 592 4045 Sirmondus.
618 3976 783 4060 Antonius
803 3976 939 4043 Contius
961 3974 1192 4065 jurisconsulta
1213 3977 1287 4068 plu·

171 4086 262 4154 ribus
277 4085 426 4176 probavit
446 4085 519 4152 illas
535 4083 737 4176 probabilius
757 4105 826 4150 csse
848 4083 956 4152 falsas.
973 4083 1139 4151 Antonius
1153 4087 1286 4175 Augus-

172 4194 260 4264 tinus
284 4193 440 4262 indicavit
467 4195 613 4284 insuper,
636 4192 755 4283 quibus
780 4214 819 4260 ex
846 4191 992 4260 lontibus
1018 4193 1175 4283 impostor
1196 4217 1287 4284 qnaeff
