3042 4946
325 473 385 540 tlt
675 495 850 543 rntcrarus
873 497 911 542 ns
935 495 1087 544 rnrrcurrs

322 636 369 704 lle
393 633 580 704 difficultate
606 635 692 704 eirea
713 635 872 726 quosdam
897 636 1119 707 ecelesiastioae
1144 634 1309 728 potestatis
1335 639 1442 718 aetus,

322 766 365 812 an
383 765 501 835 nempe
521 741 564 811 ad
583 743 747 832 ordinem,
774 767 817 814 on
840 745 880 814 ad
897 744 1158 838 jurisdictionem
1178 741 1342 814 referendi
1363 743 1443 826 sint,

322 851 375 920 hie
390 873 457 920 non
475 850 686 938 disseremus,
703 875 780 922 oum
793 851 827 920 id
848 876 915 922 non
929 854 1075 946 requirat
1089 852 1260 945 proesentis
1275 850 1446 919 uastatio-

323 959 374 1028 nis
400 981 526 1051 scopus.
549 960 675 1042 Quibus
698 961 900 1052 praenotatis,
914 961 1062 1032 disemus
1088 964 1119 1029 t⁰
1140 960 1181 1029 de
1200 957 1447 1050 separabilitate

320 1069 486 1158 potestatis
501 1068 737 1159 jurisdictionis
753 1077 786 1138 et
800 1068 946 1158 ordinis;
970 1075 1004 1138 2⁰
1019 1070 1060 1138 de
1081 1069 1181 1138 variis
1199 1066 1371 1159 speciebus
1389 1067 1447 1156 jn-

322 1173 537 1263 risdiotionis;
554 1179 586 1244 30
603 1176 643 1244 de
656 1175 885 1267 jurisdictione
900 1177 1089 1258 ordinaria;
1109 1181 1142 1246 l·
1159 1175 1199 1244 de
1214 1174 1376 1264 delegata.

856 1488 925 1578 §1-

387 1692 476 1744 Differt
493 1697 517 1744 et
536 1693 650 1758 separari
667 1697 750 1758 potest
764 1693 951 1758 jurisdictionis
967 1697 1113 1759 potestasa
1133 1695 1257 1757 potestate
1274 1693 1388 1744 ordinis.

370 1907 462 1975 liano
493 1905 734 1978 distinctionem
763 1916 820 1976 aut
848 1907 1059 2000 separationis
1087 1907 1336 2001 possibilitatem
1369 1908 1449 1974 inter

326 2024 502 2108 utramque
523 2024 712 2107 potestatem
736 2017 976 2108 impugnarunt
997 2017 1157 2107 Georgius
1173 2015 1332 2086 Sieardus
1347 2025 1382 2084 et
1394 2016 1446 2082 alii

326 2122 534 2192 heterodoxae
551 2124 710 2193 doctrinm
724 2123 877 2194 fautores.
896 2125 1003 2194 Litem
1025 2126 1200 2217 proeoipuae
1215 2133 1398 2193 moverunt
1411 2123 1445 2190 tle
1504 2193 1505 2200 ,

325 2232 506 2323 Episcopis,
522 2255 560 2302 eo
578 2235 642 2300 line
657 2242 693 2302 ut
709 2240 886 2302 statuerent
899 2234 1088 2328 Episcopus,
1110 2235 1192 2303 sicut
1208 2233 1447 2326 plenitudinem

327 2339 509 2427 sacerdotii,
535 2340 579 2408 ita
603 2347 634 2409 et
658 2341 719 2410 hoe
742 2341 811 2433 ipso
839 2343 1074 2434 plenitudinem
1099 2341 1342 2434 jurisdictionis
1368 2343 1452 2410 obti-

327 2469 417 2535 nere,
440 2448 523 2514 siout
537 2471 557 2514 a
572 2448 702 2517 Christo
722 2449 929 2519 obtinuerant
952 2451 1099 2542 Apostoli
1120 2473 1263 2542 quorum
1283 2471 1452 2518 suecesso-

328 2576 380 2623 res
395 2561 482 2622 sunt.
500 2555 585 2623 Hine
601 2578 715 2624 eversa
730 2556 870 2625 Romani
895 2557 1062 2626 Pontificio
1080 2579 1235 2649 supreme
1256 2565 1288 2624 et
1314 2556 1454 2624 univer-

327 2661 403 2729 salis
418 2668 486 2730 tam
500 2684 602 2752 agnos
614 2686 714 2754 quam
732 2686 822 2751 oves,
836 2664 869 2733 id
882 2674 942 2753 est,
959 2673 1026 2734 tam
1037 2664 1148 2733 fideles
1159 2688 1258 2757 quum
1271 2663 1456 2755 Episcopos

329 2767 481 2859 pascendi
498 2777 595 2862 utque
610 2770 744 2860 regendi
759 2777 909 2862 potestas.

375 2877 419 2945 Ut
441 2885 552 2946 autem
573 2879 667 2971 plene
687 2879 872 2949 confutetur
892 2904 985 2950 error
999 2882 1054 2950 ille
1069 2881 1296 2973 gravissimus,
1319 2879 1384 2948 hoc
1401 2902 1457 2948 or-

331 2981 406 3051 dine
421 2984 642 3055 disseremus:
665 2991 696 3054 l·
709 2987 845 3056 Certum
859 2997 906 3056 est
918 2997 1110 3079 potestatem
1124 2988 1248 3059 ordinis
1262 2987 1458 3079 episcopalis

332 3111 401 3158 esse
428 3091 559 3181 plenam
582 3102 614 3159 et
642 3093 804 3187 aequulem
830 3097 864 3162 in
888 3097 1043 3164 omnibus
1065 3095 1246 3188 Episcopis,
1275 3117 1334 3162 neo
1360 3116 1458 3185 posse

332 3199 486 3287 restringi
509 3207 565 3269 aut
590 3202 724 3270 auferri.
752 3207 786 3270 2⁰
801 3203 937 3272 Certum
962 3211 1011 3273 est
1038 3211 1228 3295 potestatem
1250 3201 1457 3294 jurisdictio

334 3306 386 3373 nis
410 3307 564 3397 restringi
589 3330 694 3400 posse.
724 3311 755 3375 30
775 3309 912 3380 Certum
941 3318 989 3378 est
1011 3317 1203 3401 potestatem
1233 3311 1360 3380 ordinis
1387 3315 1458 3406 epi-

334 3411 471 3502 scopalis
500 3421 584 3481 stare
613 3437 705 3505 posse
732 3415 801 3483 sine
832 3416 901 3484 ulla
920 3417 1157 3508 jurisdictione.
1190 3422 1223 3485 l·
1243 3417 1383 3487 Certum
1414 3429 1459 3488 est

330 3517 590 3608 jurisdictionem
607 3523 822 3614 episoopalem
837 3531 922 3593 stare
936 3547 1029 3616 posse
1044 3525 1113 3593 sine
1133 3525 1308 3617 episcopali
1325 3525 1456 3594 ordine.

337 3629 369 3691 5⁰
384 3629 557 3699 Conclusio
582 3631 621 3701 de
647 3631 852 3702 distinetione
874 3643 904 3702 et
932 3633 1170 3726 separabilitate
1199 3635 1369 3726 utriusque
1401 3660 1458 3730 po

336 3738 470 3810 testaris.
