3050 4946
472 537 555 586 runis
575 537 725 586 tancmer.
1089 523 1150 586 tan

34 688 147 736 unum
172 669 264 752 ovile,
284 669 433 740 bomines
453 695 535 764 quos
560 675 594 742 in
617 697 689 744 eam
712 683 804 744 vocat
825 676 1043 768 nuncupando
1067 700 1149 762 oves,

34 776 218 870 ipsumque
244 802 312 848 sese
342 779 479 850 dicendo
508 791 682 874 pastorem,
707 793 739 851 ct
765 783 964 853 instituendo
990 793 1152 877 pastorem

36 885 105 950 sibi
120 885 302 977 subjectum
317 889 368 956 cui
384 887 473 977 dicit,
480 913 580 982 pasce
604 913 676 959 oves
695 913 796 973 meas,
807 913 907 984 posce
926 915 1029 982 cynos
1046 917 1153 977 mcos;

34 1003 121 1083 typo
136 995 289 1085 corporae,
306 1017 379 1064 eam
394 996 530 1066 dicendo
545 1020 663 1090 corpus
678 999 799 1067 Christi
815 1007 847 1067 et
859 999 1003 1091 seipsum
1020 1000 1155 1070 dicendo

32 1116 139 1194 caput
153 1106 295 1195 corporis
309 1106 470 1175 Ecclesiae.
482 1108 584 1198 Atqui
601 1107 669 1199 typi
685 1107 738 1175 isti
751 1108 834 1175 varii
847 1117 993 1176 accurate
1008 1109 1148 1178 formam

35 1210 194 1280 socialem
220 1213 375 1281 referunt.
399 1213 482 1282 Nam
503 1236 639 1305 reprom
664 1222 712 1282 eat
734 1214 878 1284 collectio
902 1215 1092 1304 hominum,
1114 1215 1153 1283 ad

35 1343 255 1390 communem
275 1322 352 1391 boni
371 1323 493 1414 publici
517 1321 618 1392 finem
643 1323 816 1392 communi
838 1324 962 1392 actione
980 1323 1154 1392 coordina-

35 1437 152 1495 torum
177 1437 209 1506 et
227 1431 508 1516 concurrentium;
525 1439 556 1498 et
578 1431 665 1498 idam
691 1429 866 1499 dicendum
886 1440 934 1498 est
953 1430 1155 1498 decivitate.

39 1535 138 1604 Onile
148 1543 258 1604 autem
270 1559 311 1604 ex
323 1535 513 1605 hominibus
526 1545 675 1606 constans
686 1535 837 1605 eamdem
852 1537 994 1606 formam
1010 1536 1154 1623 exhibet,

36 1652 202 1734 quatenus
217 1665 293 1711 ovea
308 1664 423 1712 omnes
438 1644 657 1712 communiter
673 1643 735 1712 sub
752 1645 924 1713 communi
939 1651 1065 1735 pastore
1080 1666 1156 1736 pas-

36 1758 173 1820 cuntur.
189 1752 230 1820 Et
245 1752 377 1820 tandem
401 1775 515 1842 eorpus
536 1752 659 1821 morale
679 1775 720 1822 ex
743 1753 933 1822 hominibus
948 1762 1154 1845 compactum

38 1858 200 1948 exprimit
213 1859 431 1926 arctissimam
446 1859 666 1928 cohaesionem
685 1882 750 1950 qua
769 1859 918 1928 homines
933 1860 996 1927 sibi
1016 1861 1157 1930 invicem

36 1976 198 2060 tanquam
222 1967 278 2036 alii
302 1969 443 2036 aliorum
468 1967 618 2038 membra
643 1968 887 2059 conjunguntur
908 1977 939 2036 ct
964 1967 1004 2035 ad
1030 1969 1155 2038 bouum

36 2075 139 2143 totius
168 2077 311 2167 corporis
339 2084 529 2167 coaptantur
556 2085 588 2144 et
615 2082 826 2144 concurrunt.
857 2075 944 2164 Ergo
972 2076 1055 2144 varii
1081 2080 1151 2169 typi

38 2183 162 2274 quibus
176 2184 325 2253 Christus
346 2183 524 2252 Ecclesiam
546 2207 640 2252 suam
656 2185 826 2274 expressit,
843 2183 985 2252 formam
1001 2183 1153 2252 socialem

38 2291 280 2360 accuratissime
299 2291 457 2360 referunt.

85 2399 281 2468 nuntiatus
297 2400 471 2468 bominum
487 2400 668 2469 collectioni
688 2421 728 2468 ex
750 2400 870 2492 quibus
883 2399 1030 2469 coalescit
1044 2401 1155 2472 Eccle-

38 2509 89 2575 sia
116 2510 216 2576 finem
246 2530 457 2577 communem
482 2509 637 2599 praefixit.
666 2507 796 2575 Etenim
820 2506 942 2599 duplex
966 2517 1014 2576 est
1036 2507 1154 2578 tinisa

36 2616 169 2686 Christo
196 2615 348 2686 Ecclesia
378 2614 547 2706 praefixus,
577 2615 657 2684 alter
685 2615 833 2700 ultimus,
859 2614 1032 2706 proximus
1059 2616 1150 2684 alter.

36 2723 133 2792 Finis
153 2723 292 2793 ultimus
310 2732 358 2792 est
378 2731 414 2790 ut
437 2722 561 2812 singuli
584 2744 641 2813 per
663 2723 843 2791 Ecclesiam
870 2721 1087 2812 perducantur
1110 2726 1152 2792 ad

38 2833 141 2900 finem
157 2854 255 2900 suum
278 2831 449 2922 proprium
470 2830 640 2917 ultimum,
655 2831 714 2922 qui
734 2839 782 2900 est
804 2830 891 2898 Deus
913 2831 982 2921 ipse
1001 2831 1152 2900 intuitive

37 2942 202 3010 videndus
217 2951 248 3010 ct
262 2940 487 3033 possidendus.
504 2939 595 3008 Finis
609 2963 687 3008 vero
706 2940 879 3031 proximus
891 2950 939 3008 est
952 2949 988 3008 ut
1003 2941 1038 3007 in
1052 2940 1153 3009 socic-

37 3059 103 3118 tate
126 3049 337 3118 ccclesiastiea
355 3049 477 3138 singuli
501 3048 714 3139 profiteantur
733 3071 846 3116 veram
867 3047 1154 3140 religionemque

38 3159 110 3227 sola
123 3167 271 3227 accurate
284 3165 411 3225 servata
427 3157 550 3247 possint
564 3155 759 3246 praedictum
774 3156 875 3224 finem
897 3157 1051 3224 ultimum
1065 3179 1152 3226 asse·

39 3290 109 3358 qur.

84 3379 117 3443 3⁰
132 3373 280 3446 Christus
299 3374 476 3442 Ecclesiam
498 3374 637 3442 instituit
656 3396 731 3442 cum
755 3373 860 3441 forma
882 3374 1004 3462 sociali,
1021 3376 1049 3442 si
1065 3376 1100 3443 in
1115 3399 1153 3444 ea

38 3484 205 3554 constitnit
218 3483 441 3552 auctoritatem
458 3506 533 3573 quaa
549 3481 649 3551 iidem
665 3483 707 3550 ab
720 3483 874 3550 omnibus
896 3483 1069 3551 tenendam
1086 3491 1152 3550 tra·
1191 3559 1194 3565 Δ

38 3593 142 3676 deret,
159 3603 190 3660 et
210 3615 325 3661 omnes
340 3592 373 3658 in
388 3590 515 3680 agendo
530 3613 587 3658 seu
609 3590 716 3682 quoad
736 3612 843 3658 mores
859 3600 1002 3679 regeret3
1017 3600 1049 3658 et
1064 3614 1150 3682 prae-

37 3709 127 3770 terea
139 3701 168 3768 si
181 3698 332 3768 Ecclesiae
348 3698 497 3767 membra
517 3698 621 3766 noluit
639 3699 700 3765 nisi
720 3721 778 3790 per
792 3719 1003 3766 communem
1018 3700 1102 3769 hanc
1116 3701 1152 3768 iu

37 3808 198 3876 credendo
214 3815 245 3874 et
267 3808 301 3875 in
317 3807 443 3896 agendo
466 3806 683 3874 obedientiam
709 3807 750 3874 ad
773 3807 873 3874 finem
892 3816 1023 3876 aeternae
1046 3807 1150 3875 beati-

38 3917 163 3985 tudinis
183 3915 364 4007 pervenire.
382 3913 483 4005 Atqui
503 3914 547 3981 ita
568 3915 715 3982 statuisse
739 3913 908 3981 Christum
930 3914 1065 3983 omniuo
1080 3937 1151 3982 cer-

37 4035 108 4092 tum
123 4032 170 4091 est
186 4025 342 4102 :Euclea
356 4020 464 4088 docete
478 4043 588 4090 omnes
601 4031 710 4111 pentes
721 4045 732 4086 .·
744 4019 803 4111 qui
814 4019 986 4089 crediderit
999 4035 1030 4089 et
1042 4023 1149 4114 bapti-

36 4145 130 4200 zatus
141 4130 255 4221 fuerit,
271 4129 380 4196 saluus
397 4129 479 4210 erit;
493 4128 551 4218 qui
569 4151 643 4196 uero
665 4151 731 4196 reon
752 4126 934 4210 crediderit,
953 4128 1151 4198 condemno-

38 4242 138 4317 dr'tur.
150 4241 239 4328 Ergo
254 4238 392 4305 instituit
407 4237 532 4328 aliquos
548 4261 623 4307 eum
640 4238 827 4307 auctoritate
842 4237 989 4328 docendi,
1004 4250 1034 4308 et
1046 4241 1150 4310 voluit
