3050 4946
492 515 575 560 soris
598 515 751 562 canonici.
1122 503 1183 567 tas

58 654 219 723 civilibus
250 676 430 748 eorumque
456 653 591 733 ordinm
626 654 742 724 tertius
770 654 810 724 de
841 657 938 725 rebus
965 659 1185 731 ecclesiasticis

60 785 142 854 qnae
169 761 346 833 odiorum
374 761 554 855 episcopale
583 761 791 831 deducuntur
816 763 851 830 in
879 763 1030 834 civilibus
1057 768 1184 849 causis;

61 877 203 962 quartus
232 869 274 938 ele
304 869 508 963 sponsalibus
534 879 566 936 et
605 869 793 956 connubiis;
826 871 961 964 quintus
989 873 1029 942 de
1053 873 1187 966 judiciis

60 979 302 1068 criminalibus,
328 979 455 1050 delictis
476 987 507 1049 et
529 981 686 1051 censuris.
710 981 857 1064 Quarum
875 983 1083 1052 materiarum
1099 985 1188 1054 indi·

61 1089 150 1159 catio
164 1097 196 1158 et
209 1090 306 1158 series
321 1091 468 1183 sequenti
484 1113 581 1160 versu
595 1089 736 1183 exprimi
752 1093 832 1162 solet
847 1120 855 1162 ς
872 1092 990 1176 ludes,
1002 1094 1183 1186 judicium,

63 1201 181 1282 aluus,
197 1201 370 1290 carambin,
387 1201 523 1271 crimen.

112 1307 247 1377 Manum
276 1309 368 1402 aperi
391 1310 537 1380 admont
561 1319 691 1380 sanctus
721 1311 938 1404 Raymundus
972 1334 1059 1381 enno
1086 1316 1184 1402 1230,

65 1425 100 1484 et
130 1416 225 1485 nonis
257 1417 449 1509 septembris
486 1421 569 1486 1233
600 1419 761 1511 expletam
792 1419 1012 1490 collectionem
1041 1423 1189 1514 sequenti

65 1523 296 1594 constitutione
311 1525 489 1617 publicavit
504 1525 681 1618 Gregorius
694 1525 741 1594 [Χ
758 1555 765 1596 :

116 1641 292 1732 Greporius
314 1641 507 1734 Episcopus,
537 1663 646 1710 seruus
668 1663 836 1710 sanorum
860 1643 932 1724 Dei,
961 1642 1086 1712 dilectis
1108 1645 1189 1735 filiis

68 1748 254 1818 doctoribus
275 1761 305 1816 et
328 1749 529 1818 scholaribus
555 1747 712 1818 uniuersis
733 1747 891 1818 Bononia
917 1749 961 1841 (iu
984 1773 1051 1820 uno
1070 1774 1189 1821 menu-

69 1857 190 1948 scripto
213 1856 369 1927 Vaticano
386 1855 507 1948 legitur
522 1856 671 1938 Parisiis,
697 1856 777 1925 etin
793 1856 858 1925 alio
874 1858 1030 1928 Bononiae
1045 1871 1076 1927 et
1090 1859 1189 1928 Pari-

68 1966 136 2056 siis)
157 1965 446 2046 commorantibus,
470 1965 611 2033 salutem
634 1977 665 2032 et
687 1965 908 2055 Apostolicam
924 1965 1186 2037 benedictionem.

68 2115 114 2127 -
130 2078 198 2144 Rea
215 2073 387 2166 pacificus,
403 2081 492 2142 etc...
511 2076 600 2141 Sane
619 2071 762 2141 diuersas
778 2072 1020 2142 restitutiones
1034 2089 1065 2143 et
1080 2074 1190 2144 decre-

70 2185 152 2252 tales
163 2182 315 2276 epistalas
332 2181 604 2274 predecessorum
620 2195 820 2264 nostrarum,
838 2181 874 2251 in
890 2180 1017 2250 diuusa
1030 2182 1190 2274 dispersas

70 2292 252 2374 uolumina,
271 2313 414 2384 quarum
434 2291 555 2383 aliquae
566 2303 703 2384 propter
717 2290 860 2360 nimiam
878 2291 1138 2376 similitudinem,
1159 2307 1190 2363 et

70 2399 223 2494 predam
237 2412 376 2493 propter
393 2399 671 2482 contrarietatem,
689 2399 856 2468 nonnulla
869 2399 971 2467 etiam
987 2414 1125 2493 propter
1139 2403 1193 2472 sui

64 2508 308 2600 prolmitatm,
327 2507 548 2598 confinianem
564 2507 715 2576 inducere
726 2506 930 2596 uidebantur,
947 2508 1067 2601 eliqua
1086 2533 1192 2602 vapa-

70 2617 194 2684 bantur
218 2628 312 2684 entra
337 2613 505 2684 uolumina
528 2637 630 2706 supra
652 2614 752 2698 dicta,
782 2636 855 2706 quea
875 2628 1035 2707 tanquam
1061 2616 1191 2687 incute

64 2727 255 2816 frequenter
269 2723 304 2791 in
319 2720 457 2814 judiciis
476 2723 688 2792 vacillabant.
708 2721 760 2790 Ad
780 2744 986 2791 communem
1001 2736 1031 2791 et
1044 2725 1191 2794 manime

68 2831 273 2902 studentium
287 2831 479 2913 utilitatem
493 2853 556 2923 per
568 2829 722 2900 dilectum
738 2832 849 2914 filium
858 2833 1000 2923 fratrem
1015 2836 1191 2926 Rapmun-

69 2941 164 3023 dum,
189 2939 395 3031 capellanum
410 2951 441 3006 et
456 2937 742 3030 paenitentiarium
755 2950 917 3021 nastrum,
940 2939 1015 3008 illas
1035 2939 1070 3009 in
1089 2963 1191 3010 unum

69 3049 221 3118 uolumen
246 3047 404 3137 (resecatis
422 3047 607 3139 superfluis)
627 3047 834 3140 providimus
856 3048 1075 3140 redipendas,·
1099 3050 1192 3143 adji-

70 3159 186 3226 cientes
207 3144 449 3225 'canstitutianes
470 3167 600 3224 nostras
622 3169 652 3224 et
668 3154 843 3225 decretales
858 3158 1022 3250 epistolas,
1033 3181 1098 3250 per
1111 3183 1193 3251 quas

70 3264 232 3334 manullo
248 3285 321 3356 quea
335 3263 371 3331 in
384 3263 549 3355 prioribus
561 3275 656 3332 erant
671 3262 784 3346 dubia,
800 3263 1023 3335 declarantur.
1048 3267 1193 3336 Valentes

71 3373 187 3465 ipitun
217 3387 254 3442 ut
278 3373 341 3441 hac
363 3383 495 3441 tantum
519 3371 750 3463 compilatione
769 3372 914 3440 uniuersi
928 3385 1069 3442 utantur
1082 3375 1116 3443 in
1129 3375 1194 3466 ju-

72 3483 166 3551 diciis
184 3497 215 3550 et
233 3482 270 3550 in
290 3481 417 3565 sedalis,
434 3480 613 3549 districtius
625 3480 842 3571 prohibemus
865 3504 905 3548 ne
924 3482 995 3573 puis
1011 3496 1195 3574 presumat

71 3590 177 3658 aliam
202 3592 310 3681 facere
338 3589 457 3681 absque
484 3588 681 3656 auctoritate
707 3587 802 3656 Sedis
830 3588 1021 3680 Apostolicu
1047 3591 1192 3681 speciali.

71 3697 219 3766 Habetur
239 3696 295 3765 illa
309 3695 473 3789 pontificia
487 3695 620 3788 epistola
635 3694 668 3763 in
685 3696 828 3788 Corpore
839 3694 924 3786 juris
943 3697 1101 3786 canonici,
1119 3706 1193 3766 ante

70 3806 173 3875 libros
186 3805 414 3876 Decretalinm.
