3068 4948
264 475 325 540 318
616 489 789 537 reserares
811 489 849 538 os
872 491 1025 540 esrucrrus

260 631 394 702 unitatis
414 629 540 699 fortiter
561 628 798 699 devinciamur.
826 631 912 700 Dum
935 633 1022 700 enim
1044 630 1085 700 de
1100 632 1246 724 ‹pualihet
1259 627 1379 700 mundi

260 748 351 833 parte
373 738 596 830 unusquisque
620 738 756 806 clericus
778 761 907 807 summo
928 739 1048 830 pastori
1069 739 1302 807 invincibiliter
1316 737 1380 806 ad·

262 849 378 934 haeret,
400 848 507 916 clausa
527 846 588 916 hoo
610 849 680 939 ipso
699 856 807 916 manet
822 847 1003 918 heresibus
1014 848 1128 940 janua,
1150 849 1258 916 clausa
1272 847 1381 916 schis-

264 957 417 1042 matibus,
446 954 555 1022 clausa
579 953 723 1022 erroneis
751 954 991 1048 systematihus.
1021 953 1138 1024 Nullus
1163 954 1281 1022 sedicet
1309 977 1382 1022 un-

262 1087 361 1157 quam
375 1087 467 1134 error
482 1065 544 1133 alte
560 1063 684 1133 radices
699 1065 777 1154 egit,
795 1065 858 1133 nisi
875 1063 1014 1134 divulsis
1029 1067 1208 1136 altomano
1220 1065 1383 1134 Pontihoe

263 1173 424 1266 aliquibus
438 1173 594 1243 clericalis
610 1172 735 1240 militiae
750 1173 878 1241 turmis.
897 1173 970 1243 lam
984 1197 1063 1244 vero
1076 1173 1103 1242 si
1116 1175 1265 1243 Romana
1278 1171 1384 1241 Sedes

263 1281 298 1348 in
312 1281 463 1350 omnibus
482 1280 596 1349 muudi
615 1277 757 1348 ecclesiis
776 1303 835 1349 sua
853 1280 972 1372 quihus
986 1291 1206 1350 sustententur
1219 1281 1385 1351 beneficia

264 1410 330 1456 nou
352 1389 462 1481 paucis
485 1387 703 1478 clericisipsa
720 1385 896 1480 dispenset,
916 1390 989 1480 quis
1003 1413 1069 1458 non
1086 1389 1174 1458 videt
1187 1388 1384 1481 hujusmodi

263 1497 354 1566 viros
376 1519 417 1564 ex
442 1497 580 1565 naturali
606 1497 703 1564 etiam
726 1495 833 1564 cordis
857 1497 990 1566 humani
1011 1499 1167 1590 impulsu,
1191 1497 1295 1588 magis
1312 1497 1384 1564 fore

264 1604 424 1690 addictos,
452 1612 549 1696 atque
573 1603 613 1671 ad
642 1602 902 1689 obaudiendum,
932 1606 970 1672 ad
997 1604 1309 1698 obtemperandum,
1341 1604 1384 1670 ad

265 1711 545 1799 consentiendum,
570 1709 611 1778 ad
634 1709 851 1780 resistendum
875 1712 1044 1780 contrariis
1064 1712 1286 1781 moliminibus
1301 1733 1386 1803 pro-

265 1821 404 1910 pensos‘l
422 1818 457 1885 ld
474 1825 582 1886 erstem
598 1817 760 1886 contraria
775 1819 945 1910 hypothesi
958 1820 1077 1888 clarius
1090 1819 1196 1888 adhuc
1212 1827 1311 1911 patet.
1331 1819 1386 1889 Sit

266 1926 357 2014 regio
379 1926 414 1992 in
435 1947 500 2016 qua
519 1924 684 1992 secularis
706 1926 857 2017 princeps
881 1928 1082 2018 episcopatus
1102 1921 1303 1995 nominando
1324 1950 1385 1996 seu

266 2030 492 2124 praesentando
516 2031 690 2125 dispenset,
717 2041 748 2100 et
774 2033 928 2102 beneficia
953 2035 1110 2103 interiora
1133 2035 1276 2126 plurima
1297 2058 1384 2104 cou-

266 2141 368 2228 ferot3
394 2141 518 2232 reliqua
537 2163 615 2208 vero
638 2141 794 2208 beneficia
816 2141 858 2208 ab
879 2142 1046 2234 Episcopis
1061 2142 1235 2234 pendeant,
1258 2142 1385 2210 nullas

266 2251 414 2319 Romano
436 2248 602 2317 Pontifice.
632 2249 679 2315 lhi
704 2249 846 2339 profecto
868 2249 1049 2318 imminebit
1073 2250 1205 2318 minime
1226 2249 1386 2318 chimeri-

267 2381 340 2426 cum
363 2357 482 2426 erroris
504 2365 535 2423 et
554 2355 736 2423 schismatis
756 2356 937 2446 periculum
958 2384 965 2425 :
991 2358 1017 2424 si
1032 2358 1119 2426 enim
1136 2357 1302 2426 secularis
1319 2381 1385 2449 po·

265 2476 362 2534 testas
385 2467 418 2533 iu
445 2463 584 2533 schisma
607 2461 815 2556 propendeat,
841 2466 874 2531 in
899 2466 984 2534 idem
1011 2466 1178 2535 tendentes
1200 2467 1386 2534 nominabit

265 2575 453 2667 Episcopus,
476 2574 509 2639 iu
527 2571 612 2639 idem
628 2571 795 2639 tendentes
809 2572 1046 2658 beneficiarios,
1065 2574 1099 2640 iu
1113 2573 1198 2642 idem
1215 2573 1384 2641 tendentes

268 2688 299 2750 et
313 2679 374 2771 ipsi
389 2678 528 2746 vicissim
544 2678 624 2748 alios
639 2679 855 2748 nominabunt
866 2679 1028 2771 Episcopi.
1041 2681 1312 2750 Removehuutur
1324 2683 1384 2772 qui

268 2787 335 2856 zelo
359 2786 491 2854 unitatis
513 2794 544 2854 et
565 2809 652 2854 sauae
671 2785 826 2854 doctrinm
847 2786 989 2876 generali
1005 2787 1081 2856 huic
1096 2787 1270 2855 tendentia
1286 2789 1386 2856 obni-

269 2901 401 2978 tuntur;
425 2893 483 2982 qui
506 2899 537 2960 et
559 2893 698 2960 rariores
720 2893 752 2959 iu
776 2892 845 2958 dies
861 2893 1074 2984 reperientur,
1095 2917 1170 2962 cum
1185 2893 1265 2961 etin
1279 2895 1384 2961 semi-

269 3000 370 3071 nariis
392 3000 509 3066 tradita
529 2998 716 3088 junioribus
739 2998 884 3066 doctrine
906 3007 984 3066 tunc
1003 2999 1043 3066 ad
1057 3000 1210 3090 gubernii
1227 2999 1384 3089 placitum

268 3110 390 3182 inilecti
411 3109 520 3176 soleat.
545 3105 648 3174 hlulta
664 3104 868 3173 dissimulare
883 3115 1017 3194 cogetur
1032 3105 1258 3194 gemebundus
1272 3106 1384 3174 Eccle-

270 3222 327 3290 siae
342 3218 503 3287 universa
528 3223 647 3307 pastor,
664 3235 706 3280 ue
728 3213 811 3282 forte
831 3223 862 3282 et
877 3214 911 3280 in
925 3214 1067 3284 deterius
1080 3236 1132 3282 res
1148 3215 1382 3306 prolabantur3

270 3337 366 3421 atque
388 3325 494 3395 omnis
516 3324 582 3391 lere
606 3323 700 3412 vigor
723 3321 916 3413 apostolicus
936 3323 977 3391 ad
1003 3322 1077 3390 talio
1099 3323 1265 3392 obstacula
1284 3323 1386 3392 elisus

270 3443 503 3530 prosternetur.
529 3433 657 3515 Quanto
678 3453 753 3498 cum
775 3431 982 3500 ecclesiarum
1006 3431 1104 3522 hujus
1123 3433 1268 3522 regionis
1282 3433 1386 3502 detri-

272 3555 380 3614 mento
395 3551 427 3610 ct
440 3539 596 3631 periculo,
611 3539 685 3629 quis
700 3558 764 3606 nou
781 3537 911 3606 videut‘l
925 3541 1032 3630 Atque
1048 3540 1174 3608 catinam
1189 3539 1384 3631 descriptam

271 3651 476 3744 hypothesim
498 3647 698 3739 experientia
720 3658 751 3714 et
774 3647 914 3715 historia
929 3655 1140 3716 monumenta
1153 3669 1219 3716 non
1235 3670 1386 3740 compro-

272 3763 402 3830 barent!
419 3759 470 3826 Ex
485 3756 541 3824 illa
556 3778 634 3846 ergo
651 3756 788 3842 ratione,
804 3757 885 3824 viris
899 3756 1065 3825 catholicis
1080 3780 1208 3848 semper
1222 3758 1386 3827 videbitur

272 3889 399 3936 summa
425 3864 580 3956 sapientia
603 3863 768 3930 inductam
791 3863 889 3931 fuisse
913 3866 1170 3933 reservationum
1193 3867 1386 3957 apostolica-

273 3998 349 4044 rum
374 3971 590 4061 disciplinam.
618 3970 711 4051 Quod
739 3979 847 4040 autem
872 3975 1002 4042 evenire
1028 3974 1129 4066 possit
1155 3983 1192 4042 ut
1216 3975 1385 4043 Romanus

275 4080 427 4150 Pontifex
450 4077 622 4145 immeritis
644 4086 675 4144 et
697 4099 763 4145 non
786 4087 834 4146 sat
856 4078 989 4148 delectis
1010 4081 1092 4148 viris
1111 4081 1267 4164 conferat,
1294 4081 1328 4148 id
1352 4083 1384 4150 in

276 4187 437 4260 contraria
458 4186 565 4276 praxi,
589 4207 655 4253 nou
669 4194 795 4253 tantum
812 4209 917 4278 aeque,
938 4188 993 4256 sed
1009 4197 1041 4256 et
1056 4189 1184 4258 facilius
1197 4190 1384 4282 contingere
