3042 4946
556 490 636 538 tuate
658 491 809 538 CANONlCl.

659 799 718 870 lV.

124 988 230 1037 Certum
246 989 285 1037 est
300 983 475 1050 episcopalem
495 984 705 1049 indedictlonem
728 987 795 1036 stare
819 997 896 1050 posse
918 983 974 1036 sinc
997 989 1121 1050 potestate
1139 987 1246 1039 ordinis.

170 1184 333 1253 Probatur
352 1206 394 1252 ex
421 1183 544 1274 duplici
566 1183 649 1252 lacto
667 1183 848 1274 disciplinae
869 1183 1042 1273 generalis.
1063 1186 1094 1250 1ο
1109 1185 1183 1252 lam
1204 1184 1245 1253 ab

125 1291 250 1384 aliquot
264 1291 390 1361 saeculis
409 1291 548 1360 invaluit
566 1291 600 1358 in
620 1290 764 1360 Ecclesia
783 1301 939 1383 tanquam
961 1290 1131 1381 disciplina
1144 1315 1247 1380 gene-

126 1401 205 1470 ralis
224 1412 255 1470 et
280 1402 402 1494 ubique
423 1409 562 1494 recepta,
580 1411 617 1470 ut
639 1401 758 1470 electus
785 1402 821 1468 in
844 1401 1056 1493 Episcopum,
1080 1403 1187 1470 statim
1210 1427 1247 1470 ac

126 1511 362 1601 prmconisatus
383 1511 445 1579 init
469 1511 504 1578 in
531 1510 722 1580 consistorio
756 1509 865 1601 papali
891 1517 922 1578 et
959 1509 1098 1578 obtinuit
1128 1510 1244 1600 bullas,

127 1620 295 1689 dioecesim
316 1621 377 1688 sibi
398 1621 596 1710 assignatam
620 1643 697 1688 cnm
713 1619 809 1711 plena
820 1619 1048 1710 jurisdictione
1065 1619 1248 1709 gubernare

127 1729 232 1822 possit
248 1729 378 1798 etiamsi
400 1731 548 1800 nondum
573 1739 788 1798 consecratus.
815 1729 948 1798 Etenim
969 1752 1011 1797 ea
1032 1751 1155 1798 cenom
1173 1730 1249 1798 Tri-

128 1836 264 1905 dentino
294 1838 382 1928 (sess.
414 1841 469 1924 23,
497 1861 525 1904 c.
551 1842 584 1920 2,
612 1836 652 1905 dc
677 1837 829 1927 reform.)
853 1845 958 1928 potest
982 1837 1023 1905 ad
1041 1845 1106 1906 trcs
1120 1860 1248 1907 menses

129 1949 327 2016 consecratio
348 1947 484 2017 differri.
512 1951 544 2014 2⁶
569 1947 627 2016 Est
651 1949 750 2016 etiam
774 1947 966 2016 universalis
992 1947 1164 2038 disciplina
1198 1959 1248 2034 ut,

132 2064 263 2124 mortuo
286 2055 458 2147 Episcopo,
487 2055 589 2146 ipsius
614 2055 834 2145 jurisdictioni
860 2053 901 2121 ad
916 2055 1062 2122 dioecesis
1085 2055 1249 2144 guberna-

131 2163 256 2230 tionem
279 2163 428 2231 succedat
450 2162 627 2254 cupitulnm
650 2161 833 2230 cathedrale
860 2170 891 2228 ct
905 2183 963 2251 per
982 2162 1144 2230 vicarium
1161 2164 1251 2253 capi-

132 2269 275 2338 tularem
300 2271 392 2338 illam
417 2277 576 2338 exerceat.
589 2307 634 2320 -
650 2269 752 2337 Porro
777 2269 810 2336 in
836 2267 896 2336 bac
920 2273 1057 2358 utraque
1081 2268 1252 2360 disciplina

135 2377 364 2448 universaliter
384 2387 510 2469 recepta
543 2399 651 2445 errare
681 2399 747 2444 non
777 2377 881 2466 potuit
915 2375 1067 2442 Ecclesia.
1098 2375 1135 2444 Si
1162 2378 1251 2445 enim

135 2484 316 2577 Episcopus
335 2483 569 2576 praeconisatns
589 2483 645 2551 sed
660 2483 808 2552 nondum
828 2489 1046 2568 consecratus,
1067 2490 1098 2550 et
1113 2484 1254 2553 vicarius

136 2591 338 2681 capitularis,
364 2614 478 2662 revera
498 2591 761 2683 jurisdictionem
787 2612 852 2658 non
875 2589 1042 2676 haberent,
1065 2601 1254 2682 sequeretur

135 2700 253 2788 ingens
274 2699 462 2768 animarum
482 2700 651 2790 pernicies.
675 2699 760 2766 Cum
776 2698 865 2766 enim
888 2696 928 2765 ab
945 2697 1025 2789 ipsis
1039 2697 1173 2789 parochi
1186 2698 1256 2768 ins·

136 2807 309 2893 titnantur,
350 2808 561 2877 matrimonia
598 2829 708 2876 coram
745 2807 862 2875 talibus
901 2805 1051 2897 parochis
1095 2807 1254 2878 celebrata

138 2915 230 2983 nulla
251 2923 357 2983 assent
372 2942 379 2982 :
395 2916 474 2984 item
494 2915 592 2984 nullm
610 2914 828 2984 absolutiones
849 2937 868 2982 a
886 2913 1004 2982 talibus
1020 2914 1181 3005 parochis,
1199 2926 1256 2984 ut-

139 3032 211 3114 pote
238 3045 317 3092 vena
339 3021 564 3114 jurisdictione
590 3023 787 3093 carentibus.
812 3021 1027 3115 Disciplinam
1047 3031 1158 3092 summ
1178 3027 1257 3092 uni-

139 3132 301 3199 versalem
325 3131 528 3221 hujusmodi,
553 3154 630 3200 cum
657 3131 734 3199 talia
759 3130 881 3198 damna
904 3131 1038 3200 invehat
1059 3141 1092 3200 et
1112 3155 1257 3202 errorem

140 3239 365 3330 dogmaticum
387 3238 544 3326 includat,
571 3237 773 3330 impossibile
800 3248 848 3306 est
879 3239 920 3306 ab
945 3237 1087 3308 Ecclesia
1113 3241 1257 3330 probari,

141 3347 306 3436 constitui,
333 3347 431 3439 recipi
454 3375 462 3415 :
485 3348 632 3438 alioquin
659 3357 783 3416 erraret.
808 3346 952 3415 Ecclesia
977 3357 1009 3415 et
1034 3357 1137 3438 portae
1163 3349 1262 3418 inferi

141 3466 254 3526 contra
281 3457 387 3548 ipsam
414 3457 640 3548 prevalerent.
671 3456 760 3544 Ergo
785 3478 862 3524 cum
888 3463 975 3524 recta
1002 3457 1181 3525 necessario
1205 3458 1260 3526 di-

142 3567 245 3634 cenda
264 3563 309 3631 sic
336 3563 405 3632 haec
427 3573 564 3654 utraque
586 3561 737 3631 Ecclesia
762 3561 946 3653 disciplina,
970 3560 1145 3632 dicendum
1161 3565 1261 3633 etiam

142 3682 191 3743 eat
216 3693 308 3764 posse
333 3669 595 3761 jurisdictionem
621 3669 837 3761 episcopalem
862 3670 984 3761 absque
1016 3677 1171 3762 potestate
1194 3673 1263 3764 epi·

144 3779 282 3872 scopalis
297 3779 421 3847 ordinis
437 3777 604 3847 exsistere.

189 3887 280 3956 ldem
314 3887 405 3956 lactis
441 3885 640 3978 antiquitatis
671 3884 802 3977 probari
831 3896 947 3976 posset.
978 3887 1139 3958 Videmus
1174 3887 1263 3960 enim
1349 3959 1351 3962 .

67 4027 70 4038 ·
147 3996 255 4088 plnres
283 3991 431 4064 nondum
458 3993 634 4085 Episcopos
651 3992 913 4084 jurisdictionem
937 3994 1153 4088 episcopalem
1170 4018 1265 4068 exer-

148 4104 255 4172 cuisse
276 4109 433 4193 tanquam
457 4101 599 4170 aliorum
624 4101 737 4172 vicarii
760 4107 791 4168 et
810 4101 987 4194 adjutores.
1009 4100 1121 4172 Unum
1138 4113 1266 4177 tanturn

151 4209 342 4312 exernplum
369 4208 583 4282 adducemus.
614 4211 751 4278 Sanctus
783 4209 924 4278 Basilius
948 4210 1140 4304 aliquandiu
1167 4217 1268 4291 ecclc.
