3068 4948
560 501 643 548 runis
665 501 817 548 canonici.
1182 481 1243 547 ltu

172 639 270 710 Anno
287 645 362 710 325.
378 679 423 696 -
440 640 627 714 Concilium
646 641 832 728 Nicaenum,
850 643 885 710 in
907 642 1096 736 praelabens
1119 643 1247 712 arabica

125 773 171 818 ex
202 749 314 819 multis
343 749 554 820 orientalibus
584 747 748 820 codicibus
777 751 1002 844 transcripta:
1032 753 1246 822 Herennia

126 857 291 948 descripta
304 870 380 928 sumt
394 870 425 926 et
433 880 496 950 per
509 858 679 927 uniuersas
692 857 778 926 ardis
791 869 958 950 'terrarum
964 860 1155 951 prouincias
1164 883 1247 953 pro·

126 967 291 1057 malpata.
312 965 455 1057 (Gollcct.
476 965 590 1037 concil.
608 966 785 1053 Haeduini,
802 977 826 1036 t.
844 968 872 1055 Ι,
890 991 923 1059 p.
945 971 1033 1060 626.)

173 1076 271 1144 Anno
287 1078 363 1142 stt.
381 1113 425 1128 -
439 1075 589 1168 Episcopi
603 1074 766 1146 Sardinia
784 1076 819 1144 in
835 1099 894 1146 sua
909 1076 1059 1168 synodali
1071 1077 1113 1146 ad
1127 1079 1249 1149 Roma-

128 1205 209 1252 num
234 1183 426 1252 Pontificem
453 1183 578 1253 lulium
599 1186 614 1253 l
637 1212 643 1251 :
669 1187 736 1252 Tua
763 1196 874 1254 autem
899 1184 1052 1254 excellens
1066 1185 1248 1278 prudentia

128 1291 299 1382 disponere
323 1291 425 1375 dedet,
448 1307 486 1362 ut
511 1316 575 1385 per
598 1305 657 1362 tua
680 1295 802 1386 scripta
829 1295 887 1386 qui
913 1295 948 1361 in
974 1293 1103 1374 Sicilia,
1132 1295 1248 1386 quiin

129 1399 289 1468 Sardinia
302 1413 334 1468 et
348 1400 383 1468 in
397 1401 498 1470 ltalia
513 1414 590 1470 sunt
599 1403 722 1493 fratres
734 1402 848 1483 nostri,
863 1423 935 1492 qua
950 1414 1025 1469 acta
1040 1414 1117 1469 sunt
1131 1412 1162 1469 et
1176 1425 1248 1493 qua

129 1505 266 1598 definita
279 1522 484 1599 copnoscant,
502 1522 533 1576 et
546 1533 586 1578 ne
601 1510 790 1600 ipnorantcs
811 1531 924 1577 eorum
941 1510 1107 1601 accipiant
1122 1511 1248 1578 litteras

129 1615 449 1697 communicatorias,
468 1617 563 1685 idest
577 1617 739 1708 spatalia,
757 1639 836 1709 qnos
842 1618 941 1707 justa
955 1618 1114 1685 sententia
1129 1616 1249 1707 depra—

129 1724 232 1792 daoit.
253 1723 433 1814 (Constant,
449 1725 558 1816 Epist.
576 1727 670 1794 Rom.
690 1728 802 1806 Pont,
819 1723 882 1792 col.
905 1725 993 1814 398.)
1010 1762 1056 1777 -
1077 1724 1142 1816 lpsi
1162 1725 1248 1816 epis-

129 1831 228 1900 tolam
257 1834 409 1903 omnibus
436 1835 577 1903 ecclesiis
605 1835 722 1904 misero
748 1833 809 1905 hac
836 1834 981 1902 clausula
1004 1833 1245 1903 terminatam:

132 1942 253 2009 Curate
279 1953 390 2010 autem
419 1943 531 2024 etiam,
563 1942 765 2012 dilectissimi
791 1944 912 2034 fratres
937 1955 968 2010 et
996 1942 1246 2026 consacerdotes,

130 2048 225 2139 quasi
240 2063 415 2139 presentes
429 2051 549 2142 spiritu
571 2050 647 2118 buia
663 2051 878 2141 interfueritis
893 2049 1030 2143 synam,
1047 2052 1160 2120 omnia
1176 2075 1248 2143 quae

130 2179 151 2222 a
166 2156 259 2226 nobis
272 2159 449 2226 constituta
464 2171 552 2240 sunt,
572 2161 768 2250 confirmare
784 2182 848 2250 par
862 2159 989 2227 litteras
1004 2172 1137 2242 vestras,
1154 2173 1191 2228 ut
1207 2161 1248 2227 ab

130 2263 278 2332 omnino
306 2265 477 2357 Episcopis
503 2265 738 2352 idemsentiri,
766 2279 865 2357 atque
889 2289 992 2334 unam
1015 2289 1077 2335 esse
1101 2268 1249 2334 omnium

132 2372 331 2440 voluntatem
355 2373 544 2441 litterarum
569 2373 775 2442 consensione
801 2373 844 2440 sit
869 2373 1078 2464 manifestum
1108 2373 1244 2463 (Concil.

134 2479 304 2568 Bardaici,
323 2487 346 2548 t.
364 2481 391 2567 l,
409 2482 469 2549 col.
490 2480 580 2571 867.)

174 2592 272 2659 Anno
288 2593 363 2658 stc.
378 2591 478 2660 -De
490 2591 619 2660 decreto
631 2591 748 2683 synodi
764 2591 952 2661 Sirmiensis
966 2600 1078 2662 contra
1093 2591 1247 2662 Photium

133 2698 175 2766 sic
198 2698 318 2789 legitur
342 2701 375 2766 in
401 2701 592 2791 fragmentis
615 2701 718 2768 sancti
742 2701 885 2769 Hilarii:
904 2701 951 2770 Ao
977 2699 1246 2784 occidentalibus,

131 2807 212 2876 s'wut
229 2830 299 2876 mos
308 2808 475 2898 poscebat,
490 2808 537 2877 ad
553 2809 735 2878 Orientales
750 2811 906 2892 mittitur,
919 2832 986 2878 non
1000 2809 1126 2900 injuria
1141 2819 1249 2878 entor-

132 2915 252 3006 puendi
261 2929 300 2984 ut
310 2941 396 2986 nunc
411 2918 524 3008 apitnr
537 2919 584 2987 ad
593 2941 735 3001 sanaem,
746 2918 804 2988 sed
812 2919 1011 2988 insinuanda
1026 2919 1249 2987 universorum

131 3027 330 3096 conscientiae
342 3027 583 3097 cousuetudine.
597 3028 768 3120 (Zenonem,
781 3029 908 3098 dissert.
922 3029 1129 3098 dePotestate
1141 3029 1245 3118 regul.

132 3138 324 3232 disciplina,
340 3165 415 3233 pag.
436 3146 490 3231 97,
505 3141 582 3210 edit.
604 3141 870 3232 Faenza,1788.)

173 3251 274 3318 Anno
291 3254 366 3319 366.
382 3289 426 3304 -
440 3250 589 3320 Liberius
602 3251 690 3343 Papa
704 3263 875 3344 postquam
890 3250 1059 3320 admonuit
1074 3250 1250 3342 Episcopus

131 3358 330 3429 orthodoxos
345 3357 487 3429 Orientis
502 3360 668 3428 annullata
685 3359 785 3428 luisse
805 3359 932 3430 concilii
953 3358 1152 3427 Riminensis
1165 3366 1247 3443 ncta,

130 3465 174 3534 ita
190 3465 361 3558 subjungit
378 3494 385 3534 :
402 3467 471 3536 Sed
483 3481 514 3536 et
531 3490 586 3537 cos
602 3468 639 3538 id
658 3468 806 3536 omnibus
826 3467 970 3536 indicare
991 3466 1121 3549 debetis,
1139 3478 1176 3535 ut
1191 3465 1250 3558 qui

125 3598 187 3666 per
200 3575 270 3643 aim
283 3588 315 3642 et
326 3576 481 3666 fraudem
495 3576 632 3668 aliquod
640 3576 721 3660 fidei
731 3600 799 3646 sua
810 3576 1041 3645 detrimentum
1052 3574 1145 3666 passi
1157 3585 1245 3655 sunt,
1381 3563 1388 3582 “

130 3705 215 3752 num
245 3681 377 3752 tandem
407 3707 447 3754 aa
472 3685 626 3754 haeretica
663 3685 800 3775 calipine
828 3683 875 3753 ad
901 3683 1048 3752 diuinam
1082 3682 1249 3751 catholica

130 3790 292 3860 libertatis
314 3792 419 3860 lucan
443 3793 575 3861 valcant
601 3815 771 3884 emapere.
806 3791 985 3884 (Constant,
1012 3790 1120 3882 Epist.
1150 3792 1246 3858 Rom.

130 3900 342 3990 Pontificum,
361 3901 421 3970 col.
440 3902 529 3992 tto.)
544 3940 589 3955 -
602 3902 670 3970 Deo
684 3900 800 3970 eodem
813 3899 944 3969 Liberio
960 3898 1156 3968 mentionem
1173 3897 1248 3966 lacit

131 4009 268 4078 Siricius
278 4009 368 4102 Papa
379 4009 488 4080 dicens
502 4010 601 4079 missa
616 4009 664 4078 ad
671 4009 856 4102 provincias
924 4005 1090 4100 peneralia
1104 4006 1243 4088 decreta,

132 4117 252 4208 quibus
267 4116 500 4210 prohibebatur
515 4119 556 4188 ab
573 4119 704 4188 Arianis
717 4119 892 4212 baptizatos
910 4116 1111 4210 rebaptizari.
1134 4116 1247 4206 [Cous-

133 4233 211 4314 taut,
230 4226 324 4315 ibid,
348 4229 408 4296 eol.
429 4227 518 4320 625.)
