<?xml version="1.0" encoding="UTF-8"?>
<!DOCTYPE html PUBLIC "-//W3C//DTD XHTML 1.0 Transitional//EN"
    "http://www.w3.org/TR/xhtml1/DTD/xhtml1-transitional.dtd">
<html xmlns="http://www.w3.org/1999/xhtml" xml:lang="en" lang="en">
 <head>
  <title>
</title>
<meta http-equiv="Content-Type" content="text/html;charset=utf-8" />
  <meta name='ocr-system' content='tesseract 3.04.00' />
  <meta name='ocr-capabilities' content='ocr_page ocr_carea ocr_par ocr_line ocrx_word'/>
</head>
<body>
  <div class='ocr_page' id='page_1' title='image "./tractatusdeprin00bouigoog_0225.png"; bbox 0 0 3064 4952; ppageno 0'>
   <div class='ocr_carea' id='block_1_1' title="bbox 330 498 1093 566">
    <p class='ocr_par' dir='ltr' id='par_1_1' title="bbox 330 498 1093 566">
     <span class='ocr_line' id='line_1_1' title="bbox 330 498 1093 566; baseline -0.001 -1"><span class='ocrx_word' id='word_1_1' title='bbox 330 498 392 566; x_wconf 80' lang='grc'>210</span> <span class='ocrx_word' id='word_1_2' title='bbox 680 517 851 566; x_wconf 75' lang='lat' dir='ltr'>sarcrurus</span> <span class='ocrx_word' id='word_1_3' title='bbox 875 519 912 565; x_wconf 85' lang='lat' dir='ltr'>ns</span> <span class='ocrx_word' id='word_1_4' title='bbox 940 519 1093 566; x_wconf 78' lang='lat' dir='ltr'>remersus</span> 
     </span>
    </p>
   </div>
   <div class='ocr_carea' id='block_1_2' title="bbox 322 653 1451 4320">
    <p class='ocr_par' dir='ltr' id='par_1_2' title="bbox 322 653 1450 1833">
     <span class='ocr_line' id='line_1_2' title="bbox 328 653 1442 751; baseline -0.001 -26"><span class='ocrx_word' id='word_1_5' title='bbox 328 653 433 746; x_wconf 68' lang='lat' dir='ltr'>sim&#39;ae,</span> <span class='ocrx_word' id='word_1_6' title='bbox 451 659 496 726; x_wconf 89' lang='lat' dir='ltr'>ita</span> <span class='ocrx_word' id='word_1_7' title='bbox 511 665 631 727; x_wconf 90' lang='lat' dir='ltr'>certam</span> <span class='ocrx_word' id='word_1_8' title='bbox 654 658 750 731; x_wconf 85' lang='lat' dir='ltr'>babet</span> <span class='ocrx_word' id='word_1_9' title='bbox 768 671 929 729; x_wconf 77' lang='lat' dir='ltr'>recentem</span> <span class='ocrx_word' id='word_1_10' title='bbox 946 661 1030 728; x_wconf 91' lang='lat' dir='ltr'>hanc</span> <span class='ocrx_word' id='word_1_11' title='bbox 1044 659 1151 751; x_wconf 79' lang='lat' dir='ltr'>placiti</span> <span class='ocrx_word' id='word_1_12' title='bbox 1170 658 1251 748; x_wconf 88' lang='lat' dir='ltr'>regii</span> <span class='ocrx_word' id='word_1_13' title='bbox 1267 656 1442 746; x_wconf 79' lang='lat' dir='ltr'>originem,</span> 
     </span>
     <span class='ocr_line' id='line_1_3' title="bbox 327 764 1445 858; baseline -0.005 -21"><span class='ocrx_word' id='word_1_14' title='bbox 327 778 365 838; x_wconf 92' lang='lat' dir='ltr'>ut</span> <span class='ocrx_word' id='word_1_15' title='bbox 385 789 449 836; x_wconf 91' lang='lat' dir='ltr'>nou</span> <span class='ocrx_word' id='word_1_16' title='bbox 473 768 598 838; x_wconf 87' lang='lat' dir='ltr'>dubitet</span> <span class='ocrx_word' id='word_1_17' title='bbox 617 771 817 839; x_wconf 89' lang='lat' dir='ltr'>eontrarium</span> <span class='ocrx_word' id='word_1_18' title='bbox 840 769 1014 838; x_wconf 76' lang='lat' dir='ltr'>sentientes</span> <span class='ocrx_word' id='word_1_19' title='bbox 1029 769 1075 835; x_wconf 90' lang='lat' dir='ltr'>sic</span> <span class='ocrx_word' id='word_1_20' title='bbox 1091 787 1267 858; x_wconf 87' lang='lat' dir='ltr'>provocare</span> <span class='ocrx_word' id='word_1_21' title='bbox 1286 793 1293 833; x_wconf 93' lang='lat'>:</span> <span class='ocrx_word' id='word_1_22' title='bbox 1315 791 1332 828; x_wconf 79' lang='lat' dir='ltr'>u</span> <span class='ocrx_word' id='word_1_23' title='bbox 1355 764 1445 832; x_wconf 92' lang='lat' dir='ltr'>lndi-</span> 
     </span>
     <span class='ocr_line' id='line_1_4' title="bbox 331 872 1446 967; baseline -0.003 -25"><span class='ocrx_word' id='word_1_24' title='bbox 331 905 348 942; x_wconf 69' lang='grc' dir='ltr'>ι(</span> <span class='ocrx_word' id='word_1_25' title='bbox 371 884 444 946; x_wconf 92' lang='lat' dir='ltr'>cent</span> <span class='ocrx_word' id='word_1_26' title='bbox 457 875 650 964; x_wconf 87' lang='lat' dir='ltr'>Febronius,</span> <span class='ocrx_word' id='word_1_27' title='bbox 667 877 909 964; x_wconf 88' lang='lat' dir='ltr'>Stokmansius,</span> <span class='ocrx_word' id='word_1_28' title='bbox 925 877 1001 946; x_wconf 87' lang='lat' dir='ltr'>Van</span> <span class='ocrx_word' id='word_1_29' title='bbox 1017 875 1189 967; x_wconf 87' lang='lat' dir='ltr'>Espenius,</span> <span class='ocrx_word' id='word_1_30' title='bbox 1206 884 1239 942; x_wconf 93' lang='lat' dir='ltr'>et</span> <span class='ocrx_word' id='word_1_31' title='bbox 1252 873 1281 940; x_wconf 91' lang='lat' dir='ltr'>si</span> <span class='ocrx_word' id='word_1_32' title='bbox 1300 872 1446 965; x_wconf 88' lang='lat' dir='ltr'>quisunt</span> 
     </span>
     <span class='ocr_line' id='line_1_5' title="bbox 330 981 1447 1076; baseline -0.004 -25"><span class='ocrx_word' id='word_1_33' title='bbox 330 1012 347 1051; x_wconf 78' lang='lat' dir='ltr'>s</span> <span class='ocrx_word' id='word_1_34' title='bbox 371 985 405 1054; x_wconf 90' lang='lat' dir='ltr'>id</span> <span class='ocrx_word' id='word_1_35' title='bbox 420 1005 524 1075; x_wconf 87' lang='lat' dir='ltr'>genus</span> <span class='ocrx_word' id='word_1_36' title='bbox 539 985 593 1054; x_wconf 89' lang='lat' dir='ltr'>alii</span> <span class='ocrx_word' id='word_1_37' title='bbox 609 988 710 1075; x_wconf 81' lang='lat' dir='ltr'>regiae</span> <span class='ocrx_word' id='word_1_38' title='bbox 727 985 892 1076; x_wconf 83' lang='lat' dir='ltr'>dignitatis</span> <span class='ocrx_word' id='word_1_39' title='bbox 907 991 1134 1068; x_wconf 77' lang='lat' dir='ltr'>assentatores,</span> <span class='ocrx_word' id='word_1_40' title='bbox 1154 981 1207 1051; x_wconf 87' lang='lat' dir='ltr'>vel</span> <span class='ocrx_word' id='word_1_41' title='bbox 1223 1001 1328 1049; x_wconf 91' lang='lat' dir='ltr'>unum</span> <span class='ocrx_word' id='word_1_42' title='bbox 1343 1003 1388 1049; x_wconf 79' lang='lat' dir='ltr'>eu</span> <span class='ocrx_word' id='word_1_43' title='bbox 1403 989 1447 1048; x_wconf 92' lang='lat' dir='ltr'>tot</span> 
     </span>
     <span class='ocr_line' id='line_1_6' title="bbox 331 1087 1448 1186; baseline -0.002 -28"><span class='ocrx_word' id='word_1_44' title='bbox 331 1093 620 1185; x_wconf 78' lang='lat' dir='ltr'>«imperatoribus</span> <span class='ocrx_word' id='word_1_45' title='bbox 650 1093 928 1186; x_wconf 87' lang='lat' dir='ltr'>principibusque,</span> <span class='ocrx_word' id='word_1_46' title='bbox 960 1113 1071 1160; x_wconf 90' lang='lat' dir='ltr'>rerum</span> <span class='ocrx_word' id='word_1_47' title='bbox 1101 1099 1176 1159; x_wconf 86' lang='lat' dir='ltr'>ante</span> <span class='ocrx_word' id='word_1_48' title='bbox 1193 1087 1276 1158; x_wconf 91' lang='lat' dir='ltr'>illud</span> <span class='ocrx_word' id='word_1_49' title='bbox 1305 1087 1448 1156; x_wconf 84' lang='lat' dir='ltr'>schisma</span> 
     </span>
     <span class='ocr_line' id='line_1_7' title="bbox 331 1199 1448 1316; baseline -0.001 -50"><span class='ocrx_word' id='word_1_50' title='bbox 331 1229 354 1316; x_wconf 76' lang='lat' dir='ltr'>q</span> <span class='ocrx_word' id='word_1_51' title='bbox 372 1199 494 1294; x_wconf 88' lang='lat' dir='ltr'>potitis,</span> <span class='ocrx_word' id='word_1_52' title='bbox 505 1202 562 1295; x_wconf 92' lang='lat' dir='ltr'>qui</span> <span class='ocrx_word' id='word_1_53' title='bbox 577 1202 768 1294; x_wconf 88' lang='lat' dir='ltr'>apostolicas</span> <span class='ocrx_word' id='word_1_54' title='bbox 784 1202 906 1270; x_wconf 86' lang='lat' dir='ltr'>litteras</span> <span class='ocrx_word' id='word_1_55' title='bbox 920 1223 980 1270; x_wconf 91' lang='lat' dir='ltr'>suo</span> <span class='ocrx_word' id='word_1_56' title='bbox 992 1209 1028 1269; x_wconf 91' lang='lat' dir='ltr'>ut</span> <span class='ocrx_word' id='word_1_57' title='bbox 1041 1199 1275 1289; x_wconf 81' lang='lat' dir='ltr'>evulgarentur</span> <span class='ocrx_word' id='word_1_58' title='bbox 1288 1219 1448 1266; x_wconf 89' lang='lat' dir='ltr'>consensu</span> 
     </span>
     <span class='ocr_line' id='line_1_8' title="bbox 329 1304 1446 1400; baseline -0.005 -23"><span class='ocrx_word' id='word_1_59' title='bbox 329 1338 346 1377; x_wconf 76' lang='lat' dir='ltr'>c</span> <span class='ocrx_word' id='word_1_60' title='bbox 369 1310 518 1400; x_wconf 86' lang='lat' dir='ltr'>indigere</span> <span class='ocrx_word' id='word_1_61' title='bbox 538 1310 786 1379; x_wconf 73' lang='lat' dir='ltr'>contenderit.»</span> <span class='ocrx_word' id='word_1_62' title='bbox 809 1307 1064 1400; x_wconf 79' lang='lat' dir='ltr'>(Autisebrouius</span> <span class='ocrx_word' id='word_1_63' title='bbox 1079 1305 1275 1388; x_wconf 84' lang='lat' dir='ltr'>uindicatus,</span> <span class='ocrx_word' id='word_1_64' title='bbox 1291 1304 1374 1373; x_wconf 88' lang='lat' dir='ltr'>diss.</span> <span class='ocrx_word' id='word_1_65' title='bbox 1394 1309 1446 1391; x_wconf 79' lang='lat'>12,</span> 
     </span>
     <span class='ocr_line' id='line_1_9' title="bbox 325 1412 1450 1509; baseline -0.005 -23"><span class='ocrx_word' id='word_1_66' title='bbox 325 1441 353 1486; x_wconf 90' lang='lat' dir='ltr'>c.</span> <span class='ocrx_word' id='word_1_67' title='bbox 373 1422 406 1505; x_wconf 81' lang='lat'>2,</span> <span class='ocrx_word' id='word_1_68' title='bbox 424 1439 458 1486; x_wconf 91' lang='lat' dir='ltr'>n.</span> <span class='ocrx_word' id='word_1_69' title='bbox 477 1417 679 1504; x_wconf 83' lang='lat' dir='ltr'>a.-T.1v,</span> <span class='ocrx_word' id='word_1_70' title='bbox 694 1441 727 1509; x_wconf 89' lang='lat' dir='ltr'>p.</span> <span class='ocrx_word' id='word_1_71' title='bbox 748 1420 810 1486; x_wconf 78' lang='lat' dir='ltr'>est</span> <span class='ocrx_word' id='word_1_72' title='bbox 824 1415 899 1484; x_wconf 91' lang='lat' dir='ltr'>edit.</span> <span class='ocrx_word' id='word_1_73' title='bbox 916 1416 1089 1505; x_wconf 77' lang='lat' dir='ltr'>Casenae.)</span> <span class='ocrx_word' id='word_1_74' title='bbox 1102 1413 1230 1484; x_wconf 89' lang='lat' dir='ltr'>Nedum</span> <span class='ocrx_word' id='word_1_75' title='bbox 1243 1412 1335 1481; x_wconf 87' lang='lat' dir='ltr'>citari</span> <span class='ocrx_word' id='word_1_76' title='bbox 1347 1413 1450 1503; x_wconf 87' lang='lat' dir='ltr'>possit</span> 
     </span>
     <span class='ocr_line' id='line_1_10' title="bbox 323 1520 1449 1619; baseline -0.007 -24"><span class='ocrx_word' id='word_1_77' title='bbox 323 1527 489 1619; x_wconf 90' lang='lat' dir='ltr'>antiquius</span> <span class='ocrx_word' id='word_1_78' title='bbox 515 1525 626 1618; x_wconf 88' lang='lat' dir='ltr'>placiti</span> <span class='ocrx_word' id='word_1_79' title='bbox 650 1524 733 1616; x_wconf 92' lang='lat' dir='ltr'>regii</span> <span class='ocrx_word' id='word_1_80' title='bbox 761 1523 969 1616; x_wconf 86' lang='lat' dir='ltr'>exemplum,</span> <span class='ocrx_word' id='word_1_81' title='bbox 998 1520 1080 1591; x_wconf 90' lang='lat' dir='ltr'>illud</span> <span class='ocrx_word' id='word_1_82' title='bbox 1107 1521 1263 1614; x_wconf 86' lang='lat' dir='ltr'>placitum</span> <span class='ocrx_word' id='word_1_83' title='bbox 1287 1521 1321 1588; x_wconf 91' lang='lat' dir='ltr'>in</span> <span class='ocrx_word' id='word_1_84' title='bbox 1348 1520 1449 1588; x_wconf 89' lang='lat' dir='ltr'>nullis</span> 
     </span>
     <span class='ocr_line' id='line_1_11' title="bbox 322 1627 1449 1724; baseline -0.007 -21"><span class='ocrx_word' id='word_1_85' title='bbox 322 1641 410 1704; x_wconf 88' lang='lat' dir='ltr'>retro</span> <span class='ocrx_word' id='word_1_86' title='bbox 425 1633 555 1703; x_wconf 87' lang='lat' dir='ltr'>saeculis</span> <span class='ocrx_word' id='word_1_87' title='bbox 578 1641 771 1724; x_wconf 83' lang='lat' dir='ltr'>usurpatum</span> <span class='ocrx_word' id='word_1_88' title='bbox 792 1631 892 1702; x_wconf 85' lang='lat' dir='ltr'>fuisse</span> <span class='ocrx_word' id='word_1_89' title='bbox 909 1637 1121 1700; x_wconf 86' lang='lat' dir='ltr'>monumenta</span> <span class='ocrx_word' id='word_1_90' title='bbox 1143 1629 1300 1699; x_wconf 87' lang='lat' dir='ltr'>historica</span> <span class='ocrx_word' id='word_1_91' title='bbox 1324 1627 1449 1697; x_wconf 83' lang='lat' dir='ltr'>invicte</span> 
     </span>
     <span class='ocr_line' id='line_1_12' title="bbox 323 1741 475 1833; baseline -0.013 -23"><span class='ocrx_word' id='word_1_92' title='bbox 323 1741 475 1833; x_wconf 88' lang='lat' dir='ltr'>probant.</span> 
     </span>
    </p>

    <p class='ocr_par' dir='ltr' id='par_1_3' title="bbox 324 1843 1451 4320">
     <span class='ocr_line' id='line_1_13' title="bbox 372 1843 1448 1939; baseline -0.003 -25"><span class='ocrx_word' id='word_1_93' title='bbox 372 1877 388 1915; x_wconf 78' lang='lat' dir='ltr'>u</span> <span class='ocrx_word' id='word_1_94' title='bbox 410 1849 492 1933; x_wconf 72' lang='lat' dir='ltr'>Quae</span> <span class='ocrx_word' id='word_1_95' title='bbox 513 1849 579 1936; x_wconf 89' lang='lat' dir='ltr'>lex,</span> <span class='ocrx_word' id='word_1_96' title='bbox 596 1849 642 1916; x_wconf 88' lang='lat' dir='ltr'>ait</span> <span class='ocrx_word' id='word_1_97' title='bbox 664 1847 814 1916; x_wconf 87' lang='lat' dir='ltr'>laudatus</span> <span class='ocrx_word' id='word_1_98' title='bbox 833 1847 981 1916; x_wconf 85' lang='lat' dir='ltr'>Zaccaria</span> <span class='ocrx_word' id='word_1_99' title='bbox 1006 1847 1113 1939; x_wconf 86' lang='lat' dir='ltr'>(citato</span> <span class='ocrx_word' id='word_1_100' title='bbox 1140 1846 1236 1935; x_wconf 90' lang='lat' dir='ltr'>loco),</span> <span class='ocrx_word' id='word_1_101' title='bbox 1263 1854 1320 1914; x_wconf 89' lang='lat' dir='ltr'>aut</span> <span class='ocrx_word' id='word_1_102' title='bbox 1338 1843 1389 1912; x_wconf 88' lang='lat' dir='ltr'>rei</span> <span class='ocrx_word' id='word_1_103' title='bbox 1409 1845 1448 1912; x_wconf 89' lang='lat' dir='ltr'>de</span> 
     </span>
     <span class='ocr_line' id='line_1_14' title="bbox 325 1954 1449 2052; baseline -0.002 -28"><span class='ocrx_word' id='word_1_104' title='bbox 325 1987 342 2024; x_wconf 79' lang='lat' dir='ltr'>u</span> <span class='ocrx_word' id='word_1_105' title='bbox 365 1983 431 2052; x_wconf 88' lang='lat' dir='ltr'>qua</span> <span class='ocrx_word' id='word_1_106' title='bbox 455 1959 613 2050; x_wconf 86' lang='lat' dir='ltr'>agebatur</span> <span class='ocrx_word' id='word_1_107' title='bbox 632 1967 762 2047; x_wconf 76' lang='lat' dir='ltr'>namra,</span> <span class='ocrx_word' id='word_1_108' title='bbox 783 1965 839 2027; x_wconf 90' lang='lat' dir='ltr'>aut</span> <span class='ocrx_word' id='word_1_109' title='bbox 857 1957 1059 2026; x_wconf 91' lang='lat' dir='ltr'>tumultuum</span> <span class='ocrx_word' id='word_1_110' title='bbox 1086 1956 1143 2047; x_wconf 92' lang='lat' dir='ltr'>qui</span> <span class='ocrx_word' id='word_1_111' title='bbox 1168 1955 1244 2023; x_wconf 91' lang='lat' dir='ltr'>inde</span> <span class='ocrx_word' id='word_1_112' title='bbox 1256 1954 1369 2022; x_wconf 91' lang='lat' dir='ltr'>timeri</span> <span class='ocrx_word' id='word_1_113' title='bbox 1391 1976 1449 2046; x_wconf 90' lang='lat' dir='ltr'>po-</span> 
     </span>
     <span class='ocr_line' id='line_1_15' title="bbox 327 2061 1447 2157; baseline -0.004 -25"><span class='ocrx_word' id='word_1_114' title='bbox 327 2075 471 2136; x_wconf 77' lang='lat' dir='ltr'>sterunt</span> <span class='ocrx_word' id='word_1_115' title='bbox 500 2088 616 2152; x_wconf 90' lang='lat' dir='ltr'>causa,</span> <span class='ocrx_word' id='word_1_116' title='bbox 648 2089 723 2136; x_wconf 89' lang='lat' dir='ltr'>cum</span> <span class='ocrx_word' id='word_1_117' title='bbox 753 2065 942 2157; x_wconf 71' lang='lat' dir='ltr'>reipublicae</span> <span class='ocrx_word' id='word_1_118' title='bbox 974 2073 1059 2133; x_wconf 85' lang='lat' dir='ltr'>statu</span> <span class='ocrx_word' id='word_1_119' title='bbox 1090 2061 1316 2154; x_wconf 85' lang='lat' dir='ltr'>conjunctior,</span> <span class='ocrx_word' id='word_1_120' title='bbox 1347 2084 1447 2153; x_wconf 85' lang='lat' dir='ltr'>quarn</span> 
     </span>
     <span class='ocr_line' id='line_1_16' title="bbox 326 2170 1447 2267; baseline -0.004 -26"><span class='ocrx_word' id='word_1_121' title='bbox 326 2203 342 2241; x_wconf 74' lang='lat' dir='ltr'>a</span> <span class='ocrx_word' id='word_1_122' title='bbox 367 2174 525 2244; x_wconf 88' lang='lat' dir='ltr'>Siriciana</span> <span class='ocrx_word' id='word_1_123' title='bbox 547 2173 615 2260; x_wconf 86' lang='lat' dir='ltr'>illa,</span> <span class='ocrx_word' id='word_1_124' title='bbox 638 2198 704 2267; x_wconf 91' lang='lat' dir='ltr'>qua</span> <span class='ocrx_word' id='word_1_125' title='bbox 734 2173 872 2264; x_wconf 89' lang='lat' dir='ltr'>majores</span> <span class='ocrx_word' id='word_1_126' title='bbox 902 2173 1009 2242; x_wconf 89' lang='lat' dir='ltr'>clerici</span> <span class='ocrx_word' id='word_1_127' title='bbox 1038 2172 1080 2240; x_wconf 88' lang='lat' dir='ltr'>ab</span> <span class='ocrx_word' id='word_1_128' title='bbox 1102 2171 1264 2240; x_wconf 85' lang='lat' dir='ltr'>uxoribus</span> <span class='ocrx_word' id='word_1_129' title='bbox 1280 2170 1447 2238; x_wconf 85' lang='lat' dir='ltr'>abstinere</span> 
     </span>
     <span class='ocr_line' id='line_1_17' title="bbox 326 2279 1449 2378; baseline -0.004 -27"><span class='ocrx_word' id='word_1_130' title='bbox 326 2312 343 2351; x_wconf 80' lang='lat' dir='ltr'>u</span> <span class='ocrx_word' id='word_1_131' title='bbox 364 2285 576 2378; x_wconf 85' lang='lat' dir='ltr'>jubebantur,</span> <span class='ocrx_word' id='word_1_132' title='bbox 589 2283 631 2352; x_wconf 83' lang='lat' dir='ltr'>ab</span> <span class='ocrx_word' id='word_1_133' title='bbox 642 2285 735 2353; x_wconf 86' lang='lat' dir='ltr'>omni</span> <span class='ocrx_word' id='word_1_134' title='bbox 747 2283 956 2352; x_wconf 83' lang='lat' dir='ltr'>ecclesiastico</span> <span class='ocrx_word' id='word_1_135' title='bbox 967 2282 1103 2363; x_wconf 78' lang='lat' dir='ltr'>bonore,</span> <span class='ocrx_word' id='word_1_136' title='bbox 1118 2281 1154 2350; x_wconf 93' lang='lat' dir='ltr'>ni</span> <span class='ocrx_word' id='word_1_137' title='bbox 1165 2287 1329 2372; x_wconf 87' lang='lat' dir='ltr'>parerent,</span> <span class='ocrx_word' id='word_1_138' title='bbox 1345 2279 1449 2371; x_wconf 81' lang='lat' dir='ltr'>Apos-</span> 
     </span>
     <span class='ocr_line' id='line_1_18' title="bbox 326 2386 1449 2483; baseline -0.002 -27"><span class='ocrx_word' id='word_1_139' title='bbox 326 2420 342 2457; x_wconf 76' lang='lat' dir='ltr'>u</span> <span class='ocrx_word' id='word_1_140' title='bbox 367 2393 472 2462; x_wconf 74' lang='lat' dir='ltr'>tolicae</span> <span class='ocrx_word' id='word_1_141' title='bbox 485 2391 580 2460; x_wconf 85' lang='lat' dir='ltr'>Sedis</span> <span class='ocrx_word' id='word_1_142' title='bbox 596 2392 793 2460; x_wconf 81' lang='lat' dir='ltr'>auctoritate</span> <span class='ocrx_word' id='word_1_143' title='bbox 807 2389 936 2483; x_wconf 85' lang='lat' dir='ltr'>dejecti,</span> <span class='ocrx_word' id='word_1_144' title='bbox 959 2399 1056 2482; x_wconf 88' lang='lat' dir='ltr'>atque</span> <span class='ocrx_word' id='word_1_145' title='bbox 1070 2413 1089 2456; x_wconf 91' lang='lat' dir='ltr'>a</span> <span class='ocrx_word' id='word_1_146' title='bbox 1104 2386 1296 2456; x_wconf 83' lang='lat' dir='ltr'>venerandis</span> <span class='ocrx_word' id='word_1_147' title='bbox 1317 2386 1449 2456; x_wconf 84' lang='lat' dir='ltr'>adtrec-</span> 
     </span>
     <span class='ocr_line' id='line_1_19' title="bbox 324 2495 1448 2591; baseline -0.005 -25"><span class='ocrx_word' id='word_1_148' title='bbox 324 2525 342 2566; x_wconf 71' lang='grc' dir='ltr'><strong>α</strong></span> <span class='ocrx_word' id='word_1_149' title='bbox 362 2499 477 2569; x_wconf 72' lang='lat' dir='ltr'>vtundis</span> <span class='ocrx_word' id='word_1_150' title='bbox 492 2500 656 2591; x_wconf 80' lang='lat' dir='ltr'>mysteriis</span> <span class='ocrx_word' id='word_1_151' title='bbox 670 2508 826 2591; x_wconf 88' lang='lat' dir='ltr'>perpetuo</span> <span class='ocrx_word' id='word_1_152' title='bbox 841 2497 1024 2590; x_wconf 78' lang='lat' dir='ltr'>prohibiti?</span> <span class='ocrx_word' id='word_1_153' title='bbox 1040 2497 1153 2588; x_wconf 89' lang='lat' dir='ltr'>Neque</span> <span class='ocrx_word' id='word_1_154' title='bbox 1168 2504 1277 2564; x_wconf 86' lang='lat' dir='ltr'>tomen</span> <span class='ocrx_word' id='word_1_155' title='bbox 1293 2495 1448 2586; x_wconf 86' lang='lat' dir='ltr'>cuiqnam</span> 
     </span>
     <span class='ocr_line' id='line_1_20' title="bbox 326 2603 1449 2699; baseline -0.003 -26"><span class='ocrx_word' id='word_1_156' title='bbox 326 2636 343 2673; x_wconf 72' lang='grc' dir='ltr'>ι(</span> <span class='ocrx_word' id='word_1_157' title='bbox 367 2608 400 2674; x_wconf 88' lang='lat' dir='ltr'>in</span> <span class='ocrx_word' id='word_1_158' title='bbox 422 2607 563 2676; x_wconf 82' lang='lat' dir='ltr'>mentem</span> <span class='ocrx_word' id='word_1_159' title='bbox 585 2607 687 2693; x_wconf 87' lang='lat' dir='ltr'>venit,</span> <span class='ocrx_word' id='word_1_160' title='bbox 713 2607 883 2699; x_wconf 90' lang='lat' dir='ltr'>principis,</span> <span class='ocrx_word' id='word_1_161' title='bbox 914 2611 950 2673; x_wconf 92' lang='lat' dir='ltr'>ut</span> <span class='ocrx_word' id='word_1_162' title='bbox 975 2628 1013 2673; x_wconf 87' lang='lat' dir='ltr'>ea</span> <span class='ocrx_word' id='word_1_163' title='bbox 1032 2603 1311 2696; x_wconf 84' lang='lat' dir='ltr'>promulgaretur,</span> <span class='ocrx_word' id='word_1_164' title='bbox 1328 2625 1449 2696; x_wconf 88' lang='lat' dir='ltr'>expec-</span> 
     </span>
     <span class='ocr_line' id='line_1_21' title="bbox 326 2711 1449 2784; baseline -0.004 -2"><span class='ocrx_word' id='word_1_165' title='bbox 326 2715 502 2784; x_wconf 80' lang='lat' dir='ltr'>utandum</span> <span class='ocrx_word' id='word_1_166' title='bbox 525 2737 705 2783; x_wconf 88' lang='lat' dir='ltr'>assensum.</span> <span class='ocrx_word' id='word_1_167' title='bbox 733 2715 822 2782; x_wconf 91' lang='lat' dir='ltr'>Idem</span> <span class='ocrx_word' id='word_1_168' title='bbox 846 2714 885 2782; x_wconf 92' lang='lat' dir='ltr'>de</span> <span class='ocrx_word' id='word_1_169' title='bbox 906 2713 1033 2782; x_wconf 75' lang='lat' dir='ltr'>caeteris</span> <span class='ocrx_word' id='word_1_170' title='bbox 1057 2711 1256 2780; x_wconf 88' lang='lat' dir='ltr'>Pontificum</span> <span class='ocrx_word' id='word_1_171' title='bbox 1282 2719 1315 2779; x_wconf 89' lang='lat' dir='ltr'>ct</span> <span class='ocrx_word' id='word_1_172' title='bbox 1340 2712 1449 2780; x_wconf 91' lang='lat' dir='ltr'>conci-</span> 
     </span>
     <span class='ocr_line' id='line_1_22' title="bbox 324 2818 1446 2914; baseline -0.002 -26"><span class='ocrx_word' id='word_1_173' title='bbox 324 2849 341 2888; x_wconf 72' lang='grc' dir='ltr'>(ι</span> <span class='ocrx_word' id='word_1_174' title='bbox 364 2825 484 2892; x_wconf 89' lang='lat' dir='ltr'>liorum</span> <span class='ocrx_word' id='word_1_175' title='bbox 514 2822 641 2912; x_wconf 89' lang='lat' dir='ltr'>legibus</span> <span class='ocrx_word' id='word_1_176' title='bbox 668 2822 768 2909; x_wconf 87' lang='lat' dir='ltr'>dicas,</span> <span class='ocrx_word' id='word_1_177' title='bbox 803 2845 878 2914; x_wconf 80' lang='lat' dir='ltr'>qnae</span> <span class='ocrx_word' id='word_1_178' title='bbox 907 2820 948 2889; x_wconf 90' lang='lat' dir='ltr'>ad</span> <span class='ocrx_word' id='word_1_179' title='bbox 972 2820 1144 2890; x_wconf 90' lang='lat' dir='ltr'>Urbanum</span> <span class='ocrx_word' id='word_1_180' title='bbox 1169 2820 1215 2890; x_wconf 83' lang='lat' dir='ltr'>v1</span> <span class='ocrx_word' id='word_1_181' title='bbox 1239 2818 1446 2912; x_wconf 87' lang='lat' dir='ltr'>prodierunt.</span> 
     </span>
     <span class='ocr_line' id='line_1_23' title="bbox 326 2933 1449 3026; baseline 0.003 -29"><span class='ocrx_word' id='word_1_182' title='bbox 326 2961 342 2998; x_wconf 77' lang='lat' dir='ltr'>a</span> <span class='ocrx_word' id='word_1_183' title='bbox 366 2933 430 3002; x_wconf 88' lang='lat' dir='ltr'>Sed</span> <span class='ocrx_word' id='word_1_184' title='bbox 454 2933 541 3026; x_wconf 91' lang='lat' dir='ltr'>quod</span> <span class='ocrx_word' id='word_1_185' title='bbox 568 2935 702 3022; x_wconf 87' lang='lat' dir='ltr'>gravius</span> <span class='ocrx_word' id='word_1_186' title='bbox 729 2943 788 3022; x_wconf 88' lang='lat' dir='ltr'>est,</span> <span class='ocrx_word' id='word_1_187' title='bbox 813 2935 848 3001; x_wconf 92' lang='lat' dir='ltr'>in</span> <span class='ocrx_word' id='word_1_188' title='bbox 877 2934 1006 3023; x_wconf 87' lang='lat' dir='ltr'>magnis</span> <span class='ocrx_word' id='word_1_189' title='bbox 1023 2933 1089 3002; x_wconf 90' lang='lat' dir='ltr'>illis</span> <span class='ocrx_word' id='word_1_190' title='bbox 1104 2957 1179 3025; x_wconf 81' lang='lat' dir='ltr'>quea</span> <span class='ocrx_word' id='word_1_191' title='bbox 1193 2955 1312 3002; x_wconf 89' lang='lat' dir='ltr'>anone</span> <span class='ocrx_word' id='word_1_192' title='bbox 1326 2934 1449 3002; x_wconf 80' lang='lat' dir='ltr'>saecrrlo</span> 
     </span>
     <span class='ocr_line' id='line_1_24' title="bbox 326 3039 1450 3134; baseline 0.003 -27"><span class='ocrx_word' id='word_1_193' title='bbox 326 3039 407 3108; x_wconf 82' lang='lat' dir='ltr'>«ad</span> <span class='ocrx_word' id='word_1_194' title='bbox 434 3039 661 3132; x_wconf 88' lang='lat' dir='ltr'>quartidecimi</span> <span class='ocrx_word' id='word_1_195' title='bbox 689 3041 792 3128; x_wconf 91' lang='lat' dir='ltr'>initia,</span> <span class='ocrx_word' id='word_1_196' title='bbox 829 3041 986 3109; x_wconf 86' lang='lat' dir='ltr'>Romanis</span> <span class='ocrx_word' id='word_1_197' title='bbox 1009 3041 1221 3109; x_wconf 84' lang='lat' dir='ltr'>Pontificibus</span> <span class='ocrx_word' id='word_1_198' title='bbox 1242 3063 1316 3110; x_wconf 92' lang='lat' dir='ltr'>cum</span> <span class='ocrx_word' id='word_1_199' title='bbox 1342 3042 1450 3134; x_wconf 89' lang='lat' dir='ltr'>impe-</span> 
     </span>
     <span class='ocr_line' id='line_1_25' title="bbox 327 3150 1450 3243; baseline 0.004 -29"><span class='ocrx_word' id='word_1_200' title='bbox 327 3177 343 3215; x_wconf 85' lang='lat'>«</span> <span class='ocrx_word' id='word_1_201' title='bbox 367 3151 530 3219; x_wconf 91' lang='lat' dir='ltr'>ratoribus</span> <span class='ocrx_word' id='word_1_202' title='bbox 559 3151 756 3242; x_wconf 88' lang='lat' dir='ltr'>regibusque</span> <span class='ocrx_word' id='word_1_203' title='bbox 794 3151 885 3218; x_wconf 88' lang='lat' dir='ltr'>fuere</span> <span class='ocrx_word' id='word_1_204' title='bbox 915 3150 1075 3238; x_wconf 91' lang='lat' dir='ltr'>dissidiis,</span> <span class='ocrx_word' id='word_1_205' title='bbox 1106 3151 1297 3243; x_wconf 87' lang='lat' dir='ltr'>apostolicas</span> <span class='ocrx_word' id='word_1_206' title='bbox 1323 3151 1359 3218; x_wconf 95' lang='lat' dir='ltr'>in</span> <span class='ocrx_word' id='word_1_207' title='bbox 1392 3151 1450 3219; x_wconf 87' lang='lat' dir='ltr'>hos</span> 
     </span>
     <span class='ocr_line' id='line_1_26' title="bbox 326 3258 1450 3352; baseline 0.006 -30"><span class='ocrx_word' id='word_1_208' title='bbox 326 3284 344 3323; x_wconf 74' lang='grc' dir='ltr'><strong>κ</strong></span> <span class='ocrx_word' id='word_1_209' title='bbox 366 3258 614 3328; x_wconf 86' lang='lat' dir='ltr'>constitutiones</span> <span class='ocrx_word' id='word_1_210' title='bbox 637 3259 671 3326; x_wconf 91' lang='lat' dir='ltr'>iu</span> <span class='ocrx_word' id='word_1_211' title='bbox 695 3259 766 3350; x_wconf 91' lang='lat' dir='ltr'>ipso</span> <span class='ocrx_word' id='word_1_212' title='bbox 781 3280 894 3326; x_wconf 88' lang='lat' dir='ltr'>eorum</span> <span class='ocrx_word' id='word_1_213' title='bbox 914 3259 1051 3350; x_wconf 89' lang='lat' dir='ltr'>imperio</span> <span class='ocrx_word' id='word_1_214' title='bbox 1067 3259 1243 3351; x_wconf 89' lang='lat' dir='ltr'>regnisque</span> <span class='ocrx_word' id='word_1_215' title='bbox 1257 3261 1450 3352; x_wconf 87' lang='lat' dir='ltr'>promulga-</span> 
     </span>
     <span class='ocr_line' id='line_1_27' title="bbox 326 3364 1450 3459; baseline 0.004 -29"><span class='ocrx_word' id='word_1_216' title='bbox 326 3373 414 3434; x_wconf 78' lang='lat' dir='ltr'>utas</span> <span class='ocrx_word' id='word_1_217' title='bbox 440 3365 606 3453; x_wconf 88' lang='lat' dir='ltr'>novimus,</span> <span class='ocrx_word' id='word_1_218' title='bbox 638 3364 720 3459; x_wconf 90' lang='lat' dir='ltr'>quin</span> <span class='ocrx_word' id='word_1_219' title='bbox 745 3365 785 3432; x_wconf 89' lang='lat' dir='ltr'>de</span> <span class='ocrx_word' id='word_1_220' title='bbox 807 3367 898 3456; x_wconf 89' lang='lat' dir='ltr'>regio</span> <span class='ocrx_word' id='word_1_221' title='bbox 920 3365 1038 3458; x_wconf 91' lang='lat' dir='ltr'>placito</span> <span class='ocrx_word' id='word_1_222' title='bbox 1062 3365 1103 3434; x_wconf 92' lang='lat' dir='ltr'>ad</span> <span class='ocrx_word' id='word_1_223' title='bbox 1132 3367 1205 3435; x_wconf 88' lang='lat' dir='ltr'>illas</span> <span class='ocrx_word' id='word_1_224' title='bbox 1232 3367 1450 3437; x_wconf 87' lang='lat' dir='ltr'>infirmandas</span> 
     </span>
     <span class='ocr_line' id='line_1_28' title="bbox 327 3473 1450 3566; baseline 0.003 -27"><span class='ocrx_word' id='word_1_225' title='bbox 327 3474 576 3563; x_wconf 81' lang='lat' dir='ltr'>«cogitaretur.</span> <span class='ocrx_word' id='word_1_226' title='bbox 613 3473 786 3564; x_wconf 90' lang='lat' dir='ltr'>Philippus</span> <span class='ocrx_word' id='word_1_227' title='bbox 822 3473 955 3566; x_wconf 91' lang='lat' dir='ltr'>quidem</span> <span class='ocrx_word' id='word_1_228' title='bbox 983 3473 1124 3542; x_wconf 88' lang='lat' dir='ltr'>Pulcher</span> <span class='ocrx_word' id='word_1_229' title='bbox 1152 3475 1186 3543; x_wconf 90' lang='lat' dir='ltr'>in</span> <span class='ocrx_word' id='word_1_230' title='bbox 1218 3477 1364 3543; x_wconf 87' lang='lat' dir='ltr'>maxima</span> <span class='ocrx_word' id='word_1_231' title='bbox 1395 3477 1450 3543; x_wconf 89' lang='lat' dir='ltr'>illa</span> 
     </span>
     <span class='ocr_line' id='line_1_29' title="bbox 328 3571 1449 3674; baseline 0.003 -25"><span class='ocrx_word' id='word_1_232' title='bbox 328 3610 343 3649; x_wconf 79' lang='lat' dir='ltr'>u</span> <span class='ocrx_word' id='word_1_233' title='bbox 368 3571 443 3651; x_wconf 86' lang='lat' dir='ltr'>cnm</span> <span class='ocrx_word' id='word_1_234' title='bbox 468 3582 636 3652; x_wconf 86' lang='lat' dir='ltr'>Boniiacio</span> <span class='ocrx_word' id='word_1_235' title='bbox 651 3582 729 3653; x_wconf 75' lang='lat' dir='ltr'>vlit</span> <span class='ocrx_word' id='word_1_236' title='bbox 745 3582 977 3672; x_wconf 85' lang='lat' dir='ltr'>controversia,</span> <span class='ocrx_word' id='word_1_237' title='bbox 1000 3583 1087 3651; x_wconf 84' lang='lat' dir='ltr'>cavit</span> <span class='ocrx_word' id='word_1_238' title='bbox 1099 3605 1140 3650; x_wconf 92' lang='lat' dir='ltr'>ne</span> <span class='ocrx_word' id='word_1_239' title='bbox 1156 3582 1234 3652; x_wconf 65' lang='lat' dir='ltr'>ullis</span> <span class='ocrx_word' id='word_1_240' title='bbox 1249 3583 1322 3674; x_wconf 89' lang='lat' dir='ltr'>ejus</span> <span class='ocrx_word' id='word_1_241' title='bbox 1333 3583 1449 3652; x_wconf 90' lang='lat' dir='ltr'>Ponti-</span> 
     </span>
     <span class='ocr_line' id='line_1_30' title="bbox 328 3689 1451 3783; baseline 0.002 -27"><span class='ocrx_word' id='word_1_242' title='bbox 328 3689 438 3758; x_wconf 79' lang='lat' dir='ltr'>uficis</span> <span class='ocrx_word' id='word_1_243' title='bbox 465 3691 582 3758; x_wconf 79' lang='lat' dir='ltr'>litterae</span> <span class='ocrx_word' id='word_1_244' title='bbox 613 3691 648 3759; x_wconf 90' lang='lat' dir='ltr'>in</span> <span class='ocrx_word' id='word_1_245' title='bbox 678 3713 818 3780; x_wconf 91' lang='lat' dir='ltr'>regnum</span> <span class='ocrx_word' id='word_1_246' title='bbox 845 3689 1094 3778; x_wconf 84' lang='lat' dir='ltr'>deueherentur,</span> <span class='ocrx_word' id='word_1_247' title='bbox 1126 3689 1311 3760; x_wconf 82' lang='lat' dir='ltr'>custodibus</span> <span class='ocrx_word' id='word_1_248' title='bbox 1329 3690 1451 3783; x_wconf 84' lang='lat' dir='ltr'>ubique</span> 
     </span>
     <span class='ocr_line' id='line_1_31' title="bbox 329 3797 1448 3890; baseline 0.003 -26"><span class='ocrx_word' id='word_1_249' title='bbox 329 3825 346 3864; x_wconf 81' lang='lat' dir='ltr'>s</span> <span class='ocrx_word' id='word_1_250' title='bbox 369 3798 536 3890; x_wconf 85' lang='lat' dir='ltr'>appositis,</span> <span class='ocrx_word' id='word_1_251' title='bbox 566 3799 655 3867; x_wconf 92' lang='lat' dir='ltr'>utin</span> <span class='ocrx_word' id='word_1_252' title='bbox 677 3797 847 3890; x_wconf 86' lang='lat' dir='ltr'>Spondani</span> <span class='ocrx_word' id='word_1_253' title='bbox 868 3798 1042 3867; x_wconf 89' lang='lat' dir='ltr'>annalibus</span> <span class='ocrx_word' id='word_1_254' title='bbox 1064 3799 1223 3888; x_wconf 89' lang='lat' dir='ltr'>legimus;</span> <span class='ocrx_word' id='word_1_255' title='bbox 1252 3821 1317 3866; x_wconf 92' lang='lat' dir='ltr'>non</span> <span class='ocrx_word' id='word_1_256' title='bbox 1339 3809 1448 3868; x_wconf 84' lang='lat' dir='ltr'>autem</span> 
     </span>
     <span class='ocr_line' id='line_1_32' title="bbox 329 3905 1448 3999; baseline 0.005 -29"><span class='ocrx_word' id='word_1_257' title='bbox 329 3933 345 3970; x_wconf 77' lang='lat' dir='ltr'>n</span> <span class='ocrx_word' id='word_1_258' title='bbox 368 3905 572 3997; x_wconf 88' lang='lat' dir='ltr'>promulgari</span> <span class='ocrx_word' id='word_1_259' title='bbox 602 3905 676 3974; x_wconf 91' lang='lat' dir='ltr'>illas</span> <span class='ocrx_word' id='word_1_260' title='bbox 701 3905 736 3972; x_wconf 95' lang='lat' dir='ltr'>in</span> <span class='ocrx_word' id='word_1_261' title='bbox 756 3905 870 3974; x_wconf 87' lang='lat' dir='ltr'>Galliis</span> <span class='ocrx_word' id='word_1_262' title='bbox 891 3907 1014 3998; x_wconf 84' lang='lat' dir='ltr'>absque</span> <span class='ocrx_word' id='word_1_263' title='bbox 1034 3929 1094 3976; x_wconf 92' lang='lat' dir='ltr'>suo</span> <span class='ocrx_word' id='word_1_264' title='bbox 1115 3929 1248 3977; x_wconf 89' lang='lat' dir='ltr'>assensu</span> <span class='ocrx_word' id='word_1_265' title='bbox 1264 3930 1330 3975; x_wconf 91' lang='lat' dir='ltr'>non</span> <span class='ocrx_word' id='word_1_266' title='bbox 1355 3931 1448 3999; x_wconf 82' lang='lat' dir='ltr'>posse</span> 
     </span>
     <span class='ocr_line' id='line_1_33' title="bbox 327 4013 1448 4107; baseline 0.003 -26"><span class='ocrx_word' id='word_1_267' title='bbox 327 4037 344 4081; x_wconf 82' lang='lat' dir='ltr'>t</span> <span class='ocrx_word' id='word_1_268' title='bbox 369 4014 483 4083; x_wconf 86' lang='lat' dir='ltr'>edixit.</span> <span class='ocrx_word' id='word_1_269' title='bbox 499 4013 590 4080; x_wconf 89' lang='lat' dir='ltr'>Idem</span> <span class='ocrx_word' id='word_1_270' title='bbox 606 4035 693 4082; x_wconf 91' lang='lat' dir='ltr'>anno</span> <span class='ocrx_word' id='word_1_271' title='bbox 711 4016 794 4081; x_wconf 79' lang='grc'>1161</span> <span class='ocrx_word' id='word_1_272' title='bbox 810 4036 885 4083; x_wconf 91' lang='lat' dir='ltr'>cum</span> <span class='ocrx_word' id='word_1_273' title='bbox 900 4015 1089 4084; x_wconf 76' lang='lat' dir='ltr'>Alexandro</span> <span class='ocrx_word' id='word_1_274' title='bbox 1105 4017 1150 4084; x_wconf 87' lang='lat'>111</span> <span class='ocrx_word' id='word_1_275' title='bbox 1166 4025 1309 4107; x_wconf 88' lang='lat' dir='ltr'>gesserat</span> <span class='ocrx_word' id='word_1_276' title='bbox 1327 4017 1448 4084; x_wconf 90' lang='lat' dir='ltr'>Henri-</span> 
     </span>
     <span class='ocr_line' id='line_1_34' title="bbox 330 4119 1448 4210; baseline 0.004 -23"><span class='ocrx_word' id='word_1_277' title='bbox 330 4149 346 4188; x_wconf 81' lang='lat' dir='ltr'>s</span> <span class='ocrx_word' id='word_1_278' title='bbox 370 4145 427 4191; x_wconf 89' lang='lat' dir='ltr'>cus</span> <span class='ocrx_word' id='word_1_279' title='bbox 447 4119 578 4210; x_wconf 79' lang='lat' dir='ltr'>Angliae</span> <span class='ocrx_word' id='word_1_280' title='bbox 601 4141 679 4198; x_wconf 88' lang='lat' dir='ltr'>rex;</span> <span class='ocrx_word' id='word_1_281' title='bbox 701 4142 766 4189; x_wconf 91' lang='lat' dir='ltr'>non</span> <span class='ocrx_word' id='word_1_282' title='bbox 794 4122 881 4188; x_wconf 91' lang='lat' dir='ltr'>enim</span> <span class='ocrx_word' id='word_1_283' title='bbox 905 4121 994 4190; x_wconf 91' lang='lat' dir='ltr'>illius</span> <span class='ocrx_word' id='word_1_284' title='bbox 1023 4122 1146 4191; x_wconf 87' lang='lat' dir='ltr'>litteras</span> <span class='ocrx_word' id='word_1_285' title='bbox 1169 4123 1293 4192; x_wconf 89' lang='lat' dir='ltr'>nullius</span> <span class='ocrx_word' id='word_1_286' title='bbox 1318 4123 1448 4192; x_wconf 87' lang='lat' dir='ltr'>futuras</span> 
     </span>
     <span class='ocr_line' id='line_1_35' title="bbox 330 4225 1447 4320; baseline 0.003 -25"><span class='ocrx_word' id='word_1_287' title='bbox 330 4255 347 4296; x_wconf 92' lang='lat'>«</span> <span class='ocrx_word' id='word_1_288' title='bbox 370 4227 508 4317; x_wconf 87' lang='lat' dir='ltr'>roboris,</span> <span class='ocrx_word' id='word_1_289' title='bbox 534 4226 596 4292; x_wconf 91' lang='lat' dir='ltr'>nisi</span> <span class='ocrx_word' id='word_1_290' title='bbox 611 4225 675 4293; x_wconf 92' lang='lat' dir='ltr'>sibi</span> <span class='ocrx_word' id='word_1_291' title='bbox 692 4235 746 4294; x_wconf 90' lang='lat' dir='ltr'>aut</span> <span class='ocrx_word' id='word_1_292' title='bbox 771 4226 959 4318; x_wconf 91' lang='lat' dir='ltr'>proceribus</span> <span class='ocrx_word' id='word_1_293' title='bbox 974 4229 1041 4297; x_wconf 91' lang='lat' dir='ltr'>suis</span> <span class='ocrx_word' id='word_1_294' title='bbox 1059 4230 1288 4320; x_wconf 86' lang='lat' dir='ltr'>probarentur,</span> <span class='ocrx_word' id='word_1_295' title='bbox 1303 4229 1447 4298; x_wconf 88' lang='lat' dir='ltr'>arbitra-</span> 
     </span>
    </p>
   </div>
   <div class='ocr_carea' id='block_1_3' title="bbox 0 0 1545 4948">
    <p class='ocr_par' dir='ltr' id='par_1_4' title="bbox 0 0 1545 4948">
     <span class='ocr_line' id='line_1_36' title="bbox 0 0 1545 4948; baseline 0 0"><span class='ocrx_word' id='word_1_296' title='bbox 0 0 1545 4948; x_wconf 95' lang='lat' dir='ltr'> </span> 
     </span>
    </p>
   </div>
  </div>
 </body>
</html>
