3072 4948
319 413 380 478 tlt
673 433 846 478 reserares
870 435 907 480 nu
930 435 1082 481 rernumrs

315 574 442 642 nullum
465 571 615 642 Ecclesiae
633 571 738 638 oritur
757 570 1003 658 detrimentum,
1029 572 1084 641 sed
1113 573 1295 665 plurimae
1320 581 1428 643 contra

313 681 446 751 utilitas.
466 682 550 752 Cum
564 680 667 766 enirn,
684 702 750 749 uon
761 678 902 748 adaucto
917 680 1027 770 legum
1043 682 1188 773 ipserum
1206 705 1357 770 numero,
1373 681 1429 752 de-

312 792 372 860 cisi
388 793 434 861 sic
449 791 572 860 fuerint
586 789 741 882 praecipui
756 798 787 858 et
803 789 1002 860 difficiliores
1017 814 1123 879 casus,
1140 792 1283 861 vitantur
1306 793 1430 862 dissen-

311 901 417 969 siones
447 907 479 967 et
513 897 689 966 anxietates
722 897 918 983 innumerae,
956 899 1158 990 habeturque
1193 923 1231 968 eo
1265 901 1368 969 tutior
1398 901 1429 968 in

312 1011 452 1104 practica
475 1008 586 1098 legum
613 1006 827 1099 applicatione
851 1007 977 1097 regula,
1000 1006 1088 1100 quod
1110 1008 1151 1076 ab
1178 1031 1216 1078 ea
1239 1010 1430 1078 auctoritate

272 1164 275 1170 ι
310 1116 469 1208 procedit,
499 1115 551 1184 cui
579 1113 751 1184 commissa
779 1122 827 1183 est
853 1116 1039 1184 uuiversum
1063 1115 1236 1186 Ecclesium
1263 1117 1428 1209 pascendi,

313 1224 447 1316 regendi
466 1233 497 1292 et
517 1222 721 1314 gubernandi
734 1245 824 1292 cura.
841 1223 958 1292 Noxire
981 1231 1058 1292 sunt
1080 1223 1178 1292 nimis
1199 1223 1312 1292 urultae
1327 1224 1428 1314 legem

310 1335 421 1425 legum
438 1342 545 1402 autem
562 1333 708 1424 ipsarum
723 1354 837 1401 sensus
850 1354 1018 1425 nunquam
1036 1333 1134 1402 nimis
1148 1332 1254 1402 clerus
1273 1342 1306 1400 et
1325 1331 1430 1402 deter-

313 1440 456 1512 minatus
470 1463 538 1510 esse
553 1447 668 1533 potest.

672 1684 714 1739 ltl.
736 1685 884 1741 Sarranus
905 1699 1091 1742 nrsrrnauans.

353 1871 463 1944 Tertia
483 1873 641 1941 sententie
658 1871 831 1963 distinguit
845 1872 930 1941 iuter
952 1871 1194 1942 declarationes.
1216 1899 1232 1940 a
1255 1875 1339 1962 Nam
1363 1875 1426 1960 hae,

310 1983 357 2052 eit
376 1979 666 2070 Schmalzgrueber
696 1981 859 2071 (prorem,
878 2001 910 2071 p.
935 1980 1010 2070 373)
1028 1979 1168 2071 duplicis
1192 1983 1325 2072 generis
1340 1995 1427 2068 suut,

309 2089 586 2182 comprehensiva
607 2096 638 2156 et
650 2087 840 2156 extensive.
860 2087 1142 2179 Comprcbemioae
1156 2098 1245 2177 sunt,
1272 2091 1301 2158 si
1315 2114 1429 2160 sensus

308 2201 354 2268 sie
368 2198 549 2268 declaratus
562 2220 582 2264 a
594 2195 770 2264 verborum
786 2196 917 2287 propria
933 2204 964 2263 et
976 2219 1037 2264 usu
1053 2205 1179 2289 recepta
1190 2197 1428 2287 significatione

309 2333 374 2380 nou
403 2307 542 2377 recedet.
569 2306 775 2388 Balearica,
801 2306 827 2373 si
850 2304 939 2374 illam
969 2304 1198 2396 egrediantur,
1222 2317 1255 2374 et
1283 2307 1370 2377 ultra
1396 2309 1425 2378 id

309 2418 396 2512 quod
417 2416 517 2485 verba
539 2414 669 2506 proprie
682 2423 714 2482 et
728 2413 908 2482 secundum
931 2436 1063 2482 sensum
1079 2437 1284 2485 communem
1301 2425 1428 2509 accepta

308 2527 473 2613 denotent,
495 2522 617 2614 aliquid
640 2522 828 2607 concedant,
854 2521 1059 2612 prohibeant,
1087 2523 1287 2614 dispensent,
1307 2527 1369 2594 etc.
1385 2565 1428 2577 -

307 2635 354 2703 lle
386 2631 563 2701 extensivis
586 2629 723 2698 libenter
748 2627 894 2698 concedit
925 2631 1086 2698 sententia
1111 2630 1173 2698 ista
1197 2631 1284 2722 quod
1307 2635 1375 2702 vim
1399 2642 1428 2701 et

307 2741 529 2812 auctoritatem
548 2737 630 2828 legis
649 2760 715 2804 non
732 2736 884 2826 habeant,
901 2736 963 2804 nisi
979 2737 1058 2806 fiant
1074 2761 1113 2806 ex
1130 2740 1263 2830 speciali
1275 2742 1426 2811 mandato

308 2851 405 2940 Papa
427 2854 458 2916 et
484 2844 627 2935 legitime
653 2844 915 2935 promulgentur.
943 2844 1039 2913 Ratio
1066 2845 1171 2914 solide
1200 2855 1232 2914 et
1257 2849 1426 2940 perspicua

307 2971 370 3049 cst;
404 2961 480 3054 quia
509 2960 569 3028 hoc
603 2959 674 3049 ipso
704 2956 792 3049 quod
824 2957 1047 3026 conciliarium
1083 2958 1287 3029 decretorum
1319 2963 1425 3031 verbis

305 3093 371 3139 non
395 3068 634 3151 contineantur,
661 3071 738 3132 suut
768 3085 862 3132 novae
899 3064 987 3155 leges
1020 3065 1255 3154 ecclesiastieae,
1286 3071 1424 3139 auctori-

306 3187 403 3247 tatem
433 3175 649 3266 legislativam
679 3171 714 3238 in
743 3170 925 3240 declarante
953 3183 1172 3263 exposcentes.
1208 3177 1310 3266 Atqui
1337 3201 1424 3246 sacra

304 3285 519 3377 Congregetio
534 3305 575 3352 ex
590 3305 649 3350 sua
665 3279 866 3351 institutione
882 3283 1104 3352 auctoritatem
1120 3283 1214 3353 istam
1227 3307 1292 3354 non
1310 3285 1420 3374 babet;

307 3419 397 3466 ero.

343 3419 366 3568 l
393 3503 467 3571 uixi
483 3502 544 3569 nisi
561 3500 641 3568 fiant
654 3520 696 3566 ex
711 3498 841 3589 speciali
866 3498 1015 3568 mandato
1029 3500 1128 3591 Pepae
1145 3510 1176 3569 et
1188 3501 1333 3593 legitime
1348 3528 1424 3596 pro-

304 3619 515 3708 mulgentnr3
540 3635 615 3681 nam
636 3613 663 3680 si
683 3611 728 3680 ita
755 3610 836 3679 fiant
856 3619 887 3680 et
901 3610 1165 3703 promulgentur,
1192 3614 1261 3682 vim
1278 3615 1362 3706 legis
1376 3616 1423 3686 iu·

304 3726 451 3797 dubitate
470 3722 628 3791 obtinent.
648 3719 688 3788 Et
702 3718 781 3788 tales
800 3718 1031 3788 declarationes
1043 3729 1120 3788 suut
1135 3720 1263 3791 decreta
1278 3723 1422 3816 ejusdem

302 3833 338 3905 S.
355 3827 624 3920 Congregatiouis
633 3826 729 3917 jussu
742 3826 868 3895 Urbani
884 3824 962 3895 Vlll
976 3825 1061 3895 edita
1077 3825 1117 3895 de
1124 3827 1329 3900 alienatione
1345 3841 1423 3900 tem-

301 3939 462 4034 paralium
488 3935 529 4004 ad
557 3933 751 4002 monasteria
777 3933 1022 4025 pertinentium,
1043 3939 1062 4001 7
1087 3937 1279 4028 septembris
1312 3943 1418 4008 1624:

299 4051 339 4120 de
350 4044 503 4141 apostatis
513 4041 717 4133 regularibus
731 4050 762 4110 et
774 4041 895 4133 ejectis,
912 4047 950 4110 21
971 4044 1162 4134 septembris
1177 4067 1264 4115 enno
1278 4049 1390 4116 eodem
1410 4075 1416 4115 :

301 4151 340 4228 de
356 4154 570 4226 celebratione
592 4149 777 4237 missarum,
796 4153 833 4220 21
857 4150 943 4242 junii
964 4155 1060 4222 1625.
1080 4151 1128 4222 De
1143 4153 1419 4246 comprehensiva
