3042 4946
500 513 582 560 runis
605 513 756 561 canonici.
1124 499 1184 563 563

54 671 155 718 ceses
177 659 210 718 et
230 651 408 743 provineiae
434 653 667 736 ecclesiastice,
685 675 705 720 a
725 655 855 724 nemine
878 677 1024 747 unquam
1043 657 1187 726 exerceri

55 758 175 845 potuit
189 781 288 849 quam
299 759 353 830 vel
367 759 554 830 aPontilice
567 760 724 849 maximo,
740 761 792 830 vel
806 761 951 831 conciliis
966 765 1198 836 oecumenicis.

54 903 107 916 --
118 863 327 936 Universalis
340 867 446 960 quoad
460 868 531 938 loca
539 877 570 938 et
581 891 748 960 personas,
759 869 815 938 sed
828 893 893 939 non
906 871 1011 964 quoad
1023 875 1186 961 materias,

55 975 223 1065 competit
243 975 395 1066 pluribus
414 977 559 1047 romanis
583 977 900 1068 congregationibus,
916 1003 949 1048 v.
978 1003 1027 1070 g.,
1046 981 1185 1070 concilii,

56 1084 209 1174 rituum,
226 1093 285 1156 etc.

107 1193 304 1264 Jurisdictio
317 1197 536 1289 particularis
549 1197 604 1266 illa
617 1205 666 1265 est
679 1221 753 1290 quae
769 1197 977 1288 restringitur
990 1199 1043 1268 vel
1057 1199 1098 1266 ad
1114 1222 1186 1268 cer-

59 1317 112 1370 tas
131 1325 303 1394 personas,
318 1305 424 1397 qualis
440 1315 487 1374 est
503 1305 687 1396 jurisdictio
702 1305 918 1376 Praelatorum
933 1306 1135 1396 regularium
1153 1307 1187 1376 in

57 1435 144 1480 suos
168 1411 363 1500 monachos,
381 1413 435 1482 vel
454 1413 495 1481 ad
520 1421 644 1484 certum
671 1413 791 1501 locum,
809 1413 916 1506 qualis
936 1423 984 1482 est
1005 1413 1188 1506 jurisdictio

60 1520 228 1612 cujusque
249 1521 382 1612 parochi
404 1521 438 1590 in
461 1543 521 1590 sua
542 1521 709 1614 parocbia,
734 1521 887 1613 Episcopi
908 1522 943 1590 iu
964 1544 1024 1591 sua
1043 1521 1185 1612 dioeeesi,

61 1629 310 1721 Metropolitaui
332 1629 366 1699 in
390 1653 449 1700 sua
474 1630 656 1722 metropoli,
680 1629 877 1700 Patriarcbae
905 1630 939 1697 in
966 1653 1025 1700 suo
1049 1631 1188 1723 patriar-

63 1737 183 1825 chatu;
209 1738 263 1806 vel
289 1738 329 1808 ad
352 1747 455 1808 certas
483 1739 647 1826 materias,
669 1738 775 1830 qualis
801 1747 850 1807 est
875 1739 982 1807 omnis
1004 1739 1187 1829 jurisdictio

63 1868 220 1914 concessa
234 1868 310 1915 cum
323 1847 540 1916 reservatione
556 1847 741 1938 aliquorum
756 1869 903 1916 manum.

109 1953 250 2036 Quando
274 1955 456 2046 jurisdictio
481 1954 684 2046 particularis
712 1953 926 2022 determinata
947 1963 995 2024 cst
1020 1956 1061 2024 ad
1085 1962 1188 2026 certas

65 2084 234 2152 personas,
263 2085 328 2132 non
356 2063 397 2132 ad
430 2070 516 2132 certa
547 2063 630 2150 loca,
654 2062 799 2132 exerceri
822 2070 925 2154 potest
953 2063 1077 2154 ubique
1099 2063 1187 2134 loco-

67 2191 155 2239 rum.
185 2171 269 2240 Hinc
306 2171 466 2244 Praelatus
496 2172 695 2263 regularium
731 2173 990 2263 jurisdictionem
1029 2198 1121 2244 suam
1151 2176 1186 2243 in

67 2277 244 2348 monachos
268 2279 330 2348 sibi
357 2279 507 2348 subditos
532 2287 637 2371 potest
664 2279 786 2371 ubique
811 2301 974 2368 exercere,
997 2281 1093 2350 modo
1121 2305 1186 2352 uon

65 2387 176 2455 turbet
196 2387 455 2478 jurisdictionem
483 2388 656 2458 diecesani
685 2388 719 2456 in
744 2388 839 2480 cujus
870 2388 1000 2457 dicecesi
1024 2399 1183 2460 versatur.

66 2496 111 2562 At
132 2495 315 2586 jurisdictio
338 2520 413 2589 quae
437 2498 534 2567 alicui
557 2497 710 2589 competit
734 2496 857 2566 ratione
884 2498 1053 2587 territorii,
1067 2487 1185 2568 'locum

67 2601 157 2670 dedit
175 2603 325 2694 pluribus
348 2603 455 2672 dubiis
477 2629 552 2698 quae
575 2628 595 2673 a
619 2605 794 2676 canonistis
814 2615 845 2673 et
865 2605 1039 2674 moralistis
1061 2630 1184 2698 expen-

66 2712 206 2794 duntur;
225 2713 316 2781 verbi
334 2715 439 2803 gratia
460 2743 467 2782 :
488 2724 599 2783 utrum
614 2715 715 2806 possit
730 2713 815 2784 licite
838 2715 1016 2807 Episcopus
1037 2716 1183 2784 subditos

67 2843 142 2890 suos
161 2819 355 2891 confirmare
378 2829 435 2890 aut
458 2821 610 2891 ordinare
625 2823 660 2890 iu
676 2822 782 2892 aliena
798 2822 928 2892 diecesi
944 2824 1065 2916 absque
1086 2823 1185 2892 Ordi-

68 2928 150 2998 narii
165 2929 265 3020 hujus
284 2929 346 2998 loci
369 2929 498 2998 licentia
522 2937 660 3000 :utrum
682 2931 783 3022 possit
804 2929 889 3000 licite
910 2940 942 3000 et
959 2931 1068 3018 aalide
1091 2943 1184 3000 extra

69 3062 158 3106 suam
175 3038 338 3108 diecesim
353 3061 503 3108 exercere
516 3039 776 3130 jurisdictionem
798 3041 1050 3110 contentiosam:
1069 3049 1182 3110 utrum

68 3145 211 3214 subditos
224 3169 301 3216 suos
311 3155 405 3215 extra
416 3146 579 3216 dioecesim
595 3148 770 3238 baptizare,
781 3148 961 3236 absolvere,
973 3149 1181 3219 matrimonio

66 3255 225 3346 jungere:
243 3263 355 3325 utrum
377 3277 527 3324 exercere
548 3253 810 3345 jurisdictionem
833 3254 1065 3344 voluntariam,
1087 3265 1146 3325 etc.
1169 3285 1176 3325 :

68 3363 184 3432 similes
199 3371 307 3433 autem
322 3363 519 3455 questiones
536 3369 707 3432 moventur
722 3362 829 3453 quoad
852 3363 1020 3454 parochos.
1204 3435 1207 3447 ‚

110 3471 164 3540 ΙΙΙ.
177 3472 366 3541 Diviserunt
379 3470 479 3562 aliqui
491 3469 764 3561 jurisdictionem,
777 3469 813 3537 in
825 3471 929 3560 leqem
938 3470 1179 3559 jurisdictionis

68 3591 98 3650 et
111 3583 210 3672 lepem
229 3581 458 3651 dicoecesanam.
477 3581 537 3648 Ast
556 3579 685 3671 partitio
705 3579 773 3667 illa,
789 3579 850 3648 sub
876 3579 974 3648 finem
997 3605 1041 3650 xn
1065 3583 1178 3652 saeculi

68 3695 194 3762 inventa
207 3693 248 3762 ab
260 3701 391 3762 auctore
405 3693 521 3784 glossae
538 3693 576 3760 in
588 3691 797 3760 Gratianeum
814 3689 970 3778 codicem,
987 3701 1018 3759 et
1032 3701 1143 3783 postea
1157 3718 1177 3763 a

69 3803 209 3894 pluribus
237 3800 425 3871 auctoribus
454 3809 622 3892 usurpata,
654 3799 865 3868 fundamento
893 3821 1002 3867 carere
1033 3800 1173 3870 videtur.

68 3912 223 4003 Usurpata
238 3921 286 3979 est
299 3911 341 3979 ob
356 3910 463 3980 varias
487 3909 757 3979 monasteriorum
776 3931 795 3976 a
811 3907 1035 3999 jurisdictione
1048 3910 1174 4002 episco-

70 4019 128 4109 pali
151 4019 381 4109 exemptiones.
408 4017 457 4086 Ex
486 4017 626 4086 obtentis
647 4016 765 4085 scilicet
791 4015 985 4106 privilegiis,
1008 4018 1175 4088 monachis

69 4127 285 4196 reservabatur
315 4125 532 4195 Praelatorum
568 4147 701 4194 suorum
736 4123 848 4192 electio
881 4149 888 4190 :
922 4122 1174 4196 interdicebatur

71 4235 230 4330 Episcopo,
247 4259 287 4304 ne
309 4235 447 4326 publicis
471 4235 643 4303 missarum
665 4232 831 4301 solemniis
846 4253 921 4299 cum
937 4230 1098 4322 frequenti
1116 4257 1173 4330 po·
