3064 4952
361 445 423 511 228
714 461 890 514 reserares
914 465 951 512 oc
974 464 1129 514 rumonus

357 603 695 696 non-acceptationem
729 603 855 672 inficias
890 604 950 674 ibit
980 604 1103 675 nullus.
1136 605 1248 674 -Et
1275 605 1320 675 ita
1350 627 1465 698 semper

357 712 488 804 praxim
515 703 550 780 in
576 712 718 781 Ecclesia
741 712 920 782 obtinuisse
947 721 1105 782 testantur
1126 718 1351 782 monumenta.
1376 712 1467 782 blulta

250 839 255 853 ·
357 819 481 889 scilicet
502 827 616 888 extant
635 820 786 912 exempla
801 820 1037 912 Episcoporum
1052 844 1072 890 a
1086 842 1219 902 ,summo
1239 819 1399 890 Postilioe
1418 843 1467 888 ex-

357 927 593 1019 postulantium
620 935 657 996 ut
682 925 836 997 dioeceses
865 951 933 996 suaa
953 951 972 996 a
990 927 1048 997 tali
1075 928 1128 998 vel
1146 928 1205 996 tali
1225 928 1395 1020 pontificia
1407 929 1467 1017 lege

357 1033 591 1104 eximerentur.
621 1035 769 1116 Quorum
793 1036 820 1103 si
840 1034 988 1128 exposita
1001 1036 1166 1106 rationum
1184 1046 1349 1106 momenta
1362 1037 1468 1130 proba·

357 1141 441 1212 verit
474 1143 643 1212 Romanus
670 1141 862 1235 Episcopus,
900 1143 1062 1234 postulata
1090 1143 1323 1232 obtinuerunt3
1357 1144 1387 1212 si
1413 1166 1469 1212 non

355 1249 560 1341 probaverit,
589 1248 719 1318 firmata
743 1249 805 1318 luit
830 1250 911 1340 legis
940 1248 1110 1320 servandae
1140 1249 1307 1341 obligatio.
1341 1251 1471 1322 Concilii

357 1356 576 1426 Triburieusis
604 1356 717 1426 Patres
745 1379 820 1427 cum
848 1357 1065 1450 postulassent
1094 1381 1114 1428 a
1140 1357 1211 1449 lege
1235 1356 1468 1450 quadamque

356 1466 437 1558 ipsis
459 1464 637 1536 durissima
658 1465 831 1536 videbatur
851 1467 1106 1559 exemptionem,
1135 1478 1167 1536 et
1189 1491 1255 1538 non
1270 1469 1471 1538 concessisset

356 1571 526 1642 Romanus
547 1573 712 1662 Pontifex,
741 1573 787 1642 sic
801 1574 1032 1644 concluserunt
1047 1601 1054 1642 :
1072 1574 1163 1644 Licet
1178 1575 1235 1643 cia
1246 1575 1423 1667 serendum
1436 1573 1470 1642 ab

174 1695 179 1706 ’
278 1689 279 1692 ’
355 1680 416 1750 illa
444 1693 557 1750 sancta
576 1681 660 1750 Sede
686 1680 881 1774 imponatur
902 1683 1041 1774 jupam,
1065 1695 1176 1752 tamen
1191 1685 1343 1774 seramus
1362 1695 1394 1751 ct
1419 1682 1470 1774 pic

356 1789 526 1858 devotione
555 1789 737 1858 toleremus.
773 1789 930 1881 (Concilia
958 1791 1157 1880 Germania,
1188 1800 1211 1859 t.
1237 1792 1279 1879 ll,
1299 1814 1334 1883 p.
1356 1795 1432 1876 tto,
1446 1796 1471 1856 ct

356 1897 442 1965 inter
462 1895 662 1988 capitularia
677 1895 788 1965 Caroli
803 1897 941 1990 Magni.)
955 1897 1118 1967 Incumbit
1136 1919 1216 1988 ergo
1231 1898 1300 1966 sive
1314 1897 1468 1979 Praelatis,

355 2005 427 2074 sive
457 2004 695 2091 communitati,
718 2003 825 2094 legem
845 2004 1045 2096 pontificiam
1068 2028 1134 2076 nou
1161 2006 1415 2097 acceptantibus,
1436 2002 1470 2071 ad

357 2113 543 2181 Romanum
564 2111 756 2180 Pontificem
781 2112 1049 2205 supplicationem
1075 2115 1239 2208 dirigendi
1260 2118 1374 2188 stricta
1397 2114 1470 2185 obli-

357 2221 455 2310 gatio.

401 2328 589 2398 Pucrosrrro
603 2329 635 2396 2.
652 2328 870 2420 -Episcopo
886 2330 990 2420 legem
1005 2354 1073 2401 non
1088 2345 1286 2425 acceptante,
1305 2347 1338 2402 ct
1353 2331 1468 2425 suppli-

356 2439 518 2506 cationem
531 2460 599 2506 non
612 2437 772 2520 mittente,
788 2461 855 2506 non
869 2451 1000 2510 cccrum
1012 2455 1126 2534 peccat
1141 2442 1231 2533 ipsc,·
1244 2442 1302 2512 sed
1317 2465 1427 2512 omnes
1438 2439 1470 2509 de

358 2545 592 2615 communitate
612 2543 671 2636 qui
684 2545 789 2636 legem
797 2547 1055 2639 promulgatam
1073 2563 1207 2632 norunt,
1222 2549 1269 2619 ad
1281 2573 1358 2619 eam
1374 2551 1469 2619 obscr—

357 2655 504 2724 vcadcm
526 2654 664 2743 obligati
685 2677 854 2723 remanere
875 2655 1038 2726 videntur.
1056 2659 1182 2727 -Lex
1202 2659 1291 2726 enim
1311 2657 1471 2750 pontificia

357 2787 425 2833 non
443 2771 570 2832 tantum
594 2763 781 2855 prelatum,
810 2763 866 2834 sed
886 2766 1033 2856 singulos
1053 2766 1093 2835 de
1121 2768 1356 2836 communitate
1383 2767 1470 2836 allicit

354 2881 451 2964 atque
478 2871 619 2961 attingit.
647 2871 834 2942 consensus
862 2884 970 2942 autem
1000 2876 1058 2966 qui
1080 2875 1165 2944 licite
1192 2878 1353 2968 praesumi
1376 2883 1470 2969 potest

355 2980 391 3049 in
417 3001 546 3049 summo
564 2979 720 3050 Pontifice
741 2985 867 3051 deuon
890 2982 1057 3052 reddenda
1075 2984 1185 3053 statim
1206 2984 1403 3076 obligatoria
1418 3007 1469 3053 sna

357 3089 441 3180 lege,
463 3109 531 3156 non
551 3095 601 3156 est
618 3088 799 3175 absolutus,
823 3089 880 3159 sed
894 3090 1145 3161 conditionatus.
1162 3093 1331 3162 Consentit
1346 3093 1469 3187 quidem

358 3203 397 3265 ut
419 3195 636 3288 suspendatur
655 3196 849 3286 obligatoria
869 3197 989 3267 decreti
1009 3199 1072 3287 vis,
1095 3200 1152 3269 sed
1173 3223 1212 3269 ea
1231 3200 1419 3272 conditione
1440 3208 1471 3268 ut

359 3306 422 3376 sibi
437 3314 620 3398 exponatur
640 3329 706 3398 qua
721 3306 762 3375 de
782 3330 879 3376 causa
893 3309 1101 3379 existimetur
1114 3310 1213 3379 talem
1228 3311 1398 3401 regionem
1410 3333 1470 3382 esse

359 3415 468 3509 potius
487 3437 507 3484 a
528 3415 600 3504 lege
621 3416 828 3485 eximendam
856 3440 956 3509 quam
981 3420 1238 3510 astringendam.
1271 3420 1358 3490 Cum
1386 3443 1468 3511 ergo,

359 3523 479 3592 omissa
507 3520 753 3614 supplicatione,
780 3544 847 3591 non
877 3523 1062 3594 verificetur
1091 3527 1244 3615 conditio,
1273 3527 1345 3619 jam
1374 3529 1470 3598 dictus

359 3653 536 3702 consensus
562 3631 706 3720 legitime
732 3633 888 3723 praesumi
914 3621 1047 3724 hequit3
1077 3657 1115 3703 ac
1133 3634 1273 3727 proinde
1290 3659 1411 3728 urgere
1424 3637 1470 3704 lex

359 3740 520 3812 censenda
545 3749 619 3808 cst:
644 3741 708 3809 nisi
729 3747 838 3809 tamen
864 3763 906 3809 ex
928 3741 1013 3832 legis
1028 3742 1252 3812 observatione
1267 3745 1420 3834 notabile,
1434 3745 1470 3812 ob

359 3848 540 3944 peculiares
570 3848 845 3935 circumstantias,
887 3858 1078 3940 exsurgeret
1112 3852 1357 3922 incommodum
1364 3880 1374 3941 ;
1412 3874 1470 3946 quo

358 3981 436 4028 casu
468 3953 700 4048 applicandum
736 3956 826 4024 venit
862 3957 1074 4048 principium,
1107 3958 1196 4049 leges
1229 3961 1386 4052 positivus
1420 3982 1470 4028 seu

358 4087 447 4135 merc
472 4061 699 4132 ecclesiasticas
724 4084 792 4131 non
817 4063 962 4153 obligare
984 4088 1059 4135 cum
1088 4066 1224 4135 notabili
1254 4067 1466 4138 incommodo.

357 4173 430 4242 Non
453 4193 532 4261 ergo
553 4176 619 4240 tota
640 4169 790 4238 dioecesis
806 4170 937 4240 videtur
950 4195 970 4240 a
982 4171 1109 4243 decreto
1134 4174 1302 4265 pontificio
1317 4176 1418 4245 eximi
1432 4197 1467 4243 ex
