3072 4948
583 473 666 522 rusus
688 473 840 520 canorum
1203 453 1263 518 347

194 607 376 686 Confirmat
411 613 653 685 conclusionem
689 625 834 684 nostram
867 615 1054 686 communis
1086 615 1268 684 canonista-

149 739 228 788 rum
263 721 389 812 praxis,
426 747 492 816 qua
524 723 628 794 solent
655 724 851 816 quastiones
885 735 1042 818 tanquam
1079 726 1269 794 terminatas

149 823 282 913 habere,
311 829 442 920 quaudo
465 829 625 902 adducere
649 839 825 924 potuerunt
845 832 1098 904 declarationem
1123 834 1272 924 Congre-

150 934 293 1023 gationis
308 936 456 1008 Consilii.
822 987 825 992 -

195 1043 266 1134 Ego
291 1043 421 1118 licitum
445 1047 583 1139 quidem
599 1055 647 1117 est
662 1048 822 1138 denegare
835 1048 1108 1118 declarationibus
1122 1049 1270 1139 Congre-

151 1155 293 1244 gationis
314 1155 451 1226 Consilii
475 1155 638 1226 rationem
659 1164 690 1224 et
713 1155 783 1224 vim
808 1153 890 1244 legis
915 1154 1155 1223 ecclesiastices:
1180 1159 1271 1228 Nem

151 1286 228 1332 cum
255 1284 321 1334 nort
340 1265 443 1334 lateat
459 1285 628 1334 summum
647 1263 839 1355 Pontificem
859 1263 928 1332 dac
953 1261 1123 1332 doctorum
1133 1263 1269 1354 publico

121 1451 124 1458 ,
152 1375 313 1466 opertio,
336 1375 446 1446 nidero
464 1388 494 1445 ct
511 1376 640 1468 potiores
662 1399 737 1444 eom
758 1374 888 1444 videtur
903 1388 941 1444 ut
951 1373 1159 1466 probabilem
1171 1372 1273 1440 nesti-

153 1505 229 1550 ncre
250 1481 467 1574 (Salmantic,
484 1483 555 1554 loco
570 1485 678 1570 citato,
696 1493 731 1552 n⁰
746 1483 815 1574 30);
832 1491 865 1552 at
886 1505 965 1552 vero
985 1481 1124 1551 minime
1143 1479 1271 1550 licitum

152 1597 202 1658 est
220 1593 378 1666 sustinere
399 1593 631 1664 declarationes
652 1593 724 1662 illas
742 1615 836 1684 posse
850 1593 885 1660 in
900 1590 997 1684 praxi
1009 1591 1154 1681 legitime
1169 1588 1273 1658 deseri

153 1705 249 1767 extra
267 1722 381 1769 cesum
404 1699 672 1772 oxtrmrdiuarice
691 1709 724 1768 et
741 1699 890 1790 urgentis
912 1721 1031 1785 cauam,
1047 1707 1146 1790 prout
1160 1697 1274 1766 dooere

153 1805 226 1874 ausi
253 1817 330 1876 sunt
354 1809 430 1878 Van
462 1809 588 1900 Eopeu‚
616 1806 948 1894 recrescentem,
978 1805 1100 1898 aliique
1125 1814 1274 1874 auctores

154 1913 333 2002 pestilentis
346 1923 378 1982 et
393 1915 510 1984 merito
524 1914 690 1986 demutatas
706 1913 875 1984 doctrinm.

199 2021 270 2110 Ego
293 2045 370 2092 vero
392 2023 586 2096 seutentiam
611 2031 786 2114 negantem
808 2022 899 2092 nulla
930 2020 1034 2092 solida
1048 2022 1172 2090 ratione
1193 2021 1274 2088 luu-

156 2125 228 2194 dari
251 2129 416 2200 existimo.
444 2128 496 2198 Ad
512 2130 693 2221 pleniorem
707 2139 818 2200 summ
839 2129 976 2221 hujusce
990 2127 1180 2220 quaestionis
1193 2149 1275 2198 evo-

154 2235 328 2324 lutionem,
349 2239 456 2310 videat
477 2239 577 2310 lector
599 2264 711 2312 mcum
733 2239 772 2310 de
796 2239 901 2309 Curia
916 2243 1068 2308 Romano
1084 2244 1274 2323 tractatum,

157 2344 216 2518 piri
248 2343 355 2414 fusius
387 2354 488 2416 etex
521 2347 666 2437 professo
695 2348 735 2418 dc
768 2347 925 2418 Romanis
960 2343 1276 2435 congregationibus

181 2474 308 2521 isserm.

603 2648 746 2720 CAPUT
769 2651 825 2720 111.

218 2861 259 2906 AN
282 2861 417 2908 attonuit
439 2862 714 2910 condennationem
737 2863 870 2909 oscam
894 2863 951 2908 vllt
976 2861 1060 2908 leurs
1084 2861 1216 2908 uanam.

203 3095 329 3166 Praeter
359 3095 653 3187 congregationem
686 3095 827 3167 Consilii
856 3106 932 3164 suut
962 3097 1072 3188 plures
1101 3075 1174 3164 alise
1201 3119 1276 3186 qum

160 3209 259 3277 etiam
273 3231 367 3276 casus
382 3209 591 3300 particulares
605 3207 783 3279 decidendo
790 3207 845 3300 jus
857 3207 1038 3292 declarant;
1055 3206 1148 3276 verbi
1159 3207 1276 3295 gratia,

160 3315 379 3405 Congrcgalio
400 3317 542 3402 rituum,
565 3340 654 3393 sacru
677 3315 934 3402 Poenitentiario,
954 3313 1279 3404 Congregatiosuper

161 3423 299 3513 negotiis
331 3423 567 3514 Episcoporum
594 3433 626 3491 et
656 3425 871 3512 regularium.
907 3420 1031 3490 Eadem
1060 3418 1168 3512 quoad
1200 3419 1278 3488 istas

161 3530 245 3599 redit
261 3553 362 3622 supra
383 3529 528 3601 decussa
543 3531 693 3624 questio,
710 3553 828 3622 nempe
842 3539 956 3600 utrum
971 3529 1012 3598 ab
1026 3529 1105 3621 ipsis
1116 3537 1276 3596 emanatas
1368 3604 1371 3620 ,

161 3638 340 3708 decisiones
362 3639 430 3708 sive
449 3638 680 3710 declarationes
705 3639 775 3708 vim
798 3638 880 3728 legis
908 3637 1080 3706 universos
1104 3635 1279 3727 obligantis

162 3747 322 3835 haheeut3
352 3756 384 3816 et
399 3747 433 3815 in
456 3748 618 3840 triplicem
639 3747 788 3816 similiter
809 3748 1002 3816 seutentiam
1025 3745 1278 3814 doctoressoin-

161 3856 297 3940 duntur,
324 3855 443 3925 iisdem
458 3855 525 3926 lere
540 3855 718 3926 rationibus
731 3855 849 3938 innixi,
870 3877 952 3946 ques
973 3853 1071 3922 modo
1094 3852 1276 3922 attulimus.

163 3965 236 4036 Non
257 3988 336 4056 ergo
356 3987 485 4034 necesse
497 3972 546 4032 est
568 3963 804 4033 discussionem
825 3967 961 4050 iterare3
976 3963 1032 4032 sed
1047 3962 1128 4056 quid
1144 3985 1278 4052 genera·

162 4072 237 4141 liter
263 4073 370 4164 quoad
397 4095 511 4142 omues
538 4071 762 4142 Cardinalium
778 4071 1051 4162 Congregationes
1078 4071 1278 4140 censendum

164 4179 217 4269 sit,
241 4203 281 4248 ex
310 4180 403 4250 dictis
429 4180 513 4250 circe
535 4180 829 4271 Congregetionem
859 4179 993 4250 Concilii
1019 4179 1280 4250 concludendum
