3064 4952
365 487 427 550 230
719 503 892 550 scissurus
915 507 953 551 nu
976 505 1129 554 numurus

364 643 523 734 postulata
561 643 709 732 negative
745 642 955 734 respondens,
992 650 1116 712 constat
1149 643 1219 736 jam
1246 642 1287 711 de
1315 642 1470 711 voluntate

363 750 482 819 summi
499 749 663 820 Pontificis
677 749 892 819 obedientiam
906 750 1080 840 exigentis.

407 858 444 926 ln
468 865 535 926 toto
558 856 620 926 hoc
641 856 743 948 capite
770 857 1003 949 supposuimus
1024 857 1128 949 legem
1144 881 1164 925 a
1179 857 1469 927 summoPontiticc

358 965 426 1056 jam
453 963 648 1033 sufficienter
673 965 925 1056 promulgatam.
952 965 1112 1048 Quanam
1133 973 1241 1034 autem
1257 965 1298 1033 sit
1314 965 1371 1033 illa
1387 963 1469 1032 sulfi-

359 1073 446 1141 ciens
464 1072 694 1166 promulgatio,
711 1095 797 1141 nunc
816 1071 1067 1168 expendendum
1086 1073 1188 1142 venit.
1518 1079 1519 1084 ’

807 1509 951 1581 CAPUT
975 1511 1033 1582 vt.

446 1773 484 1817 ott
520 1771 676 1828 umutsrra
714 1774 815 1819 annunt
859 1772 1096 1819 eonrrrrctaaun
1132 1773 1394 1820 raonumamona

804 1891 843 1936 UT
874 1888 1032 1936 naucum.

404 2150 637 2220 Pracotanda.
652 2147 932 2236 -Promulgatio
956 2147 1086 2236 dicitur,
1117 2149 1297 2219 enuntiatio
1325 2151 1409 2242 legis
1432 2158 1472 2216 sat

357 2258 485 2352 publice
511 2258 593 2327 lacta
614 2266 651 2327 nt
669 2256 833 2326 moraliter
852 2256 952 2348 possit
968 2257 1008 2325 ad
1023 2257 1121 2326 totius
1135 2258 1381 2327 communitatis
1395 2257 1470 2326 noti-

358 2367 438 2436 tiam
455 2366 636 2458 pervenire.

401 2483 497 2554 Circa
518 2481 792 2575 promulgationis
820 2481 1056 2568 necessitatem,
1078 2481 1114 2550 in
1138 2481 1244 2574 prima
1269 2481 1371 2573 hujus
1397 2495 1471 2550 trac.-

358 2603 443 2663 tatus
467 2590 608 2661 editione
634 2588 764 2682 (pagina
792 2585 867 2678 197)
898 2589 942 2656 ita
966 2588 1159 2680 scripseram
1189 2615 1196 2656 :
1230 2615 1247 2655 c
1272 2588 1409 2659 Certum
1432 2597 1471 2656 est

362 2729 379 2768 c
402 2699 525 2793 requiri
548 2698 846 2795 promulgationem
864 2706 899 2765 ut
920 2697 974 2765 lex
995 2697 1139 2766 humana
1162 2719 1383 2791 quacumque.
1398 2699 1471 2768 ohli-
1517 2777 1518 2794 χ

362 2839 379 2879 o
402 2818 473 2901 get;
498 2831 556 2877 nec
575 2807 720 2898 obligare
734 2807 842 2898 legem
865 2829 885 2874 a
905 2805 1056 2899 Principe
1077 2806 1239 2876 decretam
1264 2817 1297 2877 et
1317 2807 1471 2900 publicari

364 2919 605 3005 «mandatam,
633 2917 690 2986 sad
719 2916 866 2986 nondum
896 2915 1137 3009 promulgatam
1166 2915 1293 2984 etiamsi
1323 2917 1471 3010 privatim
1517 2915 1518 3004 l

362 3034 692 3119 «cognosceretur...
716 3025 798 3108 Quae
815 3025 963 3093 doctrina
983 3024 1022 3094 da
1045 3023 1317 3116 promulgationis
1342 3025 1471 3094 necessi-

362 3165 379 3205 o
402 3145 466 3205 tate
490 3135 642 3228 prolege
666 3133 811 3226 qualibet
834 3133 990 3218 humana,
1010 3131 1106 3200 etiam
1132 3131 1311 3223 pontificia,
1337 3141 1375 3201 ut
1395 3139 1472 3201 certa

363 3272 380 3312 c
403 3254 435 3315 et
447 3243 630 3313 indubitata
643 3241 685 3310 ab
699 3242 852 3309 omnihus
867 3239 1092 3308 admittitur.»
1108 3237 1172 3308 Sed
1189 3239 1261 3309 haec
1276 3240 1388 3309 minus
1403 3263 1472 3308 con-

254 3413 260 3424 .
359 3352 497 3426 siderate
511 3350 596 3419 dicta
610 3349 737 3418 correxi
753 3348 960 3441 postmodnm
973 3346 1007 3414 in
1019 3353 1157 3415 tractatu
1169 3345 1209 3416 de
1222 3348 1325 3417 Curio
1338 3371 1472 3418 romana

361 3465 462 3555 (parte
477 3461 584 3546 tertia,
603 3460 744 3530 sectione
766 3459 888 3552 prima,
905 3459 1008 3550 capite
1025 3456 1198 3550 secundo);
1217 3457 1274 3526 ubi
1297 3459 1381 3528 duas
1404 3461 1473 3528 istas

361 3571 466 3640 theses
493 3567 731 3661 propugnavi:
762 3571 793 3634 1ο
814 3569 861 3636 An
883 3565 1110 3658 promulgatio
1134 3564 1181 3633 ad
1202 3565 1378 3657 ipsammet
1402 3568 1472 3658 lepis

360 3677 529 3746 essentiam
550 3676 725 3768 pertineat,
750 3675 836 3742 inter
857 3673 1002 3742 doctores
1027 3673 1295 3757 controvertitur;
1317 3679 1352 3741 2ο
1376 3674 1474 3744 Hodie

356 3806 419 3876 pro
434 3807 510 3853 vcra
527 3782 666 3852 tenendo
686 3779 817 3851 videtur
837 3780 1008 3863 sententio,
1026 3802 1099 3874 quae
1118 3791 1218 3871 negot
1233 3783 1472 3875 promulgatio·

360 3915 436 3961 non
451 3891 498 3960 od
511 3891 589 3980 lepis
603 3889 775 3958 essentiam
792 3887 970 3981 pertinere.

406 4011 449 4078 nt
477 4007 630 4100 quamvis
659 4006 838 4074 necessaria
862 4028 928 4074 non
952 4005 994 4072 sit
1016 4006 1124 4099 (prout
1149 4006 1293 4076 sentiunt
1317 4007 1472 4097 nonnulli)
1516 3995 1517 4060 ἶ

360 4115 579 4213 promulgatio
607 4136 650 4180 ex
680 4113 750 4203 ipsa
779 4113 861 4204 legis
889 4112 1037 4194 essentia,
1071 4114 1251 4182 necessaria
1280 4122 1388 4186 tamen
1416 4123 1469 4198 cst,
1516 4099 1517 4168 l

322 4257 325 4264 ·
358 4224 533 4294 fatentibus
551 4221 716 4309 omnibus,
731 4242 772 4288 ex
788 4219 952 4290 voluntate
974 4219 1164 4314 Principum
1171 4248 1180 4308 ;
1207 4222 1286 4316 quia
1309 4247 1424 4318 nempe
1438 4221 1471 4290 de
1516 4211 1517 4272 l
