3022 4950
465 475 549 526 roam
570 477 723 527 macrior.
1114 457 1153 522 35

54 609 130 700 dios,
147 621 287 685 externa
311 618 573 710 promulgatione
596 628 712 689 uotum
727 618 822 688 iaciat
848 617 1046 703 hominibus,
1062 617 1157 707 igno-

53 722 170 792 rabitur
184 731 218 793 et
231 725 354 796 nullius
367 729 428 798 erit
442 728 585 800 effectos.

86 830 227 901 Possunt
249 841 357 904 tamen
375 858 414 906 ca
432 857 506 930 quse
526 838 615 930 juris
636 837 794 908 naturalis
816 844 906 922 sunt,
932 843 1050 928 preter
1078 855 1154 927 pro·

51 937 275 1029 mulgeticnem
292 964 351 1034 per
368 943 481 1015 lumen
496 945 643 1014 naturale
655 943 845 1016 hominibus
864 943 1061 1034 ingenitum,
1077 965 1156 1035 pro-

51 1045 184 1136 mulgari
206 1049 302 1118 etiam
325 1059 460 1122 externo
481 1053 607 1139 medio,
629 1061 728 1146 prout
756 1050 984 1144 promulgetur
1009 1051 1065 1142 jus
1092 1074 1153 1143 po-

30 1152 175 1223 sitivum
195 1156 365 1246 divinom3
388 1168 419 1230 ct
443 1161 489 1230 sio
512 1170 645 1254 propter
667 1169 838 1230 externam
857 1159 1152 1251 promulgationem

30 1193 133 1330 lutam
157 1267 220 1333 snb
241 1268 372 1336 nomine
391 1269 476 1359 juris
500 1269 604 1338 divini
627 1269 758 1362 positivi
780 1267 1014 1361 comprehendi
1033 1267 1149 1337 solent.

53 1369 108 1438 Hoc
122 1372 219 1443 modo
234 1375 335 1444 multe
349 1377 436 1446 Deus
455 1377 598 1470 optimus
617 1379 784 1448 maximus
806 1377 928 1470 populo
951 1399 1011 1447 auo
1027 1375 1153 1446 israeli-

54 1476 103 1545 tico
114 1479 218 1548 edixit
228 1481 313 1572 juris
325 1485 483 1554 naturalis
498 1494 670 1578 praecepte,
684 1485 783 1554 simul
795 1506 871 1554 com
883 1483 1011 1575 legibus
1021 1483 1152 1576 positivi

52 1581 129 1671 juris.
147 1589 220 1658 lmo
233 1589 392 1683 disputari
406 1593 499 1680 solet,
515 1602 627 1664 utrum
651 1593 735 1663 ratio
755 1593 912 1678 humens,
936 1600 1034 1684 prout
1055 1601 1104 1660 est
1117 1592 1151 1660 in

55 1697 192 1780 presenti
214 1705 299 1768 statu
320 1722 362 1769 ex
386 1710 514 1793 peceato
529 1701 683 1792 originali
702 1700 933 1793 cupiditatibus
946 1699 1149 1787 obnubilato,

55 1799 96 1884 jue
108 1806 253 1874 naturale
266 1829 325 1898 per
344 1831 377 1876 se
400 1809 502 1878 solam
524 1809 709 1878 discernere
727 1807 893 1894 valuisset,
910 1806 1024 1876 saltem
1044 1805 1152 1899 quoad

55 1911 197 2004 principio
220 1937 295 2006 quae
321 1939 387 1986 uon
409 1927 487 1988 sunt
506 1920 644 1989 omnino
666 1918 765 1988 obvia
789 1925 825 1986 et
846 1915 976 2010 aliquali
1003 1915 1152 1986 discursu

56 2013 257 2107 dignoscenda
270 2034 358 2094 sunt.

89 2127 246 2199 dividitur
259 2141 368 2202 autem
380 2133 435 2225 jon
449 2135 601 2206 divinum
617 2135 794 2229 positivum
810 2135 844 2203 in
856 2142 951 2202 vetus
965 2143 998 2202 et
1016 2155 1151 2204 novum.

88 2239 114 2302 3.
129 2237 189 2306 Jns
208 2239 358 2310 diuinum
372 2255 463 2314 oeteo
477 2253 525 2313 est
537 2243 619 2314 illud
643 2241 731 2336 qnod
754 2241 842 2310 Deus
858 2243 895 2310 in
909 2239 1021 2310 Veteri
1036 2241 1150 2309 Testa-

57 2357 144 2416 nento
170 2351 238 2441 ipse
259 2352 403 2422 condidit
415 2363 447 2422 et
470 2365 539 2424 tum
556 2375 615 2446 per
636 2352 786 2443 angelos,
802 2359 872 2420 tum
896 2367 955 2442 per
970 2351 1104 2442 Moysen
1119 2358 1151 2417 et

57 2457 208 2547 prophetas
231 2461 330 2530 electo
357 2462 572 2533 Hebraeorum
594 2462 716 2555 populo
736 2459 887 2544 tradidit,
913 2467 949 2528 ut
976 2461 1019 2526 ad
1048 2457 1149 2553 finem

59 2573 166 2634 eternae
185 2567 393 2638 beatitudinis
415 2570 592 2662 perfidem
613 2571 648 2638 io
669 2569 836 2640 Christum
861 2573 1036 2635 venturum
1063 2565 1149 2635 obti-

60 2672 153 2740 uendae
174 2674 410 2767 disponeretur.
435 2678 587 2748 Continet
607 2687 716 2746 autem
743 2677 880 2768 triplicis
903 2678 1032 2767 generis
1061 2700 1149 2769 pree-

55 2787 137 2868 erpta,
155 2784 288 2853 morolio
310 2807 437 2877 nempe,
455 2787 598 2874 ritualia,
614 2795 647 2855 et
668 2786 853 2876 judicialin3
869 2787 1145 2878 quemadmodum

53 2883 183 2959 innuitur
197 2891 249 2962 his
262 2894 371 2962 verbis
384 2895 679 2984 Deuteronomio.
693 2917 739 2982 vr,
755 2916 788 2963 v.
810 2895 840 2984 l)
859 2921 866 2962 ι
882 2897 960 2964 Haec
972 2910 1047 2963 suut
1055 2919 1148 2988 prer-

53 3010 138 3085 σφεα,
155 3003 352 3073 caeremour'ae
365 3015 397 3072 et
406 3004 551 3098 judicia.

86 3104 241 3201 Praecepta
254 3112 390 3180 morolio
404 3121 551 3182 statuunt
574 3113 615 3182 de
638 3113 689 3182 his
708 3135 783 3205 quae
798 3135 839 3182 ex
855 3121 973 3182 natura
988 3135 1048 3182 sua
1070 3123 1147 3182 sunt

52 3209 124 3282 licita
136 3216 185 3283 vel
209 3218 334 3306 illicita,
350 3229 387 3290 ut
404 3229 482 3290 sunt
497 3229 658 3313 praecepta
682 3219 834 3310 Decologi
854 3221 889 3288 in
913 3221 1020 3291 Exodi
1040 3222 1144 3313 capite

53 3321 85 3384 to
100 3343 265 3394 enumero
288 3331 306 3394 3
331 3327 440 3397 relata.
468 3327 587 3398 «Sunt
605 3329 691 3419 juris
713 3326 872 3398 naturalis
896 3329 952 3419 (cit
976 3328 1146 3398 Sohmolz-

56 3452 68 3488 ι
85 3432 228 3520 grochm,
244 3434 379 3506 Dissert.
394 3457 551 3528 prooem„
567 3436 589 3527 ξ
605 3439 638 3524 3,
655 3457 688 3503 n.
705 3435 774 3525 33),
793 3457 830 3503 oo
843 3435 980 3525 proinde
992 3435 1146 3506 immuta-

56 3561 68 3596 a
86 3538 154 3608 bilia
177 3551 208 3610 et
221 3541 506 3634 indispensabilia3
534 3544 620 3637 quod
636 3542 774 3636 proinde
785 3541 840 3633 jus
856 3543 1003 3612 naturale
1022 3547 1146 3636 perjus

57 3668 67 3705 a
84 3651 250 3737 positivum
265 3652 414 3722 divinum
430 3653 494 3724 fuit
504 3653 678 3746 repetitum
694 3660 726 3721 et
741 3651 959 3743 explicatum
976 3653 1075 3744 idque
1091 3676 1147 3722 rn-

57 3756 161 3827 stione
189 3760 322 3851 optima.
358 3762 442 3830 Cum
469 3761 557 3830 enim
586 3759 721 3828 rationis
748 3758 859 3828 lumen
888 3779 947 3849 per
975 3769 1144 3850 peccatum

59 3865 171 3936 «etiam
186 3869 272 3937 eirca
287 3867 423 3937 morelio
435 3876 468 3937 et
486 3866 647 3936 naturalis
668 3873 829 3958 praecepte
850 3864 946 3934 valdo
966 3865 1064 3936 luerit
1084 3867 1146 3937 ob-

61 3974 247 4064 stoscatum,
275 3986 307 4046 et
327 3976 403 4044 iude
435 3976 570 4060 lactum,
599 3984 638 4044 ut
661 3974 702 4042 dc
729 3973 949 4044 humanorum
979 3975 1145 4044 actionum

60 4103 70 4140 ι
87 4081 215 4154 bonitate
230 4093 328 4176 amne
342 4083 465 4154 malitia
480 4084 651 4152 sinistrum
665 4103 754 4174 saepe
766 4082 928 4174 judicium
944 4082 1067 4171 tulerit,
1088 4107 1146 4153 ne·

30 4249 31 4286 r
59 4212 161 4260 samm
176 4201 245 4261 eret
259 4215 318 4285 per
341 4200 501 4284 praecepts
526 4191 665 4282 positiva
686 4199 718 4258 et
740 4212 798 4282 per
821 4191 1044 4260 auctoritatem
1065 4191 1148 4284 legis
