3064 4952
269 475 330 542 tol
623 493 797 542 rascrsrns
820 495 858 539 nn
881 493 1034 540 rumonus

310 634 387 705 Ideo
405 643 532 704 tantum
553 632 772 727 promulgatio
794 633 972 702 necessaria
992 631 1111 702 dicitnr
1132 655 1172 700 ex
1193 632 1267 723 jure
1283 639 1386 700 natu-

267 742 341 828 rali,
361 743 439 834 quia
461 765 536 811 cum
554 743 610 811 lex
632 749 732 812 totam
754 740 1019 811 communitatem
1042 740 1186 831 obligare
1211 738 1338 828 debeat,
1355 749 1389 807 et

267 861 375 920 umen
403 850 457 919 lex
488 851 599 942 ignota
627 850 773 944 obligare
804 859 954 943 nequeat,
981 856 1110 918 tenetur
1134 849 1300 940 legislator
1328 849 1389 918 toti

268 960 491 1029 communitati
513 958 618 1051 legem
636 967 745 1028 nomm
765 959 890 1048 facere;
905 955 992 1026 unde
1010 957 1158 1049 sequitur
1171 957 1266 1026 illum
1281 958 1389 1026 uneri

267 1067 310 1136 ad
325 1067 419 1136 talem
436 1066 686 1159 publicationem
700 1091 775 1161 quae
791 1067 884 1136 facile
902 1066 1002 1159 possit
1016 1065 1051 1133 in
1071 1064 1216 1134 notitiam
1236 1087 1390 1134 commu-

268 1178 378 1247 nitatis
395 1178 577 1271 pervenire.

312 1289 461 1373 Quonam
485 1298 594 1358 antem
620 1289 698 1375 ritu,
726 1287 887 1380 quibusve
914 1288 948 1356 in
973 1286 1053 1356 locis
1079 1284 1321 1379 promulganda
1345 1287 1392 1354 sit

268 1397 334 1485 lex,
346 1395 432 1465 nihil
443 1397 576 1465 omniuo
589 1394 782 1466 determinat
793 1397 848 1490 jus
863 1395 1022 1465 naturale.
1038 1394 1133 1477 Quod
1148 1393 1243 1462 fateri
1257 1403 1391 1464 coactus

269 1514 317 1573 est
337 1504 405 1596 ipse
426 1503 501 1572 Van
524 1504 631 1596 Espen
654 1532 661 1571 :
686 1507 760 1574 Non
784 1515 935 1596 apparet,
958 1503 1078 1596 inquit,
1094 1499 1134 1570 de
1156 1501 1284 1570 ratione
1308 1502 1392 1594 lepis

270 1633 344 1694 esse,
362 1610 591 1703 praeveniendo
612 1634 706 1681 omne
722 1613 783 1704 jus
801 1612 993 1705 positivum,
1011 1622 1050 1679 ut
1071 1611 1143 1703 ejus
1160 1610 1391 1702 promulgatio

269 1732 355 1787 certo
369 1742 408 1787 ac
423 1719 638 1788 determinato
653 1721 721 1788 ritu
734 1722 798 1812 fiat
820 1731 880 1789 out
899 1719 993 1788 certis
1014 1742 1052 1787 ac
1071 1715 1297 1786 determinatis
1311 1717 1393 1786 locis

270 1827 322 1896 lcu
341 1827 478 1920 publiea
503 1827 671 1920 adfigatur
693 1829 745 1897 vel
760 1827 998 1920 proclametur.
1019 1827 1077 1919 (De
1101 1826 1267 1919 promulg.
1290 1825 1390 1917 legis,

271 1958 346 2028 pars
362 1936 389 2023 1,
405 1958 433 2003 c.
450 1960 473 2024 1,
491 1935 512 2028 ᾖ
528 1937 574 2027 2.)
667 1931 670 1938 ’

313 2043 402 2134 Ergo
417 2050 484 2110 tota
503 2045 734 2132 controversia,
752 2043 859 2136 quoad
878 2044 933 2135 jus
951 2043 1112 2131 naturale,
1128 2041 1246 2136 pendet
1265 2043 1307 2110 ab
1327 2041 1392 2114 boc

269 2151 366 2219 nnioo
389 2157 532 2242 puncto:
552 2157 664 2220 utrum
685 2151 753 2220 sola
776 2152 995 2244 promulgatio
1014 2153 1129 2221 Romae
1150 2149 1234 2220 facta
1255 2151 1300 2219 sit
1319 2175 1394 2221 me-

270 2259 361 2330 dium
382 2259 579 2330 sufficienter
595 2259 748 2330 idoneum
768 2270 805 2330 nt
819 2260 900 2351 legis
919 2261 993 2330 latae
1015 2268 1046 2329 et
1065 2261 1281 2353 promulgata
1303 2269 1396 2330 certa

270 2370 411 2460 cognitio
434 2370 475 2438 ad
502 2393 613 2439 omnes
642 2369 792 2440 ecelesias
818 2369 988 2462 pervenire
1018 2369 1248 2438 convenienter
1272 2369 1390 2462 possit.

269 2477 397 2568 Negant
419 2478 459 2547 de
479 2479 599 2564 Marce,
617 2479 691 2550 Van
714 2479 821 2571 Espcn
844 2489 875 2548 at
896 2478 1058 2558 Zalwein3
1084 2478 1141 2546 sed
1166 2477 1239 2546 illos
1266 2478 1301 2546 in
1330 2478 1394 2547 bec

271 2587 454 2680 opinatione
480 2610 613 2680 prorsus
640 2609 764 2656 errasse
789 2589 992 2679 argumentis
1015 2588 1228 2680 sequentibus
1251 2587 1394 2658 demon·

272 2705 404 2768 stratur.

316 2806 358 2874 Πο
374 2805 528 2874 tenuitur
556 2807 652 2876 thesis
679 2807 777 2898 lonpa
800 2810 1024 2876 Romanorum
1042 2808 1150 2902 proxi
1176 2807 1288 2898 quoad
1307 2808 1394 2899 leges

272 2937 347 2983 suus
362 2914 480 2982 ciuiles.
489 2913 677 3007 -Antiqui
691 2914 832 2984 Romani
847 2937 1015 3008 nunquam
1031 2916 1118 3008 leges
1132 2939 1207 2984 suas
1220 2917 1394 2986 mittebant

272 3021 314 3091 ad
330 3022 517 3114 provincias
533 3030 569 3091 ut
582 3020 628 3089 ibi
651 3021 939 3115 promulgarentur
955 3051 962 3091 :
978 3022 1033 3092 sed
1048 3047 1102 3092 cas
1117 3047 1181 3094 aere
1200 3023 1343 3116 sculptas
1358 3025 1395 3093 in

274 3151 411 3198 romana
427 3129 517 3198 Urbe
542 3152 600 3222 per
622 3139 687 3199 tres
711 3129 876 3200 nundinas
899 3130 1119 3201 consecutivus
1134 3131 1342 3224 exponebant
1357 3133 1393 3200 in

270 3237 349 3308 locis
379 3235 519 3327 publicis
541 3237 660 3329 quibus
689 3237 793 3329 major
821 3238 932 3331 populi
957 3260 1134 3309 concursus
1156 3239 1228 3308 fieri
1253 3240 1390 3308 solebat.

273 3348 337 3432 Qui
361 3371 431 3418 mos
459 3370 525 3416 non
554 3356 680 3416 tantum
708 3344 899 3439 reipublicae
919 3354 1065 3438 tempore
1089 3346 1206 3437 viguit,
1225 3345 1392 3416 sedetiam

272 3465 383 3549 postca
406 3453 577 3524 subsecuto
603 3453 751 3546 imperio.
776 3453 908 3522 Primus
921 3453 1009 3521 enim
1025 3453 1173 3522 omnium
1189 3452 1394 3525 Justinianns

270 3563 458 3654 imperator,
486 3583 572 3629 anno
597 3559 719 3630 Christi
754 3563 829 3647 538,
846 3560 1143 3652 promulgationem
1160 3561 1194 3628 in
1215 3561 1394 3654 provinciis

273 3669 483 3763 praescripsit.
511 3669 582 3737 lmo
608 3667 699 3737 illam
723 3690 788 3737 non
814 3669 1014 3760 praescripsit
1028 3668 1136 3760 quoad
1150 3669 1237 3760 leges
1265 3691 1391 3753 omnes,

274 3779 329 3848 sed
357 3785 483 3846 tantum
509 3776 618 3870 quoad
642 3799 734 3847 suam
749 3775 919 3846 Novellam
938 3776 979 3845 de
994 3775 1220 3864 Testamentis‚
1236 3775 1393 3868 praedicto

272 3913 358 3960 anno
391 3890 550 3975 edictam3
580 3889 654 3957 licet
679 3896 789 3982 postea
823 3887 894 3956 baec
921 3887 1027 3957 forme
1051 3885 1324 3980 promulgationis
1353 3884 1391 3953 ad

275 4022 387 4068 omncs
409 3998 497 4088 leges
519 3997 703 4089 imperiales
719 4004 852 4065 extensa
868 3996 978 4065 luerit.
1006 3997 1105 4086 Ergo,
1129 3995 1157 4063 si
1173 3993 1394 4088 promulgatio

275 4109 309 4177 in
334 4106 510 4200 provinciis
532 4107 713 4175 necessaria
727 4108 771 4174 sit
783 4107 823 4175 de
837 4107 912 4198 jure
930 4104 1084 4194 naturali,
1100 4112 1238 4174 errasset
1253 4127 1313 4198 per
1327 4115 1393 4174 tum

276 4215 379 4285 multa
405 4215 525 4285 saecula
549 4215 634 4283 circa
658 4215 713 4307 jus
729 4215 875 4285 naturale
892 4214 1065 4307 imperium
1088 4213 1273 4282 Romanum
1289 4241 1298 4302 3
1316 4235 1391 4302 ergo
