3048 4954
298 459 337 522 95
652 477 825 524 rmcravus
849 477 886 524 na
909 477 1063 526 rnrncrrus

299 645 314 682 v
339 618 461 709 pollent
479 618 526 699 vi,
548 640 607 684 nec
626 619 672 686 eis
695 617 896 709 derogarunt
921 620 1109 688 novissimae
1131 620 1209 688 anni
1235 622 1318 687 1823
1339 641 1420 688 con·

299 752 317 790 «
339 727 538 812 stitutiones;
565 725 687 818 quibus
707 727 774 795 imo
797 729 942 796 canonici
966 728 1096 796 solliciti
1119 729 1210 796 fuere
1228 737 1264 795 ut
1282 729 1420 820 antiqua
1511 771 1512 816 3

299 861 315 898 a
336 833 413 924 jura
434 843 622 902 sartatecta
645 845 823 916 manerent,
851 835 955 903 editas
974 835 1062 925 leges
1078 845 1181 904 certos
1194 837 1280 903 intra
1293 837 1420 904 limites
1511 831 1512 840 ¹

299 970 316 1008 a
339 944 384 1011 ita
399 943 586 1012 cohibentes
603 969 610 1010 :
629 943 740 1028 Salvis
762 945 977 1012 nihilominus
1003 957 1034 1012 et
1053 946 1189 1036 intepris
1208 945 1421 1014 monentibus

297 1077 314 1115 o
338 1052 391 1118 vel
410 1051 445 1118 a'rr
468 1073 525 1120 suo
538 1051 652 1120 robore
664 1052 824 1120 institutis
830 1053 967 1144 juribus
982 1054 1132 1122 omnibus
1145 1069 1206 1122 ortt
1216 1057 1423 1146 praerograti-

300 1188 314 1226 (ι
339 1159 398 1241 vis,
424 1160 540 1250 quibus
555 1159 699 1250 lepitr'me
712 1160 905 1250 potiebatur
918 1163 1102 1253 capitulum
1117 1163 1255 1230 ecclesian
1271 1163 1422 1232 Dertdo-

299 1295 316 1332 «
339 1268 457 1349 nmis,
479 1291 515 1336 eo
536 1268 633 1336 modo
656 1291 721 1360 quo
745 1280 850 1336 censet
867 1291 1015 1336 summus
1038 1271 1190 1360 Pontifex
1205 1271 1285 1338 Pius
1307 1273 1367 1338 Vll
1383 1271 1421 1336 in
1512 1291 1513 1320 ἲ

299 1403 316 1442 c
338 1399 399 1445 suo
412 1376 655 1444 constitutione.
674 1403 690 1439 s

338 1484 519 1553 Declaratio
546 1493 655 1552 autem
686 1483 795 1551 Sacrae
819 1483 1090 1574 Congregationis
1112 1486 1147 1552 in
1172 1487 1317 1554 favorem
1335 1487 1420 1578 Epi-

293 1592 394 1684 scopi,
424 1601 538 1659 contra
564 1591 700 1682 capituli
728 1599 928 1682 praetensum
954 1593 1010 1684 jus
1032 1616 1107 1661 suas
1137 1592 1299 1661 retinendi
1328 1595 1418 1661 anti·

293 1725 374 1794 quas
389 1701 640 1770 consuetudines
654 1707 686 1767 et
702 1701 950 1790 praerogativas,
965 1704 1129 1770 emanavit
1145 1701 1197 1769 die
1216 1706 1255 1769 12
1271 1712 1417 1793 septem-
1513 1777 1514 1800 ,

293 1810 362 1877 bris
380 1813 477 1876 1829.

338 1920 387 1986 Ex
403 1917 594 2009 »praemissis
610 1917 812 1986 documentis
832 1925 957 1986 constat
979 1922 1010 1985 1⁰
1030 1919 1072 1986 ab
1087 1919 1259 2012 Episcopis
1272 1919 1414 1988 Dertho—

291 2027 384 2094 nensi
411 2036 443 2093 et
468 2025 613 2094 Niciensi
640 2033 795 2115 tanquam
827 2039 948 2093 certam
981 2027 1126 2094 habitam
1162 2025 1263 2094 luisse
1294 2027 1413 2094 thesim

292 2157 390 2226 quam
407 2133 629 2216 defendimus3
650 2155 708 2222 per
720 2133 827 2200 bullas
842 2155 958 2225 nempe
982 2134 1032 2200 Pii
1045 2134 1108 2203 Vll
1134 2136 1294 2202 exstincta
1309 2135 1415 2202 fuisse
1514 2213 1515 2216 Ἴ

293 2267 358 2310 nou
380 2251 508 2310 tantum
534 2241 684 2308 ecclesias
713 2241 910 2332 episcopales
936 2241 1288 2333 archiepiscopalesque
1314 2252 1414 2332 atquc

292 2352 446 2444 capitula,
479 2349 535 2418 sed
567 2351 662 2417 etiam
688 2350 788 2417 simul
813 2350 924 2417 omnia
947 2372 1061 2418 eorum
1088 2350 1259 2441 privilegia
1278 2350 1414 2418 etanti-

290 2487 371 2557 qnas
384 2462 652 2540 consuetudinem
671 2463 715 2530 ita
737 2472 774 2529 ut
793 2461 982 2551 hujusmodi
1004 2461 1180 2551 peculiaria
1195 2463 1316 2552 quihus
1331 2460 1413 2527 olim

292 2572 486 2639 fruebantur
505 2572 593 2660 jura,
621 2569 661 2638 ad
679 2570 806 2637 noviter
824 2576 946 2636 erectas
961 2568 1110 2636 ecclesias
1134 2578 1166 2636 et
1190 2567 1330 2659 capitula
1347 2567 1414 2636 mi·
1515 2571 1516 2618 t

292 2680 380 2745 nime
403 2677 557 2744 transisse
584 2675 744 2743 censenda
776 2677 852 2742 sint.
887 2679 920 2740 2ο
953 2676 1109 2746 Eamdem
1140 2689 1280 2747 mentem
1309 2680 1413 2748 luisse

291 2785 621 2853 eminentissimorum
660 2784 931 2873 Cougrcgationis
968 2787 1096 2854 concilii
1132 2788 1292 2874 Petrum,
1334 2791 1414 2856 satis

290 2897 433 2963 innuunt
460 2903 645 2960 memoratae
679 2892 921 2960 declarationes.
949 2895 1034 2963 Dum
1070 2896 1157 2964 cuim
1181 2897 1343 2966 deliniunt
1368 2899 1412 2964 ad

291 3002 532 3070 Derthouenses
556 3009 588 3067 et
610 3001 776 3068 Nicienses
795 3001 970 3068 canonicos
989 3003 1123 3072 miuime
1139 3006 1300 3096 pertinere
1314 3027 1412 3095 quae-

289 3118 364 3183 dam
390 3115 523 3204 antiqua
540 3111 617 3201 jura
643 3110 683 3176 de
711 3109 831 3200 quibus
853 3108 1103 3199 disceptabatur,
1132 3111 1192 3179 hoc
1220 3112 1291 3203 ipso
1320 3112 1412 3180 indi-

288 3233 374 3292 recte
392 3230 529 3290 mentem
547 3241 639 3286 suam
657 3216 696 3283 de
713 3216 881 3282 exstinctis
896 3218 1076 3304 generatim
1090 3241 1148 3309 per
1161 3220 1257 3286 Pium
1276 3219 1337 3287 Vll
1350 3243 1411 3288 ve-

290 3332 416 3400 teribus
431 3325 723 3396 consuctudinibus
741 3332 773 3390 et
795 3321 976 3413 privilegiis
990 3324 1189 3392 sufficienter
1208 3327 1320 3394 Patres
1336 3351 1410 3395 ma-

289 3439 454 3507 nifestant.
473 3435 509 3503 Si
521 3435 609 3502 enim
624 3430 883 3523 supervixissent
897 3429 1183 3523 hujusmodijura,
1201 3457 1266 3503 non
1276 3436 1409 3504 videtur

288 3568 389 3637 quere
405 3542 553 3636 praedicti
567 3539 715 3608 canonici
726 3561 823 3607 causa
837 3538 1038 3606 cecidissent.

337 3655 394 3722 llis
426 3650 671 3720 auctoritatibus
699 3647 797 3714 aliam
828 3669 893 3714 uon
920 3647 1013 3737 parvi
1031 3647 1212 3718 faciendam
1232 3673 1410 3743 possumus

289 3771 454 3844 attexere;
492 3757 749 3827 Eminentissimi
777 3777 893 3846 nempe
919 3754 1092 3824 cardinalis
1118 3757 1233 3846 Orioli,
1263 3784 1360 3851 quem
1391 3785 1409 3830 e

290 3873 376 3940 vivis
390 3877 538 3960 creptum
561 3866 671 3957 paucis
686 3864 809 3950 ,abhinc
829 3863 943 3931 diebus
965 3863 1097 3954 lugebat
1119 3865 1235 3934 Roma.
1258 3871 1288 3934 A
1310 3867 1411 3939 Sacra

288 3977 546 4068 Congregatione
572 3973 807 4065 Episcoporum
838 3982 869 4040 et
901 3971 1120 4060 regularium,
1152 3977 1291 4066 negotiis
1320 4001 1409 4068 prae·

290 4089 408 4180 posita,
425 4085 645 4177 postulaverat
668 4081 802 4172 quidam
821 4081 935 4150 Gallice
958 4082 1085 4150 Praesul
1107 4082 1230 4152 licitum
1250 4086 1409 4156 declarari

289 4216 384 4268 nsum
409 4194 519 4284 plures
546 4188 652 4259 media
672 4198 763 4258 nocte
781 4189 814 4256 in
835 4187 943 4257 Natali
967 4191 1082 4260 missas
1100 4191 1284 4262 celebrandi
1304 4203 1335 4262 ct
1354 4219 1407 4266 sa-
