3050 4946
307 379 369 446 tto
662 401 838 445 TRACTATUS
861 401 899 444 m:
922 401 1076 446 rntscrrns

303 541 413 626 scribit
426 542 522 608 illum
535 553 712 608 moratum
726 563 791 608 esse
806 541 840 608 in
851 543 1045 610 membrana
1054 543 1301 634 antiquissima,
1315 543 1432 610 titteris

297 671 374 741 pru
398 661 557 716 ostentate
584 649 854 728 evanescentibus,
883 663 913 716 et
937 661 1070 716 atatem
1086 654 1151 717 700
1166 663 1228 717 aut
1245 655 1310 716 800
1327 674 1432 718 anno

304 779 380 824 rum
408 755 632 846 referentibus.
666 755 705 844 (T
706 755 859 822 tanslatio
888 777 930 824 ex
958 757 1067 825 italien
1100 767 1206 843 textu,
1236 783 1256 824 n
1284 759 1434 826 Zecccria

306 865 421 950 relato,
448 865 482 930 in
507 863 708 931 Bibliotheca
737 863 866 942 rituali,
896 864 978 930 tomi
1004 864 1036 932 ΙΙ
1059 873 1150 955 parte
1179 869 1213 950 2,
1236 865 1369 932 dissert.
1398 870 1431 942 2,

304 999 338 1066 p.
357 997 444 1058 cmm,
460 973 538 1042 edit.
555 973 684 1057 Rcmae,
705 975 815 1060 1781.)

350 1081 507 1150 Exstsbnt
530 1089 638 1149 sutem
662 1088 694 1147 et
719 1079 804 1148 elius
821 1081 855 1147 in
880 1080 986 1148 Gallis
1002 1083 1125 1150 Diurrei
1137 1082 1254 1168 uidex,
1273 1093 1311 1150 nt
1326 1084 1363 1150 in
1376 1106 1434 1150 en-

306 1193 380 1260 dem
404 1189 540 1282 epistoln
564 1211 598 1256 sc
620 1211 639 1254 a
658 1188 800 1256 Lnbbaen
821 1188 972 1256 didicisse
997 1191 1432 1258 teststiirPossinus21am

306 1323 380 1368 vero
403 1297 504 1366 eaden
517 1297 572 1364 ille
597 1299 724 1385 (nempe
739 1295 796 1386 qui
813 1295 847 1362 in
865 1295 1018 1364 manibus
1032 1297 1071 1364 P.
1089 1297 1236 1388 Lnbbtei)
1250 1301 1432 1388 conformis

305 1423 351 1476 est
373 1411 415 1496 21)
445 1407 544 1474 alteri
556 1427 653 1496 quem
668 1403 858 1495 possederat
877 1404 1031 1472 dontinus
1054 1405 1094 1473 de
1111 1408 1284 1474 monetat
1300 1407 1433 1493 (Archi-

305 1520 475 1610 cpiscopus
497 1515 703 1603 tolosanus),
725 1528 756 1581 et
771 1515 829 1605 qni
841 1538 929 1582 nuuc
944 1516 977 1582 in
994 1516 1187 1584 bibliotheca
1201 1517 1332 1584 domini
1346 1520 1432 1585 Fou-

306 1640 381 1718 puet
396 1640 592 1696 ossnuotur.
609 1628 675 1692 Nec
687 1626 789 1692 scitur
804 1625 940 1692 Parisiis
956 1638 1084 1694 exstare
1099 1627 1195 1696 aliud
1218 1627 1297 1694 libri
1311 1628 1433 1694 Diurni

308 1737 488 1826 exemplar.

353 1847 450 1912 Anno
474 1864 554 1931 ergo
581 1845 678 1926 ¹680,
701 1843 740 1909 Ρ.
764 1843 943 1910 Garnerius
968 1843 1111 1911 codicem
1135 1844 1238 1912 edidit
1255 1844 1352 1912 illum
1376 1845 1431 1936 qui

308 1956 414 2023 fuerat
432 1952 519 2043 apud
539 1950 577 2018 P.
600 1950 816 2019 Sirmundum
837 1961 869 2019 et
890 1961 1001 2043 postea
1018 1953 1105 2044 spnd
1128 1954 1167 2021 P.
1187 1953 1311 2034 labbe,
1327 1963 1361 2021 et
1377 1955 1431 2044 qni

306 2071 355 2130 est
378 2062 412 2128 in
432 2059 544 2128 multis
563 2058 712 2127 diversus
734 2059 776 2126 ab
798 2081 837 2127 co
858 2083 925 2150 quo
945 2083 1025 2128 usus
1046 2061 1153 2128 fuerat
1171 2061 1286 2129 Romae
1302 2061 1431 2128 Holste-

308 2171 394 2238 nius.
419 2169 519 2235 Notas
542 2173 574 2232 ct
593 2165 833 2234 dissertationes
854 2165 972 2256 adjecit
987 2167 1118 2234 eximiae
1134 2167 1340 2252 cruditionis,
1359 2168 1431 2234 lieet

308 2281 342 2346 in
367 2278 564 2369 quibusdam
590 2276 807 2364 castigandas,
829 2277 874 2342 ait
900 2277 1062 2361 Zaccsris,
1079 2287 1190 2368 utpote
1210 2301 1284 2369 qnae
1305 2277 1430 2370 aliquid

307 2412 347 2456 cx
364 2388 470 2476 gentis
484 2409 552 2454 sure
569 2384 795 2476 praejudicotis
811 2385 1020 2475 opinionibus
1039 2389 1190 2456 retinent.

352 2496 437 2564 Dicit
461 2510 569 2563 sutem
588 2495 625 2561 P.
647 2493 826 2561 Garnerius
840 2517 860 2562 c
873 2515 906 2561 se
922 2517 1009 2563 nnnc
1021 2496 1173 2586 primum
1186 2498 1220 2564 in
1235 2497 1343 2565 lucem
1360 2498 1432 2565 cdi-

223 2644 226 2650 ·
308 2616 377 2674 tum
393 2604 515 2671 librum
531 2601 711 2684 Diurnum3
728 2623 769 2668 ex
786 2624 852 2692 quo
866 2603 1014 2692 sequitur
1025 2605 1169 2692 ignotam
1184 2604 1232 2672 illi
1245 2605 1346 2672 fnisse
1359 2607 1431 2673 Rc-

308 2734 438 2782 manem
465 2708 623 2777 Holstcnii
639 2707 826 2776 editionem.
840 2709 908 2776 Nec
922 2711 1059 2797 mirum,
1076 2734 1152 2779 cum
1169 2734 1344 2802 suppressa
1359 2715 1430 2781 hmo

307 2821 417 2889 fuerit.
443 2816 537 2900 Quod
563 2825 670 2884 sutem
696 2815 868 2884 Holstenio
894 2818 1065 2903 acciderat,
1095 2819 1179 2887 idem
1204 2820 1241 2887 Ρ.
1272 2821 1430 2890 Gamerio

308 2927 480 2996 imminere
508 2946 621 2992 rumor
648 2945 780 3013 sparsus
807 2932 866 2992 est.
895 2924 943 2991 its
969 2924 1058 3015 quod
1086 2925 1145 2993 hac
1168 2927 1254 2994 fama
1278 2926 1431 3018 deceptus

310 3039 348 3107 P.
372 3032 572 3125 Papebroch‚
601 3029 775 3098 crediderit
798 3031 948 3099 Gesnerii
967 3033 1091 3100 librum
1111 3033 1210 3102 fuisse
1230 3057 1345 3102 revera
1364 3036 1432 3103 Ro·

309 3167 372 3214 mae
388 3167 407 3210 a
423 3140 672 3230 congregatione
691 3138 811 3206 Indicis
824 3140 1005 3207 confixum.
1024 3141 1114 3208 Licet
1127 3163 1204 3208 vero
1224 3143 1339 3210 Romen
1353 3152 1431 3211 tunc

307 3255 469 3344 agitatum
497 3248 595 3316 fuerit
620 3256 731 3316 utrum
759 3250 793 3315 in
816 3248 926 3316 Indice
952 3250 1160 3339 reponendus
1179 3261 1262 3320 esset
1282 3251 1378 3338 liber,
1404 3265 1432 3320 et

308 3362 350 3430 ob
370 3361 498 3428 easdem
523 3357 603 3424 forte
631 3357 772 3425 rationes
799 3381 874 3448 quie
905 3359 1155 3427 Holstcnianum
1180 3361 1430 3452 impediverant,

307 3478 416 3538 tamen
439 3464 536 3534 hodie
558 3471 682 3532 constet
709 3464 839 3532 nullum
864 3465 1145 3535 condemnationis
1174 3469 1292 3537 exiisse
1318 3469 1432 3538 decre-

307 3587 390 3646 tum.

353 3688 405 3752 An
431 3693 462 3750 ct
481 3683 536 3750 ubi
560 3705 648 3751 nunc
672 3689 801 3750 exstent
824 3682 890 3750 duo
911 3682 1028 3750 Gallice
1047 3685 1187 3770 codices,
1212 3687 1428 3775 ignoramus:

308 3795 494 3862 Romanum
518 3813 597 3860 vero
621 3813 697 3860 cum
724 3790 836 3858 multis
856 3790 1017 3860 Holstenii
1040 3793 1098 3882 qui
1113 3815 1152 3862 eo
1172 3816 1254 3862 usus
1271 3804 1319 3863 est
1334 3797 1429 3878 notis,

340 4059 373 4118 (1)
394 4055 482 4119 Agitur
503 4053 534 4103 de
555 4053 733 4104 conformitate
754 4055 839 4118 quoad
860 4055 973 4120 phrasim
990 4059 1090 4107 tentum
1104 4058 1137 4107 de
1149 4071 1200 4122 quc
1212 4059 1359 4124 inquirebat
1371 4061 1428 4110 Cer·

310 4137 403 4189 [tinctis
422 4135 563 4188 barberini.
