3068 4948
496 463 578 512 uuus
601 463 751 510 cruourcr.
1117 449 1179 516 293

61 601 151 670 Nova
181 601 337 670 beneficia
365 603 448 691 baec,
479 625 544 672 non
573 627 658 672 nova
689 602 788 673 Sedes
815 603 1001 696 Apostolica
1027 613 1177 699 potestas.

103 709 194 800 Ergo
215 711 353 802 quaestio
368 710 521 780 historica
536 711 587 780 vcl
604 711 828 780 fraudulenter
844 712 896 782 vel
910 713 1018 807 inepte
1033 716 1179 808 ponitur,

61 817 138 887 dum
155 817 318 911 quaritur
333 825 444 888 utrum
456 819 535 888 olim
551 819 738 912 Apostolica
747 817 847 889 Sedes
860 821 1014 914 beneficia
1025 825 1180 894 vacantia

61 926 246 996 contulerit.
273 927 398 1020 Siquis
419 935 527 997 autem
551 929 675 998 sincera
701 928 885 1022 expendere
907 930 987 1000 velit
1004 955 1046 1000 an
1069 955 1183 1003 revera

61 1042 202 1126 potestas
226 1035 384 1104 Romana
411 1033 517 1124 Sedis,
545 1059 610 1128 qua
634 1037 870 1107 beneficiorum
901 1039 1088 1110 collationes
1116 1042 1179 1110 sibi

60 1165 78 1210 a
106 1141 303 1212 duodecimo
329 1144 449 1212 saeculo
480 1143 641 1232 attribuit,
680 1143 816 1214 dicenda
846 1147 888 1215 sit
917 1169 1018 1216 necne
1055 1149 1183 1218 novitas

60 1260 131 1340 post
151 1249 251 1319 falsas
270 1251 445 1320 decretales
464 1251 659 1339 introducta,
685 1253 859 1346 exquirere
879 1255 973 1324 debet
992 1263 1104 1326 utrum
1120 1281 1180 1350 po-

61 1367 210 1428 testatem
233 1359 267 1428 in
289 1359 447 1428 beneficia
471 1361 580 1454 qualia
605 1362 786 1456 antiquitus
805 1363 987 1449 exstabant,
1009 1363 1043 1432 id
1062 1374 1123 1455 est,
1146 1367 1181 1435 iu

61 1472 145 1540 bona
175 1471 389 1541 ecclesiastica
414 1469 492 1539 olim
518 1468 643 1538 clericis
668 1469 887 1539 sustentandis
909 1471 1076 1561 attributa,
1114 1473 1181 1544 lio·

63 1581 149 1649 mani
171 1580 342 1650 Pontificio
361 1578 575 1647 exercuerint.
597 1577 633 1646 Si
657 1578 809 1646 reseratis
826 1578 972 1649 historiae
988 1603 1179 1650 monumen-

63 1689 100 1755 tis
116 1687 310 1780 hujusmodi
333 1686 497 1780 potcstatis
522 1686 713 1755 exercitium
735 1695 809 1756 autc
823 1687 919 1756 falsas
941 1687 1057 1758 Isidori
1072 1689 1181 1758 decro-

64 1795 138 1864 tales
162 1796 378 1890 reperiamus,
407 1795 558 1886 gallicani
580 1794 763 1886 systematis
788 1793 828 1863 de
852 1803 1013 1887 praetensa
1041 1798 1181 1868 novitate

63 1905 349 1976 declamationibus
365 1904 610 1976 valedicendum
626 1915 683 1973 est.
703 1907 806 1974 Porro
825 1933 832 1973 :

104 2017 144 2085 ll.
162 2015 299 2085 Certum
320 2023 368 2084 est
386 2015 552 2084 Romanos
566 2013 741 2083 Pontifices
756 2021 945 2106 potestatam
962 2015 995 2081 in
1012 2015 1179 2103 beneficia,

64 2127 170 2217 qualia
190 2149 251 2219 pro
274 2133 418 2218 tempore
445 2125 628 2214 exstabant,
662 2135 736 2194 anta
762 2125 857 2194 falsas
884 2125 1057 2194 decretales
1081 2149 1181 2196 exer-

64 2236 165 2303 cuisse
185 2263 193 2302 :
215 2263 231 2300 a
255 2232 439 2321 Paullinns‚
465 2233 645 2325 Episcopus
667 2233 806 2302 civitatis
828 2233 1028 2302 Permodicae
1052 2235 1086 2303 in
1105 2257 1181 2327 pro·

68 2369 83 2406 a
104 2342 213 2411 vincia
228 2341 420 2412 Brutiornm
443 2341 511 2408 sive
526 2341 559 2408 in
574 2339 736 2428 Calabria,
760 2348 831 2432 post
845 2339 983 2410 civitatis
996 2363 1064 2410 sum
1081 2342 1182 2411 cccle-

69 2477 82 2512 ιι
104 2449 228 2541 siaeque
256 2457 286 2518 et
317 2448 501 2518 monasterii
532 2448 736 2517 eversionem
763 2471 783 2516 a
809 2447 956 2518 barbaris
985 2449 1113 2536 factam,
1146 2451 1180 2519 in

68 2583 82 2620 a
104 2557 249 2626 Siciliam
263 2557 404 2645 secessit,
422 2556 625 2648 donatusque
645 2565 692 2624 est
708 2579 727 2624 a
746 2555 904 2647 Gregorio
919 2555 1038 2648 Magno
1053 2555 1181 2628 abbatia

69 2693 83 2728 a
104 2673 134 2733 et
156 2665 316 2756 regimine
337 2664 523 2732 monasterii
550 2665 652 2732 sancti
672 2662 835 2734 Theodori
861 2664 894 2731 in
915 2663 1046 2732 civitate
1061 2665 1180 2735 Messi-

69 2799 83 2838 α
105 2773 209 2842 nensi.
233 2772 376 2842 Collator
399 2771 496 2863 hujus
517 2771 665 2840 beneficii
680 2779 750 2840 erat
765 2771 944 2864 Episcopus
958 2774 1179 2854 Messincnsis3

69 2909 84 2944 a
106 2881 180 2951 idco
195 2894 226 2948 et
242 2880 335 2949 illum
349 2880 520 2948 certiorem
536 2879 583 2948 rci
600 2879 696 2948 totius
709 2879 783 2948 fecit
798 2879 989 2968 Gregorius,
1012 2889 1049 2950 nt
1063 2904 1104 2950 ne
1117 2882 1180 2951 ad-

69 3017 83 3054 c
105 2990 241 3059 dictaret
267 3011 348 3077 sese,
380 2989 474 3080 quasi
504 3009 538 3056 se
565 2988 667 3057 inscio
696 2987 821 3081 aliquid
851 2987 884 3054 in
908 2988 1094 3082 episcopatu
1120 3015 1179 3061 suo

70 3109 283 3170 «novaretur
315 3128 322 3168 :
357 3103 467 3185 Quom
492 3121 572 3182 rem,
601 3098 707 3192 inquit
737 3097 782 3190 (in
807 3097 941 3188 epistola
969 3099 1009 3168 ad
1041 3100 1180 3170 Felicem

70 3237 84 3272 a
105 3211 214 3303 Episc.
231 3209 377 3296 Messin,
394 3211 416 3278 l.
435 3211 461 3297 l,
478 3210 571 3301 epist.
593 3208 661 3300 38),
680 3207 881 3276 omousiani
895 3222 961 3278 saa
980 3210 1180 3279 innotescen-

71 3345 85 3381 ιι
106 3319 187 3387 dam
208 3318 429 3409 providimus,
456 3339 497 3385 ne
517 3329 548 3386 te
564 3317 693 3399 omisso,
715 3315 846 3408 aliqatid
861 3316 1054 3386 ordinatum
1073 3319 1109 3387 in
1122 3333 1181 3388 trra

72 3455 85 3490 a
107 3427 236 3497 dioecesi
255 3427 462 3496 contristeris.
489 3454 505 3490 a
530 3425 787 3518 (Thomassinns,
809 3433 900 3517 parte
920 3427 1044 3512 11,1.1,
1062 3449 1090 3494 c.
1111 3430 1177 3518 u.)

69 3534 126 3603 Ubi
154 3535 285 3605 videtur
307 3543 454 3604 sanctum
482 3533 677 3624 Gregorfum
703 3532 861 3623 Magnum
891 3532 1041 3626 Episcopi
1068 3535 1182 3605 Messi-

69 3647 171 3714 nensis
198 3665 392 3714 consensum
419 3666 477 3711 nec
501 3643 630 3736 petiisse
654 3664 712 3710 nec
739 3640 962 3732 praestolatum
992 3665 1073 3729 esse,
1102 3643 1180 3713 dum
1269 3729 1273 3738 .

69 3750 237 3840 apostolica
251 3751 439 3820 auctoritate
455 3750 640 3818 conferebat
662 3747 869 3834 beneficium,
892 3747 985 3841 cujus
1005 3749 1183 3844 Episcopus

69 3857 116 3927 ille
135 3860 269 3930 collator
289 3858 475 3930 ordinarius
495 3869 574 3928 erat.
596 3859 682 3949 Ergo
698 3883 759 3951 pro
774 3858 834 3926 bac
849 3857 918 3926 uice
933 3857 1047 3928 saltem
1062 3860 1182 3930 Roma·
1212 3940 1216 3952 Ι

70 3989 126 4036 nna
145 3969 298 4039 Pontifex
320 3968 526 4038 collationem
542 3967 620 4037 dicti
634 3967 786 4037 beneficii
810 3965 969 4059 privative
990 3965 1030 4036 ad
1051 3969 1184 4040 collato-

71 4095 132 4142 rem
148 4076 355 4145 ordinnrium
370 4075 431 4144 sibi
447 4075 635 4145 reservavit.

111 4182 197 4252 ldem
222 4182 373 4254 Pontifex
393 4184 433 4254 ad
455 4184 653 4278 Episcopum
673 4184 902 4277 lrnportunum
920 4183 1005 4254 misit
1021 4186 1187 4280 presbyte-
