3068 4948
250 507 311 574 ott
603 525 778 572 nnncnenus
801 525 839 569 nn
862 523 1016 571 enineseus

248 632 363 712 sentio,
382 651 454 722 queo
468 649 531 721 per
544 630 723 699 Romulum
735 627 911 698 diaconum
984 627 1139 697 dommus
1154 625 1362 706 destinanda,

248 739 393 830 quisquis
409 761 506 830 super
526 738 577 806 tu
591 739 741 808 omnibus
764 752 824 808 out
837 750 1041 830 contemptor
1056 749 1115 804 aut
1130 737 1294 828 mplipms
1308 737 1367 804 de-

244 844 467 937 protendetur
478 846 627 914 Antistes.
648 846 803 935 (Concilio
815 845 991 930 Haeduini,
1007 855 1031 912 t.
1054 845 1096 932 ll,
1113 867 1146 936 p.
1171 845 1259 934 892.)

292 954 390 1021 Anno
408 957 482 1021 502.
499 992 545 1006 -
559 952 777 1044 Symmachus
788 953 877 1044 Papo
891 954 1084 1022 decretalem
1097 973 1190 1020 suem
1202 951 1244 1019 ad
1255 952 1367 1020 Goese-

249 1061 335 1127 rium
362 1059 584 1130 Arelateusom
604 1061 802 1152 Episcopum
822 1061 867 1128 sic
889 1059 1075 1130 concludit:
1094 1061 1171 1128 Hm
1193 1072 1307 1128 tamen
1322 1060 1370 1128 od

249 1168 399 1237 omnium
422 1169 660 1260 Episcopomm
684 1169 834 1236 uolumus
850 1168 993 1258 perferri
1017 1167 1184 1235 notitiam.
1209 1166 1368 1257 (Concilio

250 1275 425 1363 Harduiui,
440 1285 464 1343 t.
482 1277 525 1364 11,
544 1300 577 1368 p.
597 1274 688 1364 958.)

791 1601 823 1654 ll.

657 1785 800 1836 SECUNDA
827 1783 961 1836 EPOCEA.

252 1987 289 2036 Ab
313 1997 381 2035 suno
402 1988 456 2046 stt,
480 1997 531 2048 quo
546 1983 704 2034 Justiuiunus
726 1983 868 2047 imperetur
889 1981 971 2033 edidit
985 1995 1059 2032 sunm
1077 1981 1209 2032 Nouellum
1233 1981 1266 2032 de
1283 1982 1370 2046 publi-

481 2073 570 2124 candis
586 2087 633 2137 per
651 2072 797 2138 provincius
814 2070 915 2136 tegibus
931 2071 1117 2138 imperialibus.

295 2284 393 2353 Anno
422 2287 496 2351 545.
515 2322 560 2334 -
573 2280 718 2371 Vigilius
746 2282 835 2374 Papo
860 2282 900 2351 sd
924 2283 1115 2352 Ausonium
1141 2284 1368 2353 Arelatensem

251 2393 448 2484 Episcopum
468 2399 499 2458 et
522 2390 694 2461 Vicinium
707 2389 920 2482 apostolieum
939 2417 946 2458 :
965 2394 1018 2460 Eo
1034 2415 1108 2460 vero
1123 2413 1195 2482 pue
1214 2392 1254 2461 dc
1271 2414 1368 2483 pre-

250 2499 334 2568 senti
357 2498 562 2567 ordinatione
585 2509 696 2566 nostro
717 2497 840 2566 directa
860 2499 1076 2589 preceptione
1095 2499 1308 2588 sipnooimus,
1323 2499 1372 2567 ad

251 2609 416 2676 universos
443 2605 617 2697 Episcopus
634 2627 697 2696 per
715 2607 890 2675 casitatem
909 2621 1003 2676 tuom
1018 2607 1167 2676 uolumus
1182 2608 1366 2699 peruenire.

252 2716 364 2805 (Cone.
382 2713 503 2798 Lebbe‚
519 2722 542 2779 t.
565 2713 606 2797 V,
619 2712 681 2780 eol.
700 2717 775 2799 321,
791 2715 867 2783 edit.
884 2716 1004 2807 Pstis.)

298 2823 395 2891 Anno
419 2825 493 2888 585.
509 2819 749 2889 —Concilium
774 2821 1008 2891 Matisconensc
1028 2824 1071 2911 Π,
1093 2825 1133 2916 iu¹
1149 2824 1340 2916 praefatione
1360 2853 1367 2892 :

254 2937 323 3002 Hoc
338 2933 496 3000 universo
514 2929 733 2998 Fraternitoti
751 2933 868 3000 Vestro
888 2931 1074 3014 scandemus,
1095 2946 1133 3001 ut
1148 2953 1220 3025 quo
1236 2934 1371 3024 Spiritu

252 3053 364 3111 sumto
390 3039 535 3107 dictante
551 3059 617 3128 per
639 3059 698 3105 ora
721 3041 870 3108 omnium
889 3053 1076 3110 nostrorum
1095 3043 1276 3111 terminata
1291 3045 1371 3134 site-

252 3151 332 3230 rint,
352 3169 417 3239 per
441 3167 550 3214 omnes
570 3146 715 3214 ecclesias
739 3148 952 3230 innotescant,
975 3160 1013 3217 ut
1038 3151 1258 3242 unusquisque
1281 3152 1372 3244 quod

252 3279 380 3326 seruare
406 3253 531 3335 debeat,
562 3253 630 3321 sine
657 3253 771 3346 oliqsm
797 3257 1001 3326 excusatione
1026 3257 1199 3327 condiscat.
1233 3259 1366 3349 (stbe‚

254 3375 278 3435 t.
297 3363 340 3452 V,
354 3364 416 3432 col.
437 3365 526 3452 980.)

298 3477 395 3543 Anno
413 3475 487 3541 598.
506 3509 550 3525 -
565 3471 702 3542 Sanctus
716 3474 897 3562 Gregorius,
914 3477 1054 3566 Magnus
1067 3478 1257 3546 sententiam
1273 3501 1367 3547 suam

254 3583 474 3675 suspensionis
491 3581 659 3668 cdiviuis,
689 3590 801 3651 eontra
828 3583 1010 3654 Maximum
1037 3585 1232 3679 Episcopum
1261 3587 1369 3657 intru-

255 3715 341 3775 sum,
358 3689 488 3760 Salonae
503 3688 660 3780 publicari
674 3697 706 3758 et
719 3689 808 3779 affigi
828 3691 946 3760 iecerat
963 3719 969 3760 :
991 3695 1071 3776 Qum
1082 3693 1205 3784 scripto
1218 3717 1292 3762 mco
1302 3719 1370 3787 pu-

256 3800 334 3869 blice
351 3798 480 3876 relecto,
511 3798 562 3865 vel
578 3797 761 3866 incivitate
781 3800 893 3888 posito
908 3800 1040 3889 publice
1054 3801 1156 3869 scindi
1165 3801 1254 3893 fecit,
1272 3815 1372 3895 atque

254 3909 290 3975 in
319 3917 540 3996 contemptum
565 3903 660 3972 Sedis
686 3907 877 3996 Apostolicae
905 3907 1050 3998 apertim
1076 3908 1194 3977 exiliit.
1226 3909 1307 3998 (Lib.
1335 3915 1366 3990 t,

255 4017 347 4106 epist.
368 4019 420 4100 50,
436 4012 517 4082 ordo
533 4025 638 4099 vetus,
655 4012 697 4080 ed
713 4013 927 4082 Sabinianum
941 4014 1141 4107 diaconum.)

300 4123 396 4188 Anno
412 4124 486 4188 683.
499 4157 543 4174 -
555 4119 661 4190 Leon
676 4120 717 4189 ad
732 4121 907 4213 Episcopus
922 4121 1089 4213 Hispauiae
1105 4123 1234 4191 mittens
1248 4123 1369 4194 defini-

254 4232 375 4302 tionem
390 4233 517 4301 coneilii
533 4233 721 4302 oecumenici
737 4235 841 4302 sexti:
859 4237 899 4302 Ut
911 4257 972 4326 per
986 4237 1151 4306 uniuersos
1165 4250 1278 4306 uestro
1285 4260 1368 4330 pro·
