3042 4946
521 506 604 553 susis
626 505 777 552 canonici.
1147 486 1207 550 529

93 645 261 736 Cmsfirma
278 645 399 735 [ratres
419 658 504 715 tuos.
528 645 608 713 Haec
628 665 815 734 supremam
828 651 860 711 et
874 639 1096 712 omnimodam
1111 667 1209 736 supe-

90 754 271 824 rioritatem
292 756 563 824 etauctoritatem
589 753 754 824 evincunt.
783 751 926 822 Aliunde
951 761 1060 822 autem
1083 762 1208 824 certum

87 870 138 930 est
152 860 260 956 quoad
284 860 435 952 regenda
454 861 602 932 Ecelesiae
618 868 807 954 potestatem
828 859 924 929 Petro
938 862 1126 932 successisse
1140 863 1207 954 llo-

88 991 227 1038 mauum
240 969 448 1062 Episcopum.
465 970 551 1040 Tum
562 968 729 1066 adducunt
740 969 913 1038 innumera
925 967 1078 1037 Ecclesiae
1091 993 1209 1039 monu-

90 1086 212 1167 menta,
235 1088 489 1172 perpetuamque
503 1080 606 1175 ipsius
619 1079 761 1172 praxim,
784 1078 911 1148 Clamat
926 1099 1042 1170 nempe
1060 1087 1124 1148 tota
1138 1079 1210 1148 haec

89 1187 286 1257 saeculorum
307 1186 438 1257 traditio
459 1195 492 1256 et
510 1187 622 1280 praxis
644 1187 792 1278 agnitum
814 1207 942 1276 semper
964 1184 1063 1254 fumse
1085 1186 1201 1256 Roma·

88 1319 172 1365 num
188 1295 377 1365 Pontificem
393 1306 548 1389 tanquam
562 1295 734 1388 Episcopis
748 1295 914 1384 omnibus,
932 1293 1030 1363 etiam
1044 1294 1209 1366 collective

88 1404 241 1497 sumptis,
263 1405 478 1497 superiorem.
501 1405 550 1472 lta
571 1413 608 1472 ut
629 1404 727 1473 etiam
750 1426 788 1472 ea
807 1404 876 1473 sola
895 1403 1107 1473 conciliorum
1124 1428 1209 1497 quo-

87 1514 246 1584 rumlihet
271 1517 399 1586 decreta
424 1517 492 1584 vim
514 1515 702 1603 habuerint,
726 1527 800 1607 quae
825 1539 845 1582 a
873 1513 1022 1584 Romano
1050 1514 1208 1586 Pontifice

87 1626 356 1717 approbationem
374 1635 406 1696 et
424 1626 705 1696 confirmationem
729 1625 944 1694 obtinuerunt
954 1649 964 1712 3
988 1647 1026 1694 ea
1041 1647 1120 1696 vero
1134 1649 1208 1717 quae

88 1735 260 1804 Romanus
275 1736 426 1806 Pontifex
445 1737 565 1828 rejecit,
583 1759 644 1828 pro
665 1733 765 1806 nullis
780 1745 811 1804 et
825 1735 927 1804 irritis
946 1735 1056 1804 habita
1071 1737 1148 1805 sint.
1167 1737 1210 1806 Et

87 1841 221 1912 tandem
251 1865 403 1936 expresse
428 1843 578 1912 delinivit
606 1844 805 1914 oecumenica
832 1844 979 1934 synodus
1007 1843 1205 1933 Florentina,

87 1952 199 2042 apsum
229 1954 422 2045 Pontificem
452 1957 640 2024 Romanum
668 1976 878 2024 successorem
909 1977 973 2023 esse
1000 1955 1088 2022 beati
1116 1955 1209 2024 Petri

84 2061 248 2152 principis
269 2062 499 2153 Apostolorum
522 2075 554 2131 el
575 2085 688 2132 verum
704 2063 829 2131 curisti
849 2063 1022 2146 vicarium,
1045 2065 1208 2156 totiusque

88 2172 241 2241 Ecclesiae
264 2187 375 2265 caput,
392 2187 423 2242 et
442 2175 591 2242 omnium
609 2175 873 2258 Christianorum
893 2187 1026 2266 patrem
1040 2197 1079 2242 ac
1094 2175 1206 2244 docto-

87 2306 159 2352 rem
167 2285 319 2368 existere·
328 2299 360 2355 ct
373 2287 438 2378 ipsi
450 2287 485 2354 in
499 2291 600 2355 Beato
613 2289 710 2355 Petro
720 2283 889 2377 pascendi,
904 2285 1038 2376 rependi
1046 2298 1078 2353 et
1088 2287 1207 2377 puber-

85 2394 190 2464 nandi
208 2396 425 2464 univmsalem
445 2395 624 2465 Ecclesiam
644 2419 665 2464 a
689 2395 830 2463 Domino
852 2407 963 2464 nostro
985 2397 1060 2463 lesu
1078 2395 1206 2464 Chresto

79 2507 220 2596 plenam
247 2518 446 2598 potestatem
483 2505 644 2574 traditam
679 2527 753 2573 esse.
788 2503 823 2574 Si
857 2503 1007 2596 Episcopi
1040 2505 1206 2577 collective

85 2614 211 2706 sumpti
240 2613 380 2684 Romani
408 2614 573 2682 Pontificis
604 2615 789 2684 auctoritati
818 2634 885 2682 uon
910 2613 1110 2705 subjaceant,
1136 2615 1206 2706 jam

85 2733 198 2813 aperte
211 2722 329 2792 falsum
352 2731 414 2811 est,
432 2723 494 2815 ipsi
513 2722 663 2792 collatam
681 2745 750 2791 esse
765 2722 902 2814 plenam
920 2728 1123 2814 potestatem,
1140 2747 1205 2814 qua

86 2831 193 2900 valeat
208 2833 422 2902 uniomsalem
436 2832 611 2902 Ecclesiam
626 2854 750 2924 regere.
768 2831 898 2902 Nedum
913 2832 948 2899 iu
958 2831 1018 2900 hac
1032 2831 1205 2925 hypothesi

84 2939 217 3032 plenam
240 2941 329 3011 illam
351 2949 540 3034 potestatem
562 2942 705 3032 haberet,
729 2943 763 3009 in
786 2941 971 3010 collectione
992 2964 1048 3010 seu
1069 2963 1204 3034 corpore

84 3048 321 3141 Episcoporum
343 3073 496 3143 suprema
514 3050 585 3120 haec
604 3059 745 3143 potestas
765 3049 935 3130 resideret;
958 3051 1027 3143 ipse
1043 3073 1121 3121 vero
1136 3051 1204 3120 llo-

85 3181 205 3228 manus
219 3160 382 3250 Pontifex,
399 3184 465 3230 non
478 3169 561 3231 esset
573 3161 636 3229 nisi
651 3161 801 3230 minister
809 3160 986 3253 superioris
996 3159 1083 3229 illius
1096 3169 1202 3253 potes-

87 3267 161 3335 tatis
183 3266 219 3334 in
239 3277 353 3338 senatu
376 3269 611 3362 Episcoporum
632 3269 821 3356 residentis3
847 3269 962 3359 etipse
985 3269 1061 3336 huie
1076 3273 1202 3340 senatui

86 3382 244 3467 tanquam
265 3401 342 3446 vero
356 3378 506 3447 Ecclesiae
520 3379 617 3471 capiti
630 3379 809 3470 subjaceret
831 3385 861 3444 et
877 3375 1009 3446 obedire
1025 3387 1198 3451 teneretur.

86 3483 182 3552 Unde
194 3507 252 3554 nec
264 3496 347 3555 esset
354 3487 424 3580 ipse
437 3489 536 3556 totius
543 3487 694 3557 Ecclesia
709 3497 819 3578 caput,
834 3507 893 3554 nec
906 3485 1048 3554 vicarius
1066 3488 1199 3572 Christi,

86 3616 147 3662 nee
169 3594 319 3664 omnium
337 3595 601 3666 Christianomm
613 3609 714 3688 puter
733 3617 772 3662 ac
787 3593 908 3662 doctor.
926 3595 1107 3664 Erroneum
1123 3619 1202 3688 ergo

86 3729 222 3799 prorsus
235 3717 283 3775 est
296 3717 327 3776 et
346 3705 607 3775 anticatholicum
623 3713 764 3797 systema
783 3702 878 3791 illud,
895 3726 961 3796 quo
978 3713 1115 3794 negatur
1132 3708 1202 3777 Ro-

86 3815 175 3885 mani
202 3815 368 3884 Pontifieis
385 3817 419 3882 in
440 3815 616 3907 Episcopos
631 3814 794 3898 collective
816 3821 962 3904 sumptos
978 3815 1198 3904 superioritas.
