3072 4948
519 561 602 610 iUblS
624 561 774 610 canumet.

547 887 691 960 CAPUT
719 889 760 958 lt.

93 1115 131 1158 ΔΝ
159 1115 405 1164 nsctsafflottrs
431 1117 486 1164 SEU
514 1117 686 1165 onustum
714 1116 974 1164 consumentem
999 1118 1127 1166 001(OEst
1150 1119 1207 1167 VI!

409 1225 606 1274 uumasaurs
629 1228 716 1274 LEGIS
737 1227 890 1276 ΕΔΒΙΔΝΤ.

138 1449 173 1516 in
200 1445 365 1538 triplicem
386 1444 534 1514 doctores
558 1446 666 1516 abiere
688 1446 892 1516 sententiam.
921 1447 1048 1537 Negant
1066 1447 1134 1533 alii,
1152 1447 1208 1516 alii

92 1555 268 1641 affirmant,
293 1561 325 1622 et
347 1552 556 1643 distinguunt
575 1554 688 1645 aliqui.
717 1553 992 1647 Unamquamque
1014 1556 1207 1622 sententiam

92 1685 316 1756 exponemus3
343 1671 413 1730 tum
438 1661 516 1753 quid
542 1661 576 1728 in
599 1660 693 1752 praxi
714 1683 755 1729 ex
777 1662 838 1729 ista
856 1661 1052 1752 opinionum
1071 1661 1208 1730 diversi-

93 1781 153 1843 tate
173 1779 332 1864 sequatrrr
347 1772 571 1862 exquiremus.
594 1770 867 1862 Praasnpponitur
881 1779 989 1839 autem
1008 1778 1155 1839 constare
1169 1770 1209 1838 de

93 1881 333 1948 authenticitate
355 1877 557 1946 decisionum
580 1876 620 1946 de
642 1876 762 1969 quibus
783 1877 904 1968 agitur,
928 1900 965 1947 ac
980 1878 1116 1971 proinde
1130 1901 1208 1948 eou-

94 1988 250 2056 troveraia
271 1996 319 2054 est
336 1993 462 2054 tantum
484 1983 524 2050 de
540 1981 604 2052 iilis
622 1981 842 2052 decisionibus
855 2005 930 2076 quae
947 1984 1144 2055 exhibentur
1159 1988 1208 2054 si-

93 2095 168 2184 gillo
187 2106 220 2164 et
241 2093 479 2184 subscriptione
500 2090 675 2160 cardinalis
690 2091 835 2182 praefecti
849 2099 880 2159 et
895 2091 1056 2161 secretarii
1071 2115 1209 2184 congre-

93 2204 229 2292 gationis
254 2201 401 2286 munitae,
427 2199 478 2268 vel
500 2199 540 2267 de
557 2198 876 2289 transcriptionibus,
894 2198 963 2268 sive
980 2201 1209 2292 manuscriptis

94 2310 158 2377 sire
185 2307 373 2400 impressis,
402 2329 483 2398 quas
508 2313 633 2374 certum
663 2313 711 2374 ast
736 2305 887 2395 originali
914 2328 983 2374 esse
1010 2306 1205 2375 conformes.

94 2417 225 2486 Possem
248 2418 337 2486 anim
353 2415 444 2484 falsa
460 2424 494 2482 et
507 2414 703 2506 apocrypha
718 2413 934 2482 circumferri.
954 2414 1056 2484 Porro
1072 2415 1210 2506 ipsamet

95 2524 300 2615 congregatio
320 2526 372 2615 (27
389 2521 484 2614 april.
505 2523 599 2612 1621)
617 2521 656 2589 de
671 2521 826 2590 mandato
841 2521 990 2612 Gregorii
1005 2521 1082 2608 XV,
1099 2523 1210 2592 decre-

94 2634 139 2701 vit
156 2632 348 2725 hujusmodi
364 2632 543 2702 decisiones
559 2631 801 2700 authenticitate
815 2631 985 2700 destitutas
998 2655 1065 2702 non
1081 2642 1208 2703 tantum

95 2763 155 2808 non
180 2742 287 2810 facere
308 2741 375 2833 jus,
401 2739 457 2808 sed
479 2739 718 2830 prohibitorum
740 2739 902 2809 librorum
924 2741 1022 2810 indici
1041 2764 1110 2810 esse
1125 2741 1208 2834 adji-

95 2848 233 2917 ciendos.

491 3009 510 3063 1.
531 3007 679 3063 Sauranru
699 3021 812 3062 uacans.

136 3196 259 3265 Nititur
272 3194 324 3263 his
338 3194 404 3264 iere
419 3195 600 3263 rationibus
616 3221 623 3262 :
644 3198 676 3260 1⁰
692 3194 761 3263 Iex
777 3196 907 3287 proprie
923 3194 1008 3264 dicta
1022 3198 1131 3266 verbis
1145 3199 1210 3266 im·

97 3305 247 3394 paratinis
263 3304 314 3373 vel
329 3303 535 3397 probibitivis
550 3304 694 3395 exprimi
714 3305 820 3390 debet,
842 3313 879 3372 ut
894 3302 1009 3373 docent
1022 3307 1212 3376 commuui—

97 3420 142 3478 ter
160 3413 309 3482 doctores
331 3433 407 3480 cum
431 3411 583 3481 Suaresio
605 3411 725 3500 (Traet.
744 3411 784 3480 de
804 3411 883 3501 Leg.
912 3411 934 3478 l.
956 3413 988 3496 3,
1009 3433 1037 3477 c.
1058 3415 1089 3497 5,
1112 3424 1146 3479 n·
1163 3413 1211 3504 8);

97 3521 180 3610 atqui
206 3518 424 3609 Congregatio
448 3518 584 3588 Concilii
610 3541 676 3587 nou
700 3519 804 3588 utitur
828 3517 1020 3609 hujusmodi
1044 3518 1209 3606 formulis,

98 3625 149 3692 sed
163 3636 293 3696 tantum
307 3627 384 3694 dicit
397 3627 531 3708 censerit,
548 3647 711 3694 censemus
718 3651 731 3708 ,·
745 3648 824 3715 ergo
838 3625 942 3716 ipsius
956 3624 1133 3694 decisiones
1146 3650 1212 3697 non

98 3743 170 3802 sunt
183 3735 271 3825 leges
286 3733 416 3827 proprie
430 3733 535 3803 dictae.
559 3738 593 3800 2⁰
608 3734 711 3824 Leges
727 3744 762 3802 ut
778 3733 1050 3802 communitatem
1067 3734 1212 3825 obligent

99 3843 297 3932 promulgari
320 3865 448 3911 necesse
470 3851 538 3921 est;
562 3843 653 3934 atqui
673 3841 890 3930 Congregatio
904 3840 1042 3909 Concilii
1056 3863 1121 3910 non
1137 3864 1213 3934 pro·

103 3950 239 4040 mulgeri
265 3960 357 4019 curat
382 3950 559 4020 decisiones
586 3973 661 4019 suas
688 3972 746 4042 per
769 3957 875 4018 totum
898 3949 1033 4029 orbem;
1062 3949 1130 4019 imo
1156 3974 1215 4021 uec

102 4056 278 4125 authentice
302 4057 373 4125 ilias
400 4057 622 4125 communicat
647 4055 809 4146 deputatis
835 4056 1071 4147 Episcoporum
1097 4055 1214 4126 Romae

103 4166 388 4253 commorantibus,
414 4164 498 4232 sicut
519 4163 623 4232 solent
643 4161 923 4253 Congregationcs
943 4163 1075 4246 Iudicis,
1097 4164 1216 4258 Inqui—

105 4271 222 4340 sitionis
242 4281 274 4341 et
295 4271 446 4364 quaedem
468 4271 563 4352 aliae3
591 4271 647 4339 sed
666 4278 793 4338 tantum
814 4271 1005 4339 transmittit
1020 4271 1060 4340 iis
1076 4273 1133 4364 qui
1150 4274 1217 4341 du-

1017 4387 1055 4422 0³
