3068 4948
291 477 353 542 272
643 495 818 542 inuasurus
840 497 878 542 nr
900 495 1053 544 rurucnus

293 663 309 701 a
334 638 512 704 immensos
541 643 703 704 terrorum
737 644 855 705 tractus
881 660 963 728 quos
992 635 1216 728 complectitur
1247 635 1404 722 Ecclesia,

293 773 309 812 u
333 755 405 814 tum
426 752 558 836 propter
572 744 644 812 vim
663 768 737 836 quae
758 745 948 836 hujusmodi
969 745 1289 837 promulgationibus
1312 768 1408 838 prae-

292 879 308 919 u
333 851 426 944 cipue
451 852 491 920 nb
518 851 675 942 religione
704 853 890 922 extorribus
915 853 1026 923 afferri
1052 854 1151 940 solet;
1176 853 1221 922 ito
1245 859 1282 920 ut
1307 851 1407 943 longe

293 961 459 1030 «facilius
489 961 531 1028 sit
559 959 691 1029 clericos
728 983 842 1030 earum
882 961 1151 1031 constitutionum
1180 983 1255 1052 quae
1285 959 1406 1028 Romae

293 1097 310 1136 a
333 1069 474 1138 eduntur
497 1069 718 1160 cognitionem
746 1090 873 1161 capere,
891 1093 991 1160 quam
1014 1091 1187 1138 summum
1211 1066 1407 1136 Pontificem

292 1206 310 1245 u
332 1201 385 1248 eas
405 1187 473 1246 tum
493 1178 604 1268 longo,
621 1187 690 1245 tam
713 1176 849 1264 difficili,
867 1186 934 1247 tam
955 1177 1112 1270 impedito
1138 1175 1408 1269 promulgatione

291 1313 308 1354 c
330 1308 475 1376 crogare.
492 1311 510 1352 s
532 1285 682 1375 (loannes
697 1285 805 1372 Politi,
822 1285 1088 1376 Jnn'sprudcutia
1104 1283 1315 1354 ecclesiastica
1329 1283 1408 1350 ani-

287 1417 389 1476 verso,
405 1405 429 1462 t.
447 1394 474 1480 l,
490 1414 644 1483 prooem,
662 1398 779 1484 quaest.
800 1391 846 1481 3.)

726 1749 868 1820 CAPUT
890 1749 963 1820 Vll.

330 1985 368 2033 tut
390 1987 493 2032 venus
515 1985 777 2032 CONSTITUTIONUH
801 1985 856 2031 SEU
885 1985 1078 2032 ttt'rttttltttttt
1107 1983 1357 2031 orostottcnnttrt

492 2102 657 2166 snnctnntJS,
682 2103 846 2149 NOMINIBUS
870 2105 907 2148 ET
930 2102 1188 2148 nxt’ttnt'rtottttttts

329 2367 401 2434 Huc
423 2387 526 2458 usque
546 2386 625 2434 voce
645 2364 701 2432 illo
723 2363 960 2432 constitutionis
982 2363 1033 2430 usi
1060 2385 1175 2432 sumus
1198 2364 1232 2430 in
1256 2361 1405 2452 generali

285 2495 394 2559 sensu,
414 2495 474 2564 pro
500 2472 645 2565 quolibet
668 2495 786 2563 nempc
811 2471 930 2562 scripto
958 2493 1023 2561 quo
1048 2469 1218 2539 Romanus
1248 2469 1405 2538 Pontifex

284 2579 407 2672 aliquid
427 2581 570 2650 decernit
590 2579 674 2646 circe
695 2601 747 2646 res
767 2578 1005 2647 ecclesiasticas.
1026 2579 1071 2644 At
1089 2576 1264 2668 multiplex
1279 2576 1403 2644 distin-

284 2689 396 2778 guitur
411 2688 654 2780 poutificiorum
670 2686 860 2778 hujusmodi
881 2687 1079 2778 scriptorum
1096 2687 1236 2778 species;
1251 2695 1283 2754 ct
1298 2686 1403 2754 variis

285 2795 388 2864 solent
411 2796 599 2866 nominibus
622 2795 802 2885 designari,
824 2816 884 2886 pro
904 2796 996 2864 veria
1016 2818 1131 2865 eorum
1156 2795 1225 2864 sive
1247 2795 1399 2882 materia,

284 2903 352 2972 sive
372 2904 489 2973 forme.

812 3091 880 3182 §1-

607 3277 689 3330 Vsrin
705 3279 806 3342 specics
823 3277 908 3342 quood
930 3278 1070 3329 materiem.

328 3471 459 3537 Attente
484 3465 668 3536 litterarum
690 3465 939 3558 apostolicorum
967 3466 1115 3553 muteris,
1140 3467 1172 3536 id
1196 3475 1255 3554 est,
1279 3477 1400 3537 natura

283 3577 331 3646 rei
345 3577 464 3668 deque
479 3585 580 3666 agunt
595 3583 626 3643 et
646 3573 836 3658 decernunt,
853 3573 959 3643 dividi
979 3583 1110 3665 possent
1124 3576 1158 3642 in
1174 3573 1400 3645 ordinationes

282 3708 466 3754 communes
492 3683 614 3776 aliquid
643 3705 703 3774 pro
731 3691 796 3750 tota
824 3683 1070 3769 communitate,
1097 3682 1131 3750 id
1159 3693 1219 3769 est,
1246 3693 1398 3774 prototo

282 3793 437 3878 Ecclesia,
456 3792 506 3861 vel
522 3792 636 3860 saltem
653 3813 713 3881 pro
728 3789 861 3859 notabili
882 3790 990 3880 eliqua
1011 3789 1162 3859 Ecclesiae
1181 3800 1271 3883 parte
1287 3792 1398 3860 dotcr-

283 3901 459 3984 miunntcs3
490 3909 521 3966 ct
548 3899 583 3965 in
607 3897 828 3966 ordinationes
852 3897 1073 3988 particulares
1099 3921 1174 3989 quae
1199 3920 1259 3990 pro
1284 3898 1397 3990 eliqua

281 4009 406 4098 privntn
436 4029 573 4098 persona
601 4015 749 4091 tentum,
779 4015 836 4073 aut
863 4026 923 4095 pro
953 4027 1029 4072 casu
1056 4005 1242 4073 transitorio
1270 4004 1396 4097 aliquid

281 4115 509 4183 determinant.
531 4111 596 4180 Sed
615 4112 687 4181 baec
709 4115 843 4180 nomina
862 4133 929 4179 non
952 4113 1084 4182 suntin
1111 4137 1186 4199 usu,
1209 4122 1241 4181 ct
1264 4113 1321 4182 illa
1342 4115 1394 4182 bic

281 4222 355 4294 ideo
369 4232 497 4291 tantum
517 4222 671 4312 ponimus
687 4233 722 4290 ut
737 4222 909 4292 commode
931 4230 962 4290 et
978 4221 1072 4312 juxta
1088 4222 1136 4290 rei
1156 4231 1307 4290 naturum
1331 4223 1393 4292 sub
