3068 4948
495 545 578 592 ruars
599 547 752 594 carorrcr.
1120 531 1180 597 307

65 703 142 750 nam
163 689 271 751 numm
291 682 407 753 titulo?
427 683 522 772 Quia,
550 687 691 770 aiebant,
710 709 769 756 rex
783 695 832 756 est
842 687 993 758 Ecclesiae
1007 688 1182 759 advocatus

65 798 95 856 et
126 789 289 860 defensor.
324 793 379 877 At,
411 815 536 884 quaeso,
564 794 652 887 Papa
680 795 733 864 cui
768 818 835 864 non
863 803 989 865 tantum
1018 796 1181 868 universae

66 897 219 967 Ecclesiae
257 900 416 989 defensio,
444 901 500 971 scd
533 911 565 971 et
598 925 750 995 suprema
784 903 977 993 gubernatio
1005 927 1025 972 a
1053 905 1183 974 Christo

65 1007 239 1076 commissa
260 1018 320 1095 est,
346 1033 405 1078 cur
419 1011 534 1080 eodem
548 1011 727 1082 defensoris
740 1013 835 1082 titulo
848 1013 967 1104 (quoad
983 1015 1091 1105 ipsum
1107 1015 1183 1105 qui·

65 1114 138 1182 dem
163 1137 242 1184 vero
266 1125 298 1184 et
317 1118 508 1205 certissimo,
538 1119 644 1210 quoad
672 1141 796 1210 regem,
824 1129 921 1212 prout
945 1119 1180 1210 intelligebant,

67 1221 214 1291 mendaci
245 1231 277 1290 et
303 1221 440 1314 fictitio),
468 1247 533 1294 non
563 1227 680 1318 poterit
707 1228 829 1318 pariter
856 1226 918 1294 sibi
945 1225 1180 1296 beneficiorum

65 1329 269 1398 collationem
296 1330 484 1401 vindicaret
503 1335 583 1419 Cur,
601 1333 680 1402 dum
699 1335 836 1425 regijus
850 1341 1057 1421 annntnrum,
1074 1335 1179 1416 idest,

65 1460 103 1504 er
126 1439 294 1507 beneficiis
312 1440 532 1508 ecclesiasticis
557 1451 665 1510 tanam
687 1443 830 1533 aliquam
848 1441 970 1533 absque
989 1442 1057 1510 ulla
1070 1442 1182 1511 Eccle-

64 1547 120 1614 siae
142 1548 349 1617 concessione
375 1551 574 1641 surripiendi
588 1551 821 1636 comedebatis,
839 1550 924 1618 idem
939 1550 994 1641 jus
1010 1549 1133 1620 Christi
1148 1553 1182 1618 in

65 1654 159 1722 terris
181 1655 317 1742 vicario,
343 1655 376 1724 id
405 1665 465 1744 est,
493 1657 616 1749 aliquid
643 1680 683 1726 ex
699 1657 863 1726 beneficiis
877 1679 936 1749 pro
950 1659 1182 1726 communibus

65 1763 164 1831 totius
192 1763 344 1832 Ecclesiae
370 1765 540 1854 regiminis
570 1764 811 1834 normulatibus
838 1765 1031 1856 praelibandi
1059 1764 1182 1834 facula·

65 1879 127 1938 tem
158 1879 249 1939 tanto
278 1872 345 1940 zelo
372 1871 559 1961 negabatis?
588 1872 707 1941 Vestro
735 1894 814 1962 ergo
845 1872 1009 1958 adulante,
1038 1872 1180 1960 fallente,

66 1978 225 2048 alliciente
249 1981 408 2072 gallicano
426 1991 611 2072 systemate,
634 1984 668 2050 in
685 1981 717 2048 id
733 1989 861 2049 tantum
877 1983 966 2050 nefas
980 1981 1053 2050 Rex
1068 1982 1181 2050 Galliae

66 2085 226 2156 adductus
237 2098 295 2173 est,
314 2097 351 2156 ut
368 2088 454 2158 buna
471 2089 634 2176 Ecclesiae,
652 2088 743 2156 nullo
759 2087 856 2156 titulo
871 2088 934 2180 ipsi
949 2088 1069 2178 debite,
1086 2091 1182 2158 invn-

66 2195 152 2263 deret
168 2221 177 2280 ;
194 2196 357 2286 exemplo,
373 2207 410 2264 ut
424 2196 619 2265 rescribebat
639 2195 844 2263 lunoccutius
857 2194 916 2281 Xl,
934 2204 966 2262 et
982 2203 1019 2263 ut
1033 2197 1183 2288 probavit

66 2303 184 2388 exitus,
213 2303 432 2373 funestissimo
449 2303 570 2395 :janua
592 2305 680 2372 enim
702 2312 779 2370 tune
801 2309 923 2393 aperta,
946 2324 1044 2392 quam
1071 2313 1181 2394 postea

66 2409 211 2498 ingressa
233 2409 333 2479 multa
355 2411 494 2503 Europae
517 2411 689 2501 guberuia,
715 2409 919 2500 apertissimo
935 2407 1023 2478 furto
1038 2410 1136 2478 simul
1150 2421 1181 2480 et

66 2518 243 2606 sacrilegio,
261 2518 657 2588 inchoatamaLudovioo
681 2516 759 2584 xlv
782 2517 943 2585 bonorum
958 2516 1108 2586 Ecclesiae
1131 2520 1182 2586 di·

66 2627 244 2716 reptionem
279 2627 492 2719 complevere.
530 2625 750 2696 Contradictio
778 2633 887 2692 numm
916 2624 987 2711 illa,
1019 2633 1179 2694 aurnum

66 2735 215 2820 gallicani
238 2737 420 2824 systematis
444 2736 613 2827 probrum,
640 2733 731 2801 nullo
753 2742 857 2823 potest
877 2731 1083 2822 sophismatis
1110 2735 1181 2803 velo

68 2841 281 2909 dissimulari:
298 2843 426 2912 sienim
441 2843 563 2934 Papam
574 2849 712 2932 nequeat
724 2840 915 2908 collatorum
925 2838 1181 2939 ordinariorum,

68 2947 297 3039 Episcoporum
320 2949 515 3040 praesertim,
541 2949 596 3038 jus
619 2946 791 3038 impedire,
820 2969 839 3012 a
866 2946 993 3014 fortiori
1017 2945 1051 3013 id
1077 2971 1181 3040 neque

67 3077 120 3124 ren
144 3079 251 3148 neque
273 3057 360 3125 nllus
379 3057 460 3124 alter
483 3057 611 3148 poterit.
630 3055 696 3123 Neo
709 3063 814 3146 potest
834 3055 953 3146 pariter
967 3057 1037 3122 sine
1053 3067 1181 3126 contra-

68 3165 202 3234 dictione
219 3163 470 3233 Gallicanismus
489 3163 612 3232 dietum
634 3162 689 3252 jus
702 3162 845 3230 tribuere
863 3161 1012 3230 saeculari
1027 3163 1178 3255 principi,

68 3297 135 3341 cum
157 3273 258 3341 simul
280 3281 383 3342 sartos
405 3281 567 3364 tectosque
590 3272 668 3339 velit
690 3272 812 3361 priseos
835 3293 986 3356 canones,
1012 3273 1131 3362 quibus
1145 3275 1179 3341 id

68 3381 266 3469 gravissimis
292 3381 438 3449 censuris
466 3379 668 3470 prohibetur.
702 3379 783 3458 Quae
816 3399 874 3469 per
893 3387 1101 3446 transennam
1128 3380 1180 3448 lric

69 3491 228 3575 adnotata,
257 3513 316 3558 suo
345 3491 427 3577 loco,
451 3489 577 3579 agendo
603 3489 643 3555 de
668 3485 948 3566 immunitatibus,
973 3485 1043 3553 fusa
1071 3486 1179 3555 dison-

70 3601 199 3670 tientur.
288 3601 295 3616 '

108 3710 273 3778 Probatur
290 3714 322 3776 tr
335 3747 380 3764 -
394 3715 449 3780 Ec
473 3733 509 3778 co
533 3709 621 3800 quod
634 3731 763 3777 summo
779 3709 932 3799 Pontifici
946 3725 1109 3802 competat
1122 3737 1178 3782 su-

64 3839 178 3904 prema
204 3819 240 3885 in
262 3819 478 3887 umocrsalem
501 3818 681 3886 Ecclesiam
708 3817 790 3906 lepos
815 3815 943 3906 serendi
965 3831 1178 3908 potestas.-

70 3925 191 3994 Certam
216 3949 285 3996 esse
306 3927 520 4018 legislativum
546 3928 629 3994 banc
647 3925 786 3994 Romani
805 3925 970 3995 Pontificis
989 3936 1178 4017 potestatem

70 4054 162 4124 supra
187 4036 494 4104 demonstravimus.
519 4035 563 4104 Vi
587 4043 696 4103 autem
722 4033 822 4124 hujus
849 4036 1023 4124 potestatis,
1047 4037 1088 4104 ad
1103 4061 1178 4109 suc-

71 4163 222 4212 cessorem
243 4145 330 4212 Petri
350 4147 487 4237 pertinet
504 4145 614 4214 omnia
640 4165 715 4235 quse
731 4143 772 4210 ad
786 4142 991 4235 disciplinam
1007 4147 1178 4218 universa-

72 4247 128 4316 lem
143 4260 287 4342 spectant
311 4252 473 4320 ordinare.
491 4251 578 4341 Ergo
593 4251 691 4319 etiam
713 4251 837 4341 poterit
845 4251 1012 4320 Romanus
1027 4253 1179 4329 Pontifex
