3072 4948
581 509 664 558 mms
685 510 838 559 canonici.
1209 493 1270 558 aaa

155 675 173 716 o
197 660 284 721 terea
300 673 469 745 nunquam
491 651 625 721 abstulit
640 675 733 722 suam
748 654 815 721 vim
830 651 1061 722 consuetudini
1071 653 1275 745 'prescripta

155 787 174 825 a
197 760 394 830 rationabili.
420 761 474 829 Ad
495 761 661 854 mantum,
685 782 764 830 vara
784 767 832 829 est
851 761 968 852 major,
985 761 1014 828 si
1028 760 1186 852 Princeps
1199 781 1274 852 per-

155 895 174 934 c
196 870 287 938 sistat
301 871 336 938 in
351 870 463 940 eadem
481 870 659 958 voluntate,
688 877 793 962 potest
809 877 917 938 antem
932 865 1019 937 illem
1038 876 1205 938 maure...
1222 867 1274 936 Ad

155 1004 174 1041 «
195 991 337 1060 satum,
364 979 479 1070 negari
502 985 606 1070 potest
625 977 710 1046 hanc
730 975 986 1069 prohibitionem
1003 976 1213 1068 aequipollere
1228 977 1275 1044 ir-

155 1111 173 1150 c
196 1085 327 1171 rationi,
357 1087 435 1179 quie
458 1087 529 1155 sine
553 1085 608 1154 illa
631 1093 736 1178 potest
759 1084 879 1154 habere
899 1084 980 1152 alios
1002 1083 1184 1152 effaetus.»
1216 1085 1275 1173 (De

153 1193 304 1283 chidsra
322 1193 344 1261 l.
362 1199 395 1279 7,
413 1216 441 1262 c.
459 1218 530 1280 xix,
547 1216 642 1263 num.
660 1193 728 1282 19.)

198 1299 286 1390 Ergo
309 1303 488 1391 generatim
511 1302 678 1394 loquendo
696 1301 737 1368 de
758 1300 886 1389 legibus
904 1298 1130 1368 ecclesiasticis
1145 1298 1274 1367 futuras

152 1410 404 1478 consuetudines
442 1411 503 1478 sibi
542 1410 720 1478 contrarias
758 1408 976 1492 irritantibus,
1015 1405 1189 1475 dicendum
1227 1414 1274 1473 est

154 1528 328 1610 utramque
363 1519 557 1588 sententiam
592 1541 662 1586 esse
696 1517 899 1608 probabilem
934 1525 966 1583 et
1001 1515 1086 1583 licite
1122 1514 1276 1583 sustineri

154 1649 260 1717 posse,
284 1649 358 1695 cnm
382 1626 570 1715 gravissimi
593 1626 739 1694 doctores
763 1627 848 1692 inter
863 1647 897 1692 se
911 1623 1114 1691 dissentiant.
1140 1624 1276 1690 Alvero

155 1757 197 1802 ex
226 1735 350 1804 ratione
378 1735 511 1827 speciali
540 1734 673 1804 videtur
699 1733 806 1825 quoad
834 1733 1026 1801 Tridentina
1055 1731 1182 1800 decreta
1209 1754 1276 1801 non

155 1863 251 1933 posse
272 1843 358 1912 idem
383 1843 518 1911 omnino
540 1841 616 1910 dici.
643 1843 707 1910 lsta
727 1849 835 1910 autem
856 1841 995 1932 quaestio
1014 1847 1125 1909 utrum
1140 1862 1276 1909 consue-

155 1950 287 2019 tudines
301 1950 501 2019 Tridentinis
524 1951 652 2042 legibus
674 1951 833 2043 oppositae
857 1949 985 2018 valeant
1004 1971 1118 2036 necne,
1140 1950 1276 2017 maximi

158 2059 313 2126 momenti
336 2065 397 2144 est,
421 2065 453 2126 et
472 2057 651 2150 prasertim
676 2056 772 2126 hodie
791 2057 898 2149 quoad
915 2055 1066 2141 Galliam,
1085 2056 1143 2124 ubi
1157 2079 1178 2123 a
1192 2078 1277 2124 nova

157 2165 366 2234 ecelesiarum
380 2165 609 2234 constitutione
624 2167 704 2234 anni
722 2167 819 2250 litii,
838 2164 879 2232 ad
893 2186 1014 2256 purum
1025 2167 1080 2254 jus
1091 2185 1275 2250 commune,

157 2273 268 2356 idest,
295 2273 541 2360 Tridentinum,
566 2273 670 2341 lactus
688 2283 737 2341 est
759 2272 895 2359 reditus,
913 2273 941 2338 si
958 2271 1162 2361 excipiantur
1177 2293 1280 2362 pauca

157 2383 309 2474 quaedam
334 2383 376 2450 ab
398 2383 476 2474 ipsis
498 2381 699 2450 concordatis
721 2379 918 2450 introducta.
946 2380 1030 2448 Hinc
1053 2401 1119 2447 non
1141 2379 1279 2448 miretur

159 2491 270 2578 lector,
295 2493 322 2558 si
348 2491 528 2560 enodandae
553 2501 616 2560 tam
643 2491 737 2580 gravi
752 2488 934 2557 difficultati
949 2489 1107 2580 tantisper
1120 2489 1279 2559 immore-

161 2620 248 2667 mur.

616 2847 773 2908 Punctum
794 2849 828 2906 ll.

218 3028 328 3088 Questio
339 3027 497 3078 Tridentinis
513 3027 625 3078 decretis
636 3027 774 3094 applicem,
787 3041 843 3088 seo,
858 3031 943 3078 utrum
957 3027 1158 3080 consuetudines
1171 3031 1231 3093 post

301 3108 456 3159 Tridentinae
470 3109 575 3159 decreta
589 3113 652 3158 orte
665 3112 690 3158 et
704 3108 767 3172 ipsis
781 3108 918 3158 contrariae
932 3108 1018 3158 vetere
1033 3109 1140 3172 possint.

208 3366 425 3448 Quaestionem
447 3365 537 3434 illam
559 3364 619 3433 hoc
639 3364 754 3434 ordine
769 3365 1008 3434 discutiemus:
1037 3368 1069 3432 1⁰
1084 3363 1283 3433 adducemus

165 3475 319 3543 maxima
349 3475 547 3543 auctoritatis
575 3475 722 3543 doctores
750 3476 807 3566 qni
835 3473 1009 3564 praedictas
1034 3474 1284 3542 consuetudines

164 3606 224 3675 pro
243 3583 342 3652 nnllis
362 3582 529 3652 habendas
548 3605 617 3651 esse
633 3589 756 3651 tenent.
776 3588 809 3650 2⁰
824 3583 1033 3674 inquiremus
1047 3605 1089 3652 an
1106 3584 1171 3650 sint
1183 3605 1283 3653 cano-

164 3694 257 3762 nistae
284 3693 354 3784 qui,
381 3693 549 3783 loquentes
576 3694 610 3760 in
637 3692 826 3783 particulari
852 3691 892 3759 de
917 3692 1052 3760 eorroilio
1076 3691 1281 3779 Tridentino,

164 3799 362 3868 contrarium
391 3806 531 3868 teneant.
567 3802 600 3866 3⁰
627 3799 902 3888 investigabimus
928 3820 1078 3890 quaenam
1104 3801 1145 3868 sit
1171 3800 1284 3890 praxis

164 3907 455 3998 congregationum
480 3915 512 3976 et
537 3906 750 3982 tribunalium
779 3907 904 3974 Romae.
935 3909 967 3971 4⁰
994 3906 1082 3986 Quid
1104 3907 1282 3997 tenendum

165 4015 314 4083 videatur
327 4015 570 4084 concludemus.

209 4125 236 4191 l.
262 4123 447 4191 C'crta'ssa'mo
464 4123 575 4191 nullas
594 4145 658 4192 csse
677 4124 922 4194 consuetudines
940 4123 1134 4192 Tridentinis
1150 4123 1283 4193 decretis

165 4232 349 4302 contrarias
369 4231 506 4299 tradunt
531 4233 688 4300 maximae
702 4233 909 4302 urratoaitctis
924 4233 1079 4301 doctores.
1096 4269 1141 4285 -
1157 4259 1173 4297 «
1193 4234 1282 4302 Cau-
