3072 4948
565 499 647 552 tunrs
669 499 821 551 euronio.
1191 485 1253 553 365

140 669 157 706 u
180 649 251 711 tum
276 644 437 712 vicarium
459 653 491 714 et
509 645 709 714 conditorem
729 669 906 733 canonum,
930 657 1074 740 spectare
1090 645 1251 740 dignosci-

140 779 157 814 «
181 761 235 819 tur
238 803 304 818 .....
336 750 372 820 Si
401 751 503 842 igitur
529 775 549 822 a
579 775 701 822 cauom
726 754 918 845 reprobetur
943 756 1142 826 consuetudo
1166 757 1253 826 velut

140 861 415 930 «irrationabilis
442 871 473 932 et
499 861 699 954 corruptela,
728 862 801 954 quis
828 861 974 932 bdelium
1001 863 1253 935 christianorum

138 995 158 1036 u
179 991 252 1038 eam
278 968 409 1038 audebit
433 969 539 1038 dicere
566 969 852 1040 rationabilem»
886 969 1118 1060 (Reiffenstuel,
1147 973 1181 1040 iu
1203 973 1250 1040 li-

135 1079 234 1146 brum
248 1081 262 1146 1
274 1077 503 1165 Dometalium,
519 1077 605 1148 titul.
622 1083 654 1164 l,
668 1077 689 1169 ς
702 1078 745 1162 Π,
758 1101 792 1146 ιι.
806 1079 875 1168 tt.)
892 1077 989 1170 (Vide
1004 1079 1100 1148 etiam
1116 1079 1249 1168 Suamz,

135 1184 342 1275 deberemus,
359 1183 383 1252 l.
402 1188 433 1272 7,
451 1208 480 1254 e.
501 1184 546 1275 6.)

180 1292 365 1363 Pnorosrrro
388 1297 434 1362 le.
453 1331 497 1346 -
512 1293 720 1364 Consuetudo
740 1317 812 1385 que·
832 1307 1042 1386 peecatorum
1060 1297 1183 1364 occasio
1207 1311 1254 1366 est

136 1413 167 1468 et
177 1403 293 1492 sumes,
312 1401 550 1470 irrationabiles
564 1400 721 1469 eerraeudn
735 1413 792 1470 est.
804 1439 849 1454 -
860 1401 908 1471 De
919 1401 995 1494 jure
1008 1402 1095 1471 enim
1111 1405 1251 1472 naturali

136 1507 351 1599 probibentur
375 1531 448 1601 quae
472 1517 637 1601 peoootum
665 1509 814 1579 nutriunt
840 1517 871 1578 et
894 1511 934 1577 ad
960 1510 1042 1578 illud
1069 1510 1250 1599 inducunt3

134 1617 224 1708 quod
251 1626 358 1686 nutem
383 1620 416 1686 in
443 1617 710 1688 consuet-udinem
738 1619 811 1686 talin
838 1618 1059 1707 transiverint,
1085 1643 1123 1688 eo
1149 1622 1252 1709 magis

136 1724 247 1794 illicite
262 1727 384 1794 censeri
399 1725 527 1795 debent.

180 1833 363 1902 Prorosrrro
389 1837 433 1900 5¹.
452 1871 497 1885 -
517 1832 723 1902 Goruuetudo
745 1855 819 1924 puae
844 1833 925 1902 dono
948 1837 1115 1904 communi
1134 1838 1252 1928 pemi-

135 1941 223 2008 eiosa
246 1953 302 2021 est,
329 1939 567 2008 irrationabilis
588 1940 745 2010 censendo
765 1954 823 2010 est.
841 1979 886 1994 -
903 1941 1144 2013 «Consuetudo
1163 1946 1251 2013 enim

140 2075 157 2113 n
181 2072 241 2141 pro
266 2050 337 2139 lege
364 2049 559 2140 suscipitur;
584 2071 662 2139 ergo
690 2050 773 2118 siout
800 2050 851 2118 lex
879 2073 944 2118 oon
971 2051 1034 2120 nisi
1061 2051 1102 2120 ob
1128 2051 1252 2122 bonurn

139 2185 156 2222 u
181 2179 353 2226 commune
380 2155 568 2249 reipublieae
595 2156 673 2224 ferri
697 2165 812 2248 potest,
839 2158 884 2226 ita
909 2166 941 2225 et
963 2159 1162 2228 consuetudo
1187 2187 1194 2228 :
1222 2169 1253 2229 et

139 2293 157 2331 a
181 2265 326 2357 alioquin
341 2274 407 2332 tem
422 2263 491 2332 baec
506 2286 605 2355 quam
621 2263 676 2334 illa
690 2263 774 2332 iuret
788 2265 910 2356 injusta
924 2274 956 2333 et
971 2265 1211 2336 irrationabilis.
1231 2295 1247 2332 u

134 2371 372 2462 (Reiffenstnel,
391 2372 461 2440 loeo
476 2373 585 2455 citato,
604 2393 636 2438 n.
656 2373 725 2462 39.)

182 2481 365 2550 Proeosrrro
390 2483 434 2548 θ’.
453 2517 498 2532 -
512 2481 586 2550 Non
607 2479 694 2548 valet
715 2491 747 2547 et
770 2479 1008 2548 irrationabilis
1031 2480 1183 2548 cauenda
1205 2496 1251 2551 est

135 2586 332 2656 consuetudo
351 2607 415 2678 per
439 2607 540 2677 quom
563 2585 732 2677 rumpitur
752 2607 876 2654 nervus
894 2585 1073 2678 discipline
1086 2587 1251 2656 ecelesias-

136 2696 219 2764 tiere.
244 2732 290 2746 -
315 2693 360 2762 Ea
386 2693 540 2762 dicuntur
566 2714 717 2784 rumpere
741 2715 876 2762 nurum
904 2693 1127 2762 aeclesiasticae
1155 2695 1251 2764 disci·

137 2804 251 2896 plion,
267 2801 387 2894 quibus
402 2799 585 2868 notabiliter
598 2798 776 2890 impeditur
788 2809 820 2866 et
835 2798 982 2868 eluditur
997 2807 1136 2891 potestas
1149 2804 1251 2870 eoele-

136 2913 263 2982 siestioa
285 2911 395 2980 fideles
416 2912 450 2976 io
471 2907 576 2978 officio
599 2929 658 2976 suo
676 2907 862 2978 continendi
877 2930 937 3001 per
951 2917 1151 3000 opportunas
1164 2911 1251 3002 leges

136 3032 168 3090 et
191 3041 354 3089 censuras.
371 3018 459 3087 Telis
479 3026 573 3102 esset,
592 3041 623 3086 v.
643 3041 692 3106 g„
708 3017 909 3086 consuetudo
934 3018 966 3084 io
986 3017 1098 3108 aliqua
1119 3020 1252 3109 regione

136 3151 201 3196 non
217 3127 368 3196 servandi
383 3125 450 3194 ullo
465 3124 635 3192 interdieta
648 3145 754 3215 neque
770 3124 853 3192 ullos
868 3124 1220 3194 excommunicationes
1233 3150 1253 3194 e

137 3235 224 3326 Papa
242 3234 294 3303 vel
312 3235 353 3302 ob
367 3232 526 3323 Episoopo
542 3231 693 3322 prolatos.
719 3231 823 3299 Porro
838 3231 1074 3300 irrationabiles
1089 3253 1158 3300 esse
1173 3233 1252 3301 tales

137 3341 385 3412 eonsuetudines
411 3347 510 3430 patet,
536 3361 577 3406 ex
603 3361 641 3408 eo
667 3337 755 3429 quod
779 3337 843 3406 sint
857 3337 1026 3406 evidenter
1040 3338 1249 3429 perniciosae;

137 3460 169 3518 et
192 3450 340 3540 sequitur
359 3467 400 3515 ex
425 3446 530 3536 eapite
552 3447 637 3514 Cum
661 3445 757 3524 inter,
782 3443 821 3512 de
843 3442 1084 3526 consuetudine,
1104 3445 1189 3514 tituli
1203 3447 1251 3516 tv

135 3559 213 3628 libri
232 3564 245 3627 l
265 3559 492 3642 merentium,
511 3557 597 3648 quod
614 3556 659 3624 sio
675 3555 771 3624 babet
790 3583 796 3622 :
813 3557 880 3624 Nos
892 3557 1008 3645 ἐρέτην,
1022 3555 1149 3645 coquito
1164 3557 1252 3648 quod

135 3690 175 3734 ee
196 3667 259 3734 toti
279 3663 510 3734 cousuetudine
532 3665 660 3754 (nempe
676 3683 741 3730 uon
758 3661 908 3729 servandi
927 3662 1134 3730 interdictum
1150 3686 1252 3753 geue-

135 3775 212 3863 rale)
240 3775 269 3841 si
291 3795 357 3864 quta
377 3775 476 3864 soret,
501 3770 759 3860 disrumperetur
778 3791 895 3836 ueruto
916 3769 1133 3839 ecclesiastice
1153 3771 1248 3840 duci-

127 3885 243 3976 plinee,
273 3883 381 3972 ipsam
407 3879 563 3948 duximus
589 3877 802 3946 inritandam.
825 3915 870 3929 -
895 3877 982 3946 ldem
1010 3878 1183 3948 dicendum
1210 3881 1249 3950 de

133 3991 366 4062 consuetudine
388 4012 453 4080 qun
468 3995 694 4080 permanenter
708 3985 920 4076 impediretur
934 3988 1089 4055 eorreotio
1104 4009 1246 4074 morum,

133 4101 240 4194 qualis
262 4113 356 4182 esset,
382 4121 414 4165 v.
437 4121 486 4185 g„
512 4092 713 4164 consuetudo
736 4116 801 4162 oon
823 4115 892 4162 sese
909 4094 1124 4163 submittendi
1139 4096 1249 4164 visita-

133 4209 213 4280 tioni
239 4207 407 4302 Episcopi;
433 4208 576 4298 adquae
600 4200 853 4272 eonsuetudines
874 4203 1060 4272 referuntur
1082 4215 1251 4298 sequentes
