3022 4950
288 483 327 546 at·
642 497 817 546 raacrarus
840 499 878 544 nn
902 497 1057 544 carnotens

328 645 354 712 l.
371 641 528 713 Doctrina
549 641 733 711 communis
753 640 897 710 admittit
919 641 1024 710 inesse
1047 641 1174 710 homini
1194 641 1260 709 vim
1284 663 1406 733 quarn-

286 753 361 822 dam
378 775 492 822 verum
510 749 727 844 percipiendi,
751 772 825 841 quae
848 749 960 818 lumen
981 749 1129 819 naturale
1144 749 1279 817 rationis
1294 751 1405 818 vocari
1496 807 1497 832 ,

286 862 377 931 solet.
405 861 445 932 Et
466 861 517 930 vis
539 860 672 952 quidem
696 859 765 948 illa,
787 868 824 927 ut
839 859 964 951 objecto
980 882 1039 928 suo
1055 859 1246 952 applicetur,
1265 857 1402 950 indiget,
1496 847 1497 892 t

288 971 323 1040 in
350 969 502 1062 presenti
527 968 681 1038 humanae
707 977 833 1036 naturae
859 975 957 1055 statu,
982 967 1177 1059 quibusdam
1206 967 1405 1037 conditioni-

288 1079 363 1158 bus;
388 1085 464 1169 apta
493 1097 611 1168 nempe
635 1097 834 1166 organorum
857 1075 1003 1167 corporis
1030 1074 1251 1167 dispositione,
1276 1083 1308 1142 et
1332 1083 1404 1144 tum

287 1185 521 1272 sensationum,
548 1191 617 1254 tum
641 1183 800 1252 sermonis
824 1184 1086 1273 excitationibus,
1108 1183 1229 1276 quibus
1251 1205 1343 1252 meus
1362 1184 1405 1251 ad
1497 1229 1498 1256 r

287 1294 520 1364 attendendum
546 1292 686 1385 impulsa
709 1315 825 1360 verum
846 1315 865 1360 a
885 1291 965 1361 laiso
988 1293 1150 1362 discernat
1169 1317 1176 1356 ε
1192 1315 1266 1385 quae
1285 1293 1406 1362 condi-
1497 1303 1498 1356 Τ

285 1405 389 1475 tiones
415 1403 443 1472 si
466 1403 599 1472 omnino
625 1401 812 1488 deficerent,
839 1401 937 1471 homo
968 1403 1078 1472 forsan
1106 1409 1288 1470 remaneret
1312 1402 1404 1470 omni

285 1514 407 1583 reflexa
421 1510 606 1601 cognitione
625 1509 808 1596 destitutus,
833 1518 865 1578 et
877 1510 1008 1600 qualem
1024 1533 1099 1579 eum
1122 1509 1271 1580 videmus
1288 1510 1406 1603 primis
1498 1547 1499 1600 ,

286 1623 328 1691 ab
353 1621 425 1713 ejus
447 1627 521 1689 ortu
550 1618 676 1687 diebus.
704 1618 768 1688 Sed
792 1619 924 1710 quando
947 1619 1107 1688 excitante
1135 1619 1405 1688 sermocinatione
1498 1607 1499 1664 l

285 1751 399 1799 eorum
430 1727 626 1820 quibuscum
655 1727 759 1811 vivit,
791 1726 922 1795 tandem
955 1726 1135 1818 aliquando
1164 1725 1333 1796 attendens
1361 1725 1403 1795 ad
1498 1767 1499 1770 =

285 1839 380 1906 istam
407 1833 675 1927 propositionem,
705 1834 751 1902 bis
774 1833 838 1903 duo
865 1833 947 1902 dunt
975 1849 1130 1925 quatuor,
1160 1835 1278 1904 autad
1299 1836 1402 1924 illam,

287 1958 394 2016 totum
409 1959 455 2014 cst
468 1966 528 2013 suc
540 1957 640 2035 parte
654 1945 779 2035 majas,
799 1943 917 2013 relleae
932 1945 1068 2036 percipit
1083 1943 1172 2014 illam
1192 1968 1261 2014 cose
1276 1968 1403 2032 veram,
1499 1982 1500 2010 r

286 2053 449 2148 perceptio
471 2052 541 2120 haec
556 2074 622 2120 non
643 2052 705 2143 ipsi
726 2052 767 2119 ab
787 2052 969 2122 extrinseco
992 2051 1149 2144 injicitur,
1171 2053 1228 2122 sed
1246 2054 1329 2146 ipse,
1346 2077 1406 2147 per
1499 2083 1500 2136 3

286 2185 378 2235 suam
410 2159 592 2228 naturalem
620 2160 817 2250 percipiendi
847 2161 930 2247 vim,
956 2160 1045 2228 illam
1068 2159 1165 2248 elicit,
1192 2169 1224 2229 et
1251 2164 1402 2254 acquirit.

287 2271 392 2352 Quam
421 2267 603 2337 doctrinam
634 2268 787 2358 praeclare
818 2277 948 2336 sanctus
979 2268 1187 2358 Augustinus
1218 2270 1340 2339 evolvit
1369 2273 1404 2340 in

285 2377 371 2446 libro
401 2376 440 2446 de
467 2375 645 2466 magistro,
676 2375 732 2444 ubi
762 2377 905 2446 ostendit
931 2377 1125 2466 magistrum
1157 2377 1197 2445 de
1226 2381 1405 2470 quaestione

286 2487 398 2579 aliqua
427 2485 657 2572 disserentem,
688 2509 757 2554 esse
788 2486 919 2578 quidem
951 2488 1151 2556 occasionem
1182 2486 1342 2582 discipulo
1368 2502 1404 2561 ut
1500 2575 1501 2582 ἵ

288 2595 328 2664 ad
353 2617 421 2664 rem
437 2595 635 2687 propositam
656 2594 821 2681 attendat;
847 2618 911 2665 non
937 2604 1045 2664 autem
1060 2603 1227 2666 auctorem
1247 2621 1316 2666 esse
1330 2623 1405 2690 per·

288 2708 445 2800 captionis
459 2731 525 2800 qua
539 2707 718 2799 discipulus
731 2709 899 2776 veritatem
923 2709 1022 2777 thesis
1044 2711 1202 2800 agnoscit.
1226 2712 1290 2781 Sed
1312 2716 1406 2782 veri-

289 2825 387 2884 tatem
408 2815 591 2907 discipulus
608 2815 744 2908 percipit
759 2839 816 2908 per
830 2818 1059 2910 participatum
1075 2819 1280 2912 aliquatenus
1295 2831 1327 2890 et
1342 2823 1405 2890 sibi

289 2928 377 2995 intus
400 2947 534 2994 manens
553 2925 665 2994 lumen
689 2925 769 2994 illud
789 2927 879 3018 quod
897 2926 1064 2996 illuminat
1087 2953 1215 2998 omnem
1236 2931 1405 3000 domirrcm

288 3035 466 3104 venientem
481 3036 517 3102 in
531 3035 616 3103 laurac
631 3035 803 3104 mundum.
833 3037 940 3126 Atque
961 3035 1033 3106 ideo
1048 3038 1156 3106 statim
1173 3062 1210 3106 ac
1224 3039 1405 3131 discipulus

286 3145 539 3238 propositionem
556 3168 575 3213 a
592 3145 747 3235 magistro
762 3146 942 3238 expositam
958 3153 990 3213 et
1005 3146 1106 3215 variis
1123 3148 1306 3217 rationibus
1328 3173 1406 3240 pro-

287 3261 466 3345 pugnatam
489 3275 599 3321 voram
627 3253 792 3344 perspicit,
825 3275 890 3322 non
923 3255 1078 3344 magistro
1107 3277 1196 3336 caeca¹
1215 3255 1404 3326 adhaesione

287 3359 433 3444 credens,
450 3360 504 3428 sed
522 3360 561 3428 de
574 3360 730 3450 magistro
740 3360 900 3452 judicium
917 3361 1087 3452 proterens
1100 3363 1271 3450 exclamat,
1289 3388 1403 3433 cerum

287 3485 332 3540 cst
347 3467 436 3562 quod
449 3468 528 3537 dicit
548 3469 716 3560 magister.

329 3579 399 3646 Hoc
422 3599 499 3645 vero
523 3577 633 3645 lumen
657 3577 782 3647 homini
805 3602 825 3646 a
847 3578 914 3646 Deo
945 3586 1100 3669 tanquam
1126 3587 1251 3648 naturae
1275 3589 1404 3650 auctore

284 3685 441 3770 inditum,
462 3692 652 3776 supponunt
676 3693 707 3753 et
735 3694 771 3754 ut
787 3693 911 3754 certum
933 3695 1114 3776 agnoscunt
1134 3688 1303 3756 christiani
1324 3712 1404 3758 euc-

284 3806 383 3884 tores,
400 3797 467 3864 imo
483 3803 514 3862 et
530 3796 661 3886 pagani,
680 3804 715 3864 ut
733 3819 776 3865 ex
795 3797 938 3865 textibus
957 3797 1054 3867 initio
1072 3800 1188 3892 capitis
1206 3801 1310 3869 allatis
1326 3801 1404 3870 satis

282 3902 394 3994 colligi
411 3910 527 3994 potest.
549 3901 612 3970 Per
637 3903 726 3971 istud
748 3925 827 3992 ergo
846 3902 958 3971 lumen
980 3905 1115 3975 rationis
1132 3907 1284 3976 humanae
1306 3909 1404 3978 inno-

279 4020 403 4080 tescere
418 4013 524 4100 legem
547 4009 729 4077 naturalem
753 4009 883 4090 dieunt;
908 4011 952 4080 ita
975 4021 1010 4082 ut
1030 4014 1231 4083 sufficienter
1253 4017 1404 4108 promul-

280 4133 374 4217 getur
398 4121 453 4212 jus
477 4116 624 4185 naturale
649 4139 707 4208 per
729 4115 818 4185 illam
842 4117 1031 4188 hominihus
1057 4120 1198 4189 inditam
1226 4122 1351 4192 bonum
1385 4149 1404 4192 a

280 4236 364 4308 arrato
378 4224 582 4298 discernendi
596 4224 791 4294 facultatem.
807 4224 911 4306 Quam
933 4235 1041 4296 tamen
1064 4229 1264 4317 facultatem,
1288 4239 1401 4324 utpote
