3072 4948
573 477 656 522 runrs
679 477 831 524 cunonem.
1202 457 1262 520 393

144 614 233 684 suris
255 615 501 686 ecclesiasticis:
528 639 603 686 cum
625 618 712 686 enim
732 616 799 687 illae
813 639 961 686 cerunrm
975 640 1042 688 non
1055 619 1266 710 imponentur

146 722 211 791 nisi
239 723 486 792 contumncibus
516 734 547 794 et
576 724 727 794 Ecclesiae
756 724 1037 813 inobedientibus,
1069 747 1134 794 non
1163 733 1266 818 potest

144 833 218 902 illes
238 835 407 903 incurrere
422 834 487 904 uisi
502 834 561 927 qui
575 835 730 905 violando
742 836 849 926 legem
864 835 1028 928 peccevit;
1050 835 1138 906 nude
1156 837 1266 905 sinon

145 943 324 1032 abrogetur
342 965 479 1014 censure
494 945 559 1035 legi
577 933 795 1032 enuere,'ncc
808 946 986 1036 abrogetur
999 945 1155 1036 obligatio
1170 946 1263 1038 legis.

147 1051 245 1141 (Vide
266 1053 400 1140 Sueten,
417 1054 457 1123 de
472 1055 623 1146 Lepidus,
641 1055 698 1124 lib.
717 1061 749 1145 7,
768 1079 798 1126 c.
818 1061 877 1143 ¹9;
895 1065 928 1124 et
948 1054 1171 1143 Reiffeustuel,
1187 1055 1221 1124 iu
1247 1061 1261 1122 1

144 1161 169 1230 1.
189 1161 419 1250 Decretelium‚
434 1172 459 1231 t.
476 1167 508 1251 i,
524 1164 616 1256 gvi).
635 1168 668 1232 i·
680 1165 799 1234 Utrum
815 1170 923 1234 eutem
939 1164 991 1232 lex
1007 1187 1082 1257 qum
1095 1163 1265 1254 prohibuit

143 1292 277 1340 omnem
303 1271 498 1340 contrarium
523 1271 792 1341 consuetudinem
817 1273 853 1340 in
875 1271 1025 1341 futurum
1047 1269 1265 1340 inducendam

149 1379 271 1471 (quelie
286 1388 364 1448 sunt
376 1379 566 1450 Tridentino
582 1381 734 1471 decretu),
758 1381 858 1472 possit
879 1378 1092 1448 nihilominus
1113 1378 1264 1468 obrogari

146 1507 207 1578 per
231 1487 511 1579 supervenientem
537 1487 723 1580 hujusmodi
748 1485 1031 1572 consuetudinem,
1055 1496 1103 1554 est
1125 1486 1264 1578 quaestio

146 1593 243 1664 vaide
257 1595 432 1687 disputate,
448 1595 488 1664 de
501 1619 567 1688 qun
582 1597 616 1665 in
632 1597 779 1688 sequenti
793 1597 910 1689 cepite.

590 1978 734 2049 CAPUT
756 1980 814 2048 tv.

425 2211 463 2255 DE
486 2209 739 2256 consentiremus!
764 2209 985 2256 ABROGATIONE.

192 2469 452 2541 Consuetudincs
477 2471 677 2562 abrogentur
694 2472 746 2540 vel
767 2494 826 2564 per
842 2473 948 2562 legem
967 2470 1263 2564 supervenientem,

145 2583 201 2651 vel
224 2603 283 2674 per
305 2583 411 2674 legem
429 2583 657 2654 consuetudini
675 2583 871 2652 anteriorem
897 2591 929 2649 et
948 2605 1014 2674 qun
1033 2580 1266 2674 prohibebatur
1343 2607 1347 2614 ·

146 2691 349 2760 consuetudo
372 2697 545 2782 antequem
566 2699 636 2760 orte
655 2699 750 2778 esset,
767 2690 818 2760 vel
832 2711 890 2781 per
905 2689 1173 2760 consuetudinem
1188 2711 1265 2757 con·

148 2797 295 2866 treriem.

674 2956 744 3047 §r

286 3143 321 3194 De
336 3143 503 3209 abrogetioue
517 3143 714 3196 consuetudinis
728 3157 776 3208 per
790 3145 1020 3210 supervenientem
1034 3145 1129 3210 legem.

193 3335 468 3427 Distinguendum
491 3344 539 3406 est
561 3337 646 3406 inter
667 3335 919 3407 consuetudines
938 3335 1105 3425 generales
1119 3344 1150 3404 ct
1164 3333 1267 3427 perti-

148 3449 295 3536 cuieres3
322 3456 353 3517 et
377 3448 496 3516 iterum
521 3447 605 3514 inter
625 3444 877 3514 immemorieles
898 3454 930 3513 et
949 3465 1004 3512 ees
1017 3464 1158 3535 querum
1174 3441 1267 3510 initia

148 3579 217 3627 non
232 3556 395 3626 excedunt
411 3555 601 3625 memorium
615 3553 800 3624 hominurn.

193 3667 219 3733 1.
241 3663 519 3736 Consuetudinem
536 3662 722 3754 generalem
744 3661 881 3752 nbroget
896 3661 1130 3753 superveniens
1142 3658 1196 3728 lex
1211 3681 1268 3750 ge-

148 3771 281 3859 neralis,
310 3771 370 3840 etsi
392 3771 516 3841 nullom
540 3793 728 3863 expressam
754 3769 954 3838 mentionem
976 3767 1017 3837 do
1036 3766 1269 3838 cousuetudine

147 3880 255 3949 faciet.
273 3917 317 3932 -
330 3879 387 3948 Est
402 3880 561 3949 sententie
576 3879 772 3948 communis.
789 3876 891 3969 quue
906 3883 1016 3969 aperte
1030 3874 1214 3946 desumitur
1228 3897 1269 3945 ex

148 3988 252 4081 capite
277 3989 291 4054 1
321 3991 369 4054 De
394 3985 678 4056 constitutionibus
702 3985 737 4052 in
765 3987 797 4070 t,
827 3983 885 4052 ubi
907 3983 952 4053 sic
974 3983 1115 4053 declaret
1136 3982 1269 4052 Boniie-

149 4095 219 4164 cius
230 4093 307 4166 vill
322 4121 330 4161 :
346 4093 437 4163 Licet
451 4097 619 4164 Romanus
634 4092 787 4184 Pontifex
804 4093 863 4185 qui
870 4092 957 4184 jura
972 4091 1085 4160 omnio
1100 4089 1137 4159 in
1152 4091 1271 4160 scrinio

143 4203 289 4296 pectoris
310 4202 362 4271 sui
384 4215 528 4272 cernetur
549 4201 678 4283 bebere
697 4201 964 4271 constitutionem
979 4198 1146 4270 condendo
1155 4213 1270 4294 poste-
