<?xml version="1.0" encoding="UTF-8"?>
<!DOCTYPE html PUBLIC "-//W3C//DTD XHTML 1.0 Transitional//EN"
    "http://www.w3.org/TR/xhtml1/DTD/xhtml1-transitional.dtd">
<html xmlns="http://www.w3.org/1999/xhtml" xml:lang="en" lang="en">
 <head>
  <title>
</title>
<meta http-equiv="Content-Type" content="text/html;charset=utf-8" />
  <meta name='ocr-system' content='tesseract 3.04.00' />
  <meta name='ocr-capabilities' content='ocr_page ocr_carea ocr_par ocr_line ocrx_word'/>
</head>
<body>
  <div class='ocr_page' id='page_1' title='image "./tractatusdeprin00bouigoog_0115.png"; bbox 0 0 3048 4954; ppageno 0'>
   <div class='ocr_carea' id='block_1_1' title="bbox 341 487 1107 553">
    <p class='ocr_par' dir='ltr' id='par_1_1' title="bbox 341 145 1523 636">
     <span class='ocr_line' id='line_1_1' title="bbox 341 487 1107 553; baseline -0.003 -1"><span class='ocrx_word' id='word_1_1' title='bbox 341 487 402 553; x_wconf 82' lang='lat' dir='ltr'>loo</span> <span class='ocrx_word' id='word_1_2' title='bbox 694 503 869 552; x_wconf 78' lang='lat' dir='ltr'>macrinus</span> <span class='ocrx_word' id='word_1_3' title='bbox 891 507 929 552; x_wconf 84' lang='lat' dir='ltr'>nn</span> <span class='ocrx_word' id='word_1_4' title='bbox 952 503 1107 552; x_wconf 81' lang='lat' dir='ltr'>rrrncuns</span> 
     </span>
    </p>
   </div>
   <div class='ocr_carea' id='block_1_2' title="bbox 337 622 1523 720">
    <p class='ocr_par' dir='ltr' id='par_1_2' title="bbox 337 622 1523 720">
     <span class='ocr_line' id='line_1_2' title="bbox 337 622 1523 720; baseline -0.007 -24"><span class='ocrx_word' id='word_1_5' title='bbox 337 649 500 714; x_wconf 88' lang='lat' dir='ltr'>coercere,</span> <span class='ocrx_word' id='word_1_6' title='bbox 518 637 549 697; x_wconf 89' lang='lat' dir='ltr'>et</span> <span class='ocrx_word' id='word_1_7' title='bbox 565 627 775 720; x_wconf 87' lang='lat' dir='ltr'>privilegium</span> <span class='ocrx_word' id='word_1_8' title='bbox 791 630 824 696; x_wconf 79' lang='lat' dir='ltr'>vi</span> <span class='ocrx_word' id='word_1_9' title='bbox 837 629 932 719; x_wconf 85' lang='lat' dir='ltr'>cnjus</span> <span class='ocrx_word' id='word_1_10' title='bbox 947 628 1034 696; x_wconf 86' lang='lat' dir='ltr'>ultra</span> <span class='ocrx_word' id='word_1_11' title='bbox 1047 625 1285 695; x_wconf 77' lang='lat' dir='ltr'>extendebatur</span> <span class='ocrx_word' id='word_1_12' title='bbox 1298 622 1461 692; x_wconf 82' lang='lat' dir='ltr'>adimere.</span> <span class='ocrx_word' id='word_1_13' title='bbox 1522 637 1523 652; x_wconf 62' lang='lat'>¹</span> 
     </span>
    </p>
   </div>
   <div class='ocr_carea' id='block_1_3' title="bbox 255 730 1482 3196">
    <p class='ocr_par' dir='ltr' id='par_1_3' title="bbox 337 730 1472 1684">
     <span class='ocr_line' id='line_1_3' title="bbox 338 730 1465 826; baseline -0.008 -22"><span class='ocrx_word' id='word_1_14' title='bbox 338 737 380 804; x_wconf 86' lang='lat' dir='ltr'>Et</span> <span class='ocrx_word' id='word_1_15' title='bbox 403 735 532 804; x_wconf 86' lang='lat' dir='ltr'>tandem</span> <span class='ocrx_word' id='word_1_16' title='bbox 556 736 584 803; x_wconf 91' lang='lat' dir='ltr'>si</span> <span class='ocrx_word' id='word_1_17' title='bbox 604 756 670 802; x_wconf 90' lang='lat' dir='ltr'>nou</span> <span class='ocrx_word' id='word_1_18' title='bbox 693 737 793 826; x_wconf 90' lang='lat' dir='ltr'>possit</span> <span class='ocrx_word' id='word_1_19' title='bbox 808 757 958 804; x_wconf 91' lang='lat' dir='ltr'>summus</span> <span class='ocrx_word' id='word_1_20' title='bbox 973 733 1123 803; x_wconf 80' lang='lat' dir='ltr'>Pontifex</span> <span class='ocrx_word' id='word_1_21' title='bbox 1141 733 1250 822; x_wconf 90' lang='lat' dir='ltr'>legum</span> <span class='ocrx_word' id='word_1_22' title='bbox 1266 730 1465 800; x_wconf 88' lang='lat' dir='ltr'>ecclesiasti-</span> 
     </span>
     <span class='ocr_line' id='line_1_4' title="bbox 337 838 1466 931; baseline -0.006 -19"><span class='ocrx_word' id='word_1_23' title='bbox 337 865 450 912; x_wconf 86' lang='lat' dir='ltr'>carum</span> <span class='ocrx_word' id='word_1_24' title='bbox 474 842 709 910; x_wconf 88' lang='lat' dir='ltr'>universalium</span> <span class='ocrx_word' id='word_1_25' title='bbox 729 843 957 911; x_wconf 86' lang='lat' dir='ltr'>executionem</span> <span class='ocrx_word' id='word_1_26' title='bbox 977 864 1114 931; x_wconf 91' lang='lat' dir='ltr'>urgere,</span> <span class='ocrx_word' id='word_1_27' title='bbox 1140 841 1180 908; x_wconf 84' lang='lat' dir='ltr'>ad</span> <span class='ocrx_word' id='word_1_28' title='bbox 1202 862 1256 908; x_wconf 85' lang='lat' dir='ltr'>eas</span> <span class='ocrx_word' id='word_1_29' title='bbox 1273 838 1466 908; x_wconf 85' lang='lat' dir='ltr'>reducendo</span> 
     </span>
     <span class='ocr_line' id='line_1_5' title="bbox 338 945 1467 1042; baseline -0.006 -23"><span class='ocrx_word' id='word_1_30' title='bbox 338 973 393 1019; x_wconf 87' lang='lat' dir='ltr'>eos</span> <span class='ocrx_word' id='word_1_31' title='bbox 409 951 466 1042; x_wconf 92' lang='lat' dir='ltr'>qui</span> <span class='ocrx_word' id='word_1_32' title='bbox 481 950 661 1042; x_wconf 86' lang='lat' dir='ltr'>privilegiis</span> <span class='ocrx_word' id='word_1_33' title='bbox 678 951 918 1036; x_wconf 83' lang='lat' dir='ltr'>eximebantur,</span> <span class='ocrx_word' id='word_1_34' title='bbox 935 951 1038 1042; x_wconf 86' lang='lat' dir='ltr'>ipsius</span> <span class='ocrx_word' id='word_1_35' title='bbox 1055 948 1238 1038; x_wconf 85' lang='lat' dir='ltr'>legislativa</span> <span class='ocrx_word' id='word_1_36' title='bbox 1253 955 1285 1014; x_wconf 90' lang='lat' dir='ltr'>et</span> <span class='ocrx_word' id='word_1_37' title='bbox 1302 945 1467 1038; x_wconf 87' lang='lat' dir='ltr'>jurisdic-</span> 
     </span>
     <span class='ocr_line' id='line_1_6' title="bbox 338 1053 1469 1148; baseline -0.005 -23"><span class='ocrx_word' id='word_1_38' title='bbox 338 1058 465 1125; x_wconf 88' lang='lat' dir='ltr'>tionalis</span> <span class='ocrx_word' id='word_1_39' title='bbox 484 1065 623 1148; x_wconf 86' lang='lat' dir='ltr'>potestas</span> <span class='ocrx_word' id='word_1_40' title='bbox 643 1064 709 1124; x_wconf 84' lang='lat' dir='ltr'>tota</span> <span class='ocrx_word' id='word_1_41' title='bbox 725 1057 760 1124; x_wconf 91' lang='lat' dir='ltr'>in</span> <span class='ocrx_word' id='word_1_42' title='bbox 786 1079 824 1126; x_wconf 88' lang='lat' dir='ltr'>en</span> <span class='ocrx_word' id='word_1_43' title='bbox 838 1057 916 1140; x_wconf 89' lang='lat' dir='ltr'>erit,</span> <span class='ocrx_word' id='word_1_44' title='bbox 937 1065 974 1122; x_wconf 90' lang='lat' dir='ltr'>nt</span> <span class='ocrx_word' id='word_1_45' title='bbox 994 1057 1111 1146; x_wconf 85' lang='lat' dir='ltr'>possit,</span> <span class='ocrx_word' id='word_1_46' title='bbox 1129 1076 1195 1122; x_wconf 90' lang='lat' dir='ltr'>non</span> <span class='ocrx_word' id='word_1_47' title='bbox 1219 1053 1349 1142; x_wconf 87' lang='lat' dir='ltr'>legibus</span> <span class='ocrx_word' id='word_1_48' title='bbox 1360 1053 1469 1142; x_wconf 86' lang='lat' dir='ltr'>ligare</span> 
     </span>
     <span class='ocr_line' id='line_1_7' title="bbox 338 1161 1471 1254; baseline -0.005 -21"><span class='ocrx_word' id='word_1_49' title='bbox 338 1165 509 1233; x_wconf 87' lang='lat' dir='ltr'>universos</span> <span class='ocrx_word' id='word_1_50' title='bbox 532 1163 653 1234; x_wconf 88' lang='lat' dir='ltr'>Christi</span> <span class='ocrx_word' id='word_1_51' title='bbox 673 1162 802 1247; x_wconf 85' lang='lat' dir='ltr'>fideles,</span> <span class='ocrx_word' id='word_1_52' title='bbox 827 1163 883 1231; x_wconf 86' lang='lat' dir='ltr'>sed</span> <span class='ocrx_word' id='word_1_53' title='bbox 909 1171 1037 1232; x_wconf 85' lang='lat' dir='ltr'>tautum</span> <span class='ocrx_word' id='word_1_54' title='bbox 1064 1163 1152 1252; x_wconf 87' lang='lat' dir='ltr'>leges</span> <span class='ocrx_word' id='word_1_55' title='bbox 1170 1162 1292 1254; x_wconf 90' lang='lat' dir='ltr'>quibus</span> <span class='ocrx_word' id='word_1_56' title='bbox 1317 1161 1471 1250; x_wconf 84' lang='lat' dir='ltr'>ligentur</span> 
     </span>
     <span class='ocr_line' id='line_1_8' title="bbox 337 1269 1472 1364; baseline -0.004 -23"><span class='ocrx_word' id='word_1_57' title='bbox 337 1273 379 1341; x_wconf 88' lang='lat' dir='ltr'>ab</span> <span class='ocrx_word' id='word_1_58' title='bbox 400 1273 473 1341; x_wconf 87' lang='lat' dir='ltr'>aliis</span> <span class='ocrx_word' id='word_1_59' title='bbox 485 1325 494 1359; x_wconf 90' lang='lat'>,</span> <span class='ocrx_word' id='word_1_60' title='bbox 521 1294 638 1363; x_wconf 89' lang='lat' dir='ltr'>nempe</span> <span class='ocrx_word' id='word_1_61' title='bbox 655 1273 697 1341; x_wconf 87' lang='lat' dir='ltr'>ab</span> <span class='ocrx_word' id='word_1_62' title='bbox 717 1273 960 1342; x_wconf 70' lang='lat' dir='ltr'>universalitate</span> <span class='ocrx_word' id='word_1_63' title='bbox 993 1272 1229 1364; x_wconf 86' lang='lat' dir='ltr'>Episcopornm</span> <span class='ocrx_word' id='word_1_64' title='bbox 1255 1279 1287 1337; x_wconf 89' lang='lat' dir='ltr'>et</span> <span class='ocrx_word' id='word_1_65' title='bbox 1309 1269 1472 1338; x_wconf 85' lang='lat' dir='ltr'>ecclesia-</span> 
     </span>
     <span class='ocr_line' id='line_1_9' title="bbox 338 1377 1471 1474; baseline -0.004 -24"><span class='ocrx_word' id='word_1_66' title='bbox 338 1403 430 1465; x_wconf 89' lang='lat' dir='ltr'>rum,</span> <span class='ocrx_word' id='word_1_67' title='bbox 447 1378 674 1474; x_wconf 83' lang='lat' dir='ltr'>npprobendas</span> <span class='ocrx_word' id='word_1_68' title='bbox 690 1402 881 1472; x_wconf 86' lang='lat' dir='ltr'>proponere.</span> <span class='ocrx_word' id='word_1_69' title='bbox 900 1382 970 1449; x_wconf 89' lang='lat' dir='ltr'>Hoc</span> <span class='ocrx_word' id='word_1_70' title='bbox 985 1389 1094 1449; x_wconf 87' lang='lat' dir='ltr'>autem</span> <span class='ocrx_word' id='word_1_71' title='bbox 1116 1377 1303 1449; x_wconf 86' lang='lat' dir='ltr'>damnando</span> <span class='ocrx_word' id='word_1_72' title='bbox 1320 1387 1353 1446; x_wconf 89' lang='lat' dir='ltr'>et</span> <span class='ocrx_word' id='word_1_73' title='bbox 1368 1377 1471 1446; x_wconf 86' lang='lat' dir='ltr'>dam·</span> 
     </span>
     <span class='ocr_line' id='line_1_10' title="bbox 339 1485 1472 1580; baseline -0.004 -24"><span class='ocrx_word' id='word_1_74' title='bbox 339 1499 416 1557; x_wconf 90' lang='lat' dir='ltr'>nato</span> <span class='ocrx_word' id='word_1_75' title='bbox 432 1495 605 1580; x_wconf 84' lang='lat' dir='ltr'>systemate</span> <span class='ocrx_word' id='word_1_76' title='bbox 630 1487 715 1577; x_wconf 89' lang='lat' dir='ltr'>perit</span> <span class='ocrx_word' id='word_1_77' title='bbox 741 1489 901 1580; x_wconf 85' lang='lat' dir='ltr'>primatus</span> <span class='ocrx_word' id='word_1_78' title='bbox 923 1487 1162 1579; x_wconf 87' lang='lat' dir='ltr'>jurisdictionis</span> <span class='ocrx_word' id='word_1_79' title='bbox 1184 1485 1304 1554; x_wconf 88' lang='lat' dir='ltr'>summi</span> <span class='ocrx_word' id='word_1_80' title='bbox 1324 1485 1472 1553; x_wconf 88' lang='lat' dir='ltr'>Pontifi-</span> 
     </span>
     <span class='ocr_line' id='line_1_11' title="bbox 339 1593 1177 1684; baseline 0.001 -22"><span class='ocrx_word' id='word_1_81' title='bbox 339 1596 398 1674; x_wconf 81' lang='lat' dir='ltr'>cis,</span> <span class='ocrx_word' id='word_1_82' title='bbox 415 1605 447 1663; x_wconf 90' lang='lat' dir='ltr'>et</span> <span class='ocrx_word' id='word_1_83' title='bbox 461 1594 502 1661; x_wconf 92' lang='lat' dir='ltr'>ad</span> <span class='ocrx_word' id='word_1_84' title='bbox 516 1616 643 1662; x_wconf 87' lang='lat' dir='ltr'>merum</span> <span class='ocrx_word' id='word_1_85' title='bbox 661 1593 838 1684; x_wconf 89' lang='lat' dir='ltr'>primatum</span> <span class='ocrx_word' id='word_1_86' title='bbox 852 1594 986 1664; x_wconf 87' lang='lat' dir='ltr'>honoris</span> <span class='ocrx_word' id='word_1_87' title='bbox 999 1593 1177 1664; x_wconf 84' lang='lat' dir='ltr'>reducitur.</span> 
     </span>
    </p>

    <p class='ocr_par' dir='ltr' id='par_1_4' title="bbox 340 1702 1475 2335">
     <span class='ocr_line' id='line_1_12' title="bbox 385 1702 1475 1793; baseline -0.002 -21"><span class='ocrx_word' id='word_1_88' title='bbox 385 1702 565 1777; x_wconf 85' lang='lat' dir='ltr'>Dicendum</span> <span class='ocrx_word' id='word_1_89' title='bbox 587 1723 677 1791; x_wconf 85' lang='lat' dir='ltr'>ergo,</span> <span class='ocrx_word' id='word_1_90' title='bbox 704 1726 763 1793; x_wconf 89' lang='lat' dir='ltr'>per</span> <span class='ocrx_word' id='word_1_91' title='bbox 788 1703 911 1771; x_wconf 88' lang='lat' dir='ltr'>bullam</span> <span class='ocrx_word' id='word_1_92' title='bbox 941 1704 1008 1786; x_wconf 80' lang='lat' dir='ltr'>Qui</span> <span class='ocrx_word' id='word_1_93' title='bbox 1031 1704 1154 1772; x_wconf 73' lang='lat' dir='ltr'>Christi</span> <span class='ocrx_word' id='word_1_94' title='bbox 1175 1703 1320 1788; x_wconf 82' lang='lat' dir='ltr'>Domini,</span> <span class='ocrx_word' id='word_1_95' title='bbox 1350 1723 1475 1770; x_wconf 86' lang='lat' dir='ltr'>revere</span> 
     </span>
     <span class='ocr_line' id='line_1_13' title="bbox 341 1808 1474 1903; baseline -0.004 -24"><span class='ocrx_word' id='word_1_96' title='bbox 341 1813 545 1903; x_wconf 82' lang='lat' dir='ltr'>antiquatum</span> <span class='ocrx_word' id='word_1_97' title='bbox 566 1810 666 1876; x_wconf 82' lang='lat' dir='ltr'>fnisse</span> <span class='ocrx_word' id='word_1_98' title='bbox 681 1810 825 1900; x_wconf 89' lang='lat' dir='ltr'>priscum</span> <span class='ocrx_word' id='word_1_99' title='bbox 836 1811 890 1900; x_wconf 89' lang='lat' dir='ltr'>jus</span> <span class='ocrx_word' id='word_1_100' title='bbox 903 1811 1113 1900; x_wconf 88' lang='lat' dir='ltr'>gallicanum,</span> <span class='ocrx_word' id='word_1_101' title='bbox 1131 1811 1361 1902; x_wconf 88' lang='lat' dir='ltr'>quodcumque</span> <span class='ocrx_word' id='word_1_102' title='bbox 1378 1808 1474 1878; x_wconf 89' lang='lat' dir='ltr'>istud</span> 
     </span>
     <span class='ocr_line' id='line_1_14' title="bbox 340 1916 1472 2008; baseline -0.002 -22"><span class='ocrx_word' id='word_1_103' title='bbox 340 1919 456 1997; x_wconf 87' lang='lat' dir='ltr'>lncrit;</span> <span class='ocrx_word' id='word_1_104' title='bbox 470 1928 501 1986; x_wconf 89' lang='lat' dir='ltr'>et</span> <span class='ocrx_word' id='word_1_105' title='bbox 518 1939 618 1986; x_wconf 85' lang='lat' dir='ltr'>novas</span> <span class='ocrx_word' id='word_1_106' title='bbox 631 1917 779 1984; x_wconf 81' lang='lat' dir='ltr'>ecclesias</span> <span class='ocrx_word' id='word_1_107' title='bbox 792 1916 906 1985; x_wconf 76' lang='lat' dir='ltr'>Gallim</span> <span class='ocrx_word' id='word_1_108' title='bbox 920 1919 1102 1986; x_wconf 86' lang='lat' dir='ltr'>surrexisse</span> <span class='ocrx_word' id='word_1_109' title='bbox 1116 1918 1178 1985; x_wconf 86' lang='lat' dir='ltr'>sub</span> <span class='ocrx_word' id='word_1_110' title='bbox 1190 1917 1265 2008; x_wconf 88' lang='lat' dir='ltr'>jure</span> <span class='ocrx_word' id='word_1_111' title='bbox 1280 1918 1472 2002; x_wconf 90' lang='lat' dir='ltr'>communi,</span> 
     </span>
     <span class='ocr_line' id='line_1_15' title="bbox 341 2024 1474 2116; baseline -0.002 -23"><span class='ocrx_word' id='word_1_112' title='bbox 341 2026 486 2116; x_wconf 87' lang='lat' dir='ltr'>exceptis</span> <span class='ocrx_word' id='word_1_113' title='bbox 500 2025 539 2091; x_wconf 89' lang='lat' dir='ltr'>iis</span> <span class='ocrx_word' id='word_1_114' title='bbox 555 2024 698 2091; x_wconf 84' lang='lat' dir='ltr'>materiis</span> <span class='ocrx_word' id='word_1_115' title='bbox 715 2025 751 2091; x_wconf 91' lang='lat' dir='ltr'>in</span> <span class='ocrx_word' id='word_1_116' title='bbox 766 2024 886 2115; x_wconf 85' lang='lat' dir='ltr'>quibus</span> <span class='ocrx_word' id='word_1_117' title='bbox 901 2027 1039 2116; x_wconf 89' lang='lat' dir='ltr'>ipsamet</span> <span class='ocrx_word' id='word_1_118' title='bbox 1051 2026 1140 2094; x_wconf 87' lang='lat' dir='ltr'>bulla</span> <span class='ocrx_word' id='word_1_119' title='bbox 1158 2033 1192 2092; x_wconf 90' lang='lat' dir='ltr'>et</span> <span class='ocrx_word' id='word_1_120' title='bbox 1205 2024 1333 2093; x_wconf 90' lang='lat' dir='ltr'>decreta</span> <span class='ocrx_word' id='word_1_121' title='bbox 1346 2025 1474 2092; x_wconf 87' lang='lat' dir='ltr'>subse-</span> 
     </span>
     <span class='ocr_line' id='line_1_16' title="bbox 340 2132 1475 2225; baseline 0.002 -25"><span class='ocrx_word' id='word_1_122' title='bbox 340 2134 474 2225; x_wconf 83' lang='lat' dir='ltr'>quentia</span> <span class='ocrx_word' id='word_1_123' title='bbox 500 2133 741 2221; x_wconf 89' lang='lat' dir='ltr'>derogaveruut</span> <span class='ocrx_word' id='word_1_124' title='bbox 765 2132 835 2222; x_wconf 87' lang='lat' dir='ltr'>juri</span> <span class='ocrx_word' id='word_1_125' title='bbox 859 2135 1041 2222; x_wconf 88' lang='lat' dir='ltr'>communi,</span> <span class='ocrx_word' id='word_1_126' title='bbox 1072 2144 1104 2202; x_wconf 86' lang='lat' dir='ltr'>ct</span> <span class='ocrx_word' id='word_1_127' title='bbox 1135 2135 1375 2202; x_wconf 86' lang='lat' dir='ltr'>constituerunt</span> <span class='ocrx_word' id='word_1_128' title='bbox 1411 2156 1475 2202; x_wconf 93' lang='lat' dir='ltr'>uo·</span> 
     </span>
     <span class='ocr_line' id='line_1_17' title="bbox 341 2240 1280 2335; baseline 0.001 -26"><span class='ocrx_word' id='word_1_129' title='bbox 341 2263 419 2310; x_wconf 82' lang='lat' dir='ltr'>vum</span> <span class='ocrx_word' id='word_1_130' title='bbox 433 2241 490 2332; x_wconf 84' lang='lat' dir='ltr'>jus</span> <span class='ocrx_word' id='word_1_131' title='bbox 502 2240 739 2331; x_wconf 87' lang='lat' dir='ltr'>exceptionale,</span> <span class='ocrx_word' id='word_1_132' title='bbox 757 2241 927 2330; x_wconf 77' lang='lat' dir='ltr'>gallicanis</span> <span class='ocrx_word' id='word_1_133' title='bbox 941 2243 1083 2310; x_wconf 88' lang='lat' dir='ltr'>ecclesiis</span> <span class='ocrx_word' id='word_1_134' title='bbox 1098 2243 1280 2335; x_wconf 85' lang='lat' dir='ltr'>proprium.</span> 
     </span>
    </p>

    <p class='ocr_par' dir='ltr' id='par_1_5' title="bbox 386 2347 1475 2442">
     <span class='ocr_line' id='line_1_18' title="bbox 386 2347 1475 2442; baseline 0.002 -26"><span class='ocrx_word' id='word_1_135' title='bbox 386 2348 465 2417; x_wconf 87' lang='lat' dir='ltr'>lnde</span> <span class='ocrx_word' id='word_1_136' title='bbox 491 2371 568 2418; x_wconf 87' lang='lat' dir='ltr'>vero</span> <span class='ocrx_word' id='word_1_137' title='bbox 592 2347 664 2416; x_wconf 90' lang='lat' dir='ltr'>fluit</span> <span class='ocrx_word' id='word_1_138' title='bbox 689 2347 825 2416; x_wconf 81' lang='lat' dir='ltr'>maximi</span> <span class='ocrx_word' id='word_1_139' title='bbox 854 2351 1008 2417; x_wconf 90' lang='lat' dir='ltr'>momenti</span> <span class='ocrx_word' id='word_1_140' title='bbox 1040 2350 1286 2426; x_wconf 85' lang='lat' dir='ltr'>consectarium.</span> <span class='ocrx_word' id='word_1_141' title='bbox 1318 2351 1475 2442; x_wconf 87' lang='lat' dir='ltr'>Nempe,</span> 
     </span>
    </p>

    <p class='ocr_par' dir='ltr' id='par_1_6' title="bbox 255 2454 1478 2870">
     <span class='ocr_line' id='line_1_19' title="bbox 286 2454 1477 2548; baseline 0 -24"><span class='ocrx_word' id='word_1_142' title='bbox 286 2455 290 2462; x_wconf 82' lang='grc'><strong>’</strong></span> <span class='ocrx_word' id='word_1_143' title='bbox 339 2457 408 2548; x_wconf 84' lang='lat' dir='ltr'>jam</span> <span class='ocrx_word' id='word_1_144' title='bbox 424 2455 465 2523; x_wconf 87' lang='lat' dir='ltr'>ad</span> <span class='ocrx_word' id='word_1_145' title='bbox 481 2454 767 2524; x_wconf 86' lang='lat' dir='ltr'>determinandum</span> <span class='ocrx_word' id='word_1_146' title='bbox 786 2454 842 2545; x_wconf 87' lang='lat' dir='ltr'>jus</span> <span class='ocrx_word' id='word_1_147' title='bbox 863 2456 1055 2523; x_wconf 86' lang='lat' dir='ltr'>canonicum</span> <span class='ocrx_word' id='word_1_148' title='bbox 1077 2457 1112 2522; x_wconf 92' lang='lat' dir='ltr'>in</span> <span class='ocrx_word' id='word_1_149' title='bbox 1130 2456 1251 2541; x_wconf 83' lang='lat' dir='ltr'>Gallia,</span> <span class='ocrx_word' id='word_1_150' title='bbox 1271 2479 1337 2525; x_wconf 94' lang='lat' dir='ltr'>non</span> <span class='ocrx_word' id='word_1_151' title='bbox 1354 2458 1477 2548; x_wconf 87' lang='lat' dir='ltr'>inqui-</span> 
     </span>
     <span class='ocr_line' id='line_1_20' title="bbox 255 2562 1474 2654; baseline -0.002 -20"><span class='ocrx_word' id='word_1_152' title='bbox 255 2635 258 2646; x_wconf 73' lang='lat'>,</span> <span class='ocrx_word' id='word_1_153' title='bbox 343 2565 482 2634; x_wconf 89' lang='lat' dir='ltr'>rendum</span> <span class='ocrx_word' id='word_1_154' title='bbox 502 2587 571 2632; x_wconf 91' lang='lat' dir='ltr'>esse</span> <span class='ocrx_word' id='word_1_155' title='bbox 595 2563 676 2654; x_wconf 92' lang='lat' dir='ltr'>qnid</span> <span class='ocrx_word' id='word_1_156' title='bbox 698 2563 797 2630; x_wconf 87' lang='lat' dir='ltr'>luerit</span> <span class='ocrx_word' id='word_1_157' title='bbox 815 2562 901 2652; x_wconf 87' lang='lat' dir='ltr'>juris</span> <span class='ocrx_word' id='word_1_158' title='bbox 920 2573 995 2632; x_wconf 87' lang='lat' dir='ltr'>ante</span> <span class='ocrx_word' id='word_1_159' title='bbox 1017 2565 1247 2633; x_wconf 84' lang='lat' dir='ltr'>concordatum</span> <span class='ocrx_word' id='word_1_160' title='bbox 1264 2565 1346 2633; x_wconf 87' lang='lat' dir='ltr'>anni</span> <span class='ocrx_word' id='word_1_161' title='bbox 1366 2569 1474 2650; x_wconf 83' lang='lat'>1801,</span> 
     </span>
     <span class='ocr_line' id='line_1_21' title="bbox 344 2667 1478 2761; baseline 0.004 -23"><span class='ocrx_word' id='word_1_162' title='bbox 344 2671 400 2739; x_wconf 89' lang='lat' dir='ltr'>sed</span> <span class='ocrx_word' id='word_1_163' title='bbox 417 2678 544 2738; x_wconf 86' lang='lat' dir='ltr'>tuntum</span> <span class='ocrx_word' id='word_1_164' title='bbox 560 2667 639 2761; x_wconf 93' lang='lat' dir='ltr'>quid</span> <span class='ocrx_word' id='word_1_165' title='bbox 665 2671 722 2755; x_wconf 92' lang='lat' dir='ltr'>sit,</span> <span class='ocrx_word' id='word_1_166' title='bbox 751 2669 803 2738; x_wconf 88' lang='lat' dir='ltr'>vel</span> <span class='ocrx_word' id='word_1_167' title='bbox 818 2693 838 2736; x_wconf 88' lang='lat' dir='ltr'>a</span> <span class='ocrx_word' id='word_1_168' title='bbox 855 2670 929 2760; x_wconf 86' lang='lat' dir='ltr'>jure</span> <span class='ocrx_word' id='word_1_169' title='bbox 954 2672 1134 2758; x_wconf 89' lang='lat' dir='ltr'>communi,</span> <span class='ocrx_word' id='word_1_170' title='bbox 1159 2672 1247 2741; x_wconf 87' lang='lat' dir='ltr'>vela</span> <span class='ocrx_word' id='word_1_171' title='bbox 1270 2673 1478 2742; x_wconf 87' lang='lat' dir='ltr'>concordato</span> 
     </span>
     <span class='ocr_line' id='line_1_22' title="bbox 344 2777 1363 2870; baseline 0.002 -24"><span class='ocrx_word' id='word_1_172' title='bbox 344 2788 376 2846; x_wconf 87' lang='lat' dir='ltr'>et</span> <span class='ocrx_word' id='word_1_173' title='bbox 391 2777 528 2845; x_wconf 89' lang='lat' dir='ltr'>decretis</span> <span class='ocrx_word' id='word_1_174' title='bbox 543 2777 874 2845; x_wconf 86' lang='lat' dir='ltr'>consuetudinibnsvc</span> <span class='ocrx_word' id='word_1_175' title='bbox 894 2777 1166 2870; x_wconf 87' lang='lat' dir='ltr'>subsequentibus</span> <span class='ocrx_word' id='word_1_176' title='bbox 1181 2777 1363 2848; x_wconf 89' lang='lat' dir='ltr'>firmatum.</span> 
     </span>
    </p>

    <p class='ocr_par' dir='ltr' id='par_1_7' title="bbox 346 2885 1482 3196">
     <span class='ocr_line' id='line_1_23' title="bbox 390 2885 1480 2981; baseline 0.003 -25"><span class='ocrx_word' id='word_1_177' title='bbox 390 2887 550 2978; x_wconf 85' lang='lat' dir='ltr'>Equidem</span> <span class='ocrx_word' id='word_1_178' title='bbox 576 2885 653 2954; x_wconf 91' lang='lat' dir='ltr'>hnic</span> <span class='ocrx_word' id='word_1_179' title='bbox 676 2897 796 2954; x_wconf 82' lang='lat' dir='ltr'>uostrae</span> <span class='ocrx_word' id='word_1_180' title='bbox 824 2886 864 2954; x_wconf 92' lang='lat' dir='ltr'>de</span> <span class='ocrx_word' id='word_1_181' title='bbox 889 2889 1057 2978; x_wconf 90' lang='lat' dir='ltr'>antiquato</span> <span class='ocrx_word' id='word_1_182' title='bbox 1080 2888 1186 2980; x_wconf 83' lang='lat' dir='ltr'>priseo</span> <span class='ocrx_word' id='word_1_183' title='bbox 1207 2889 1282 2981; x_wconf 87' lang='lat' dir='ltr'>jure</span> <span class='ocrx_word' id='word_1_184' title='bbox 1307 2890 1480 2980; x_wconf 86' lang='lat' dir='ltr'>gallicano</span> 
     </span>
     <span class='ocr_line' id='line_1_24' title="bbox 346 2993 1480 3088; baseline 0.003 -25"><span class='ocrx_word' id='word_1_185' title='bbox 346 2996 522 3081; x_wconf 77' lang='lat' dir='ltr'>doctrinm,</span> <span class='ocrx_word' id='word_1_186' title='bbox 546 2993 735 3084; x_wconf 88' lang='lat' dir='ltr'>objecerunt</span> <span class='ocrx_word' id='word_1_187' title='bbox 759 2994 909 3062; x_wconf 91' lang='lat' dir='ltr'>nonnulli</span> <span class='ocrx_word' id='word_1_188' title='bbox 929 2994 1103 3062; x_wconf 89' lang='lat' dir='ltr'>cardinalis</span> <span class='ocrx_word' id='word_1_189' title='bbox 1124 2997 1278 3088; x_wconf 81' lang='lat' dir='ltr'>Caprnrae</span> <span class='ocrx_word' id='word_1_190' title='bbox 1297 2996 1480 3088; x_wconf 86' lang='lat' dir='ltr'>juraman-</span> 
     </span>
     <span class='ocr_line' id='line_1_25' title="bbox 347 3101 1482 3196; baseline 0 -23"><span class='ocrx_word' id='word_1_191' title='bbox 347 3115 419 3173; x_wconf 91' lang='lat' dir='ltr'>tum</span> <span class='ocrx_word' id='word_1_192' title='bbox 428 3154 438 3190; x_wconf 92' lang='lat'>,</span> <span class='ocrx_word' id='word_1_193' title='bbox 454 3101 519 3171; x_wconf 88' lang='lat' dir='ltr'>diei</span> <span class='ocrx_word' id='word_1_194' title='bbox 534 3105 551 3168; x_wconf 85' lang='grc'><strong>9</strong></span> <span class='ocrx_word' id='word_1_195' title='bbox 567 3101 681 3192; x_wconf 89' lang='lat' dir='ltr'>aprilis</span> <span class='ocrx_word' id='word_1_196' title='bbox 700 3104 803 3180; x_wconf 85' lang='lat'>1802;</span> <span class='ocrx_word' id='word_1_197' title='bbox 820 3101 876 3170; x_wconf 88' lang='lat' dir='ltr'>sed</span> <span class='ocrx_word' id='word_1_198' title='bbox 894 3124 1082 3193; x_wconf 88' lang='lat' dir='ltr'>perperam,</span> <span class='ocrx_word' id='word_1_199' title='bbox 1097 3109 1135 3169; x_wconf 89' lang='lat' dir='ltr'>ut</span> <span class='ocrx_word' id='word_1_200' title='bbox 1150 3104 1307 3194; x_wconf 86' lang='lat' dir='ltr'>probatur</span> <span class='ocrx_word' id='word_1_201' title='bbox 1321 3105 1482 3196; x_wconf 88' lang='lat' dir='ltr'>sequenti</span> 
     </span>
    </p>
   </div>
   <div class='ocr_carea' id='block_1_4' title="bbox 348 3209 960 3488">
    <p class='ocr_par' dir='ltr' id='par_1_8' title="bbox 348 3209 960 3488">
     <span class='ocr_line' id='line_1_26' title="bbox 348 3209 567 3306; baseline -0.018 -26"><span class='ocrx_word' id='word_1_202' title='bbox 348 3209 567 3306; x_wconf 79' lang='lat' dir='ltr'>paragrapho.</span> 
     </span>
     <span class='ocr_line' id='line_1_27' title="bbox 861 3397 960 3488; baseline 0 -22"><span class='ocrx_word' id='word_1_203' title='bbox 861 3397 881 3488; x_wconf 66' lang='grc' dir='ltr'>ξ</span> <span class='ocrx_word' id='word_1_204' title='bbox 903 3397 960 3466; x_wconf 92' lang='lat' dir='ltr'>lll.</span> 
     </span>
    </p>
   </div>
   <div class='ocr_carea' id='block_1_5' title="bbox 348 3597 1484 3937">
    <p class='ocr_par' dir='ltr' id='par_1_9' title="bbox 348 3597 1484 3937">
     <span class='ocr_line' id='line_1_28' title="bbox 348 3597 1484 3669; baseline 0.003 -16"><span class='ocrx_word' id='word_1_205' title='bbox 348 3602 422 3664; x_wconf 82' lang='lat' dir='ltr'>Quod</span> <span class='ocrx_word' id='word_1_206' title='bbox 439 3600 497 3652; x_wconf 85' lang='lat' dir='ltr'>Pius</span> <span class='ocrx_word' id='word_1_207' title='bbox 514 3599 560 3651; x_wconf 84' lang='lat' dir='ltr'>vu</span> <span class='ocrx_word' id='word_1_208' title='bbox 571 3609 738 3666; x_wconf 82' lang='lat' dir='ltr'>perseverare</span> <span class='ocrx_word' id='word_1_209' title='bbox 750 3598 914 3650; x_wconf 81' lang='lat' dir='ltr'>consenserit</span> <span class='ocrx_word' id='word_1_210' title='bbox 926 3597 1042 3662; x_wconf 85' lang='lat' dir='ltr'>priscum</span> <span class='ocrx_word' id='word_1_211' title='bbox 1052 3598 1095 3664; x_wconf 80' lang='lat' dir='ltr'>jur</span> <span class='ocrx_word' id='word_1_212' title='bbox 1107 3599 1265 3666; x_wconf 80' lang='lat' dir='ltr'>gallicanum</span> <span class='ocrx_word' id='word_1_213' title='bbox 1278 3600 1352 3666; x_wconf 82' lang='lat' dir='ltr'>(illud</span> <span class='ocrx_word' id='word_1_214' title='bbox 1366 3616 1484 3669; x_wconf 68' lang='lat' dir='ltr'>praeser-</span> 
     </span>
     <span class='ocr_line' id='line_1_29' title="bbox 379 3687 1484 3759; baseline 0.003 -16"><span class='ocrx_word' id='word_1_215' title='bbox 379 3693 425 3744; x_wconf 87' lang='lat' dir='ltr'>ttrn</span> <span class='ocrx_word' id='word_1_216' title='bbox 447 3691 518 3757; x_wconf 88' lang='lat' dir='ltr'>qnod</span> <span class='ocrx_word' id='word_1_217' title='bbox 542 3689 695 3742; x_wconf 79' lang='lat' dir='ltr'>libertatum</span> <span class='ocrx_word' id='word_1_218' title='bbox 708 3687 827 3739; x_wconf 69' lang='lat' dir='ltr'>Ecclesia</span> <span class='ocrx_word' id='word_1_219' title='bbox 846 3688 987 3753; x_wconf 70' lang='lat' dir='ltr'>pellicana</span> <span class='ocrx_word' id='word_1_220' title='bbox 1008 3689 1116 3740; x_wconf 88' lang='lat' dir='ltr'>nomine</span> <span class='ocrx_word' id='word_1_221' title='bbox 1140 3689 1273 3755; x_wconf 78' lang='lat' dir='ltr'>designari</span> <span class='ocrx_word' id='word_1_222' title='bbox 1297 3693 1411 3759; x_wconf 76' lang='lat' dir='ltr'>solebat)</span> <span class='ocrx_word' id='word_1_223' title='bbox 1435 3711 1484 3746; x_wconf 82' lang='lat' dir='ltr'>nc·</span> 
     </span>
     <span class='ocr_line' id='line_1_30' title="bbox 379 3777 1484 3848; baseline 0.003 -15"><span class='ocrx_word' id='word_1_224' title='bbox 379 3795 509 3848; x_wconf 82' lang='lat' dir='ltr'>quaquam</span> <span class='ocrx_word' id='word_1_225' title='bbox 531 3781 657 3846; x_wconf 86' lang='lat' dir='ltr'>probatur</span> <span class='ocrx_word' id='word_1_226' title='bbox 674 3793 705 3830; x_wconf 82' lang='lat' dir='ltr'>ex</span> <span class='ocrx_word' id='word_1_227' title='bbox 723 3778 871 3844; x_wconf 84' lang='lat' dir='ltr'>juramento</span> <span class='ocrx_word' id='word_1_228' title='bbox 886 3792 903 3828; x_wconf 85' lang='lat' dir='ltr'>a</span> <span class='ocrx_word' id='word_1_229' title='bbox 928 3777 1053 3828; x_wconf 86' lang='lat' dir='ltr'>cardinali</span> <span class='ocrx_word' id='word_1_230' title='bbox 1074 3779 1186 3843; x_wconf 81' lang='lat' dir='ltr'>capram</span> <span class='ocrx_word' id='word_1_231' title='bbox 1202 3781 1272 3844; x_wconf 85' lang='lat' dir='ltr'>apud</span> <span class='ocrx_word' id='word_1_232' title='bbox 1284 3781 1401 3846; x_wconf 84' lang='lat' dir='ltr'>primum</span> <span class='ocrx_word' id='word_1_233' title='bbox 1415 3799 1484 3836; x_wconf 90' lang='lat' dir='ltr'>con·</span> 
     </span>
     <span class='ocr_line' id='line_1_31' title="bbox 380 3865 1299 3937; baseline -0.004 -13"><span class='ocrx_word' id='word_1_234' title='bbox 380 3873 464 3924; x_wconf 72' lang='lat' dir='ltr'>intem</span> <span class='ocrx_word' id='word_1_235' title='bbox 481 3871 613 3937; x_wconf 77' lang='lat' dir='ltr'>prestito,</span> <span class='ocrx_word' id='word_1_236' title='bbox 625 3882 710 3932; x_wconf 80' lang='lat' dir='ltr'>neque</span> <span class='ocrx_word' id='word_1_237' title='bbox 724 3881 757 3918; x_wconf 82' lang='lat' dir='ltr'>ex</span> <span class='ocrx_word' id='word_1_238' title='bbox 769 3868 822 3917; x_wconf 90' lang='lat' dir='ltr'>ullo</span> <span class='ocrx_word' id='word_1_239' title='bbox 835 3865 887 3917; x_wconf 83' lang='lat' dir='ltr'>alio</span> <span class='ocrx_word' id='word_1_240' title='bbox 900 3865 1039 3930; x_wconf 83' lang='lat' dir='ltr'>pontilloiae</span> <span class='ocrx_word' id='word_1_241' title='bbox 1056 3866 1215 3919; x_wconf 80' lang='lat' dir='ltr'>auctoritatis</span> <span class='ocrx_word' id='word_1_242' title='bbox 1230 3874 1299 3920; x_wconf 82' lang='lat' dir='ltr'>actu.</span> 
     </span>
    </p>
   </div>
   <div class='ocr_carea' id='block_1_6' title="bbox 351 4100 1485 4310">
    <p class='ocr_par' dir='ltr' id='par_1_10' title="bbox 351 4100 1485 4310">
     <span class='ocr_line' id='line_1_32' title="bbox 395 4100 1485 4195; baseline 0.001 -22"><span class='ocrx_word' id='word_1_243' title='bbox 395 4106 434 4173; x_wconf 90' lang='lat' dir='ltr'>In</span> <span class='ocrx_word' id='word_1_244' title='bbox 467 4103 574 4195; x_wconf 88' lang='lat' dir='ltr'>prima</span> <span class='ocrx_word' id='word_1_245' title='bbox 602 4100 774 4192; x_wconf 82' lang='lat' dir='ltr'>praesentis</span> <span class='ocrx_word' id='word_1_246' title='bbox 806 4109 963 4169; x_wconf 88' lang='lat' dir='ltr'>tractatus</span> <span class='ocrx_word' id='word_1_247' title='bbox 988 4101 1129 4170; x_wconf 86' lang='lat' dir='ltr'>editione</span> <span class='ocrx_word' id='word_1_248' title='bbox 1153 4101 1236 4170; x_wconf 89' lang='lat' dir='ltr'>nihil</span> <span class='ocrx_word' id='word_1_249' title='bbox 1260 4102 1411 4172; x_wconf 87' lang='lat' dir='ltr'>diximus</span> <span class='ocrx_word' id='word_1_250' title='bbox 1441 4107 1485 4174; x_wconf 91' lang='lat' dir='ltr'>de</span> 
     </span>
     <span class='ocr_line' id='line_1_33' title="bbox 351 4207 1481 4310; baseline 0.001 -28"><span class='ocrx_word' id='word_1_251' title='bbox 351 4221 514 4310; x_wconf 78' lang='lat' dir='ltr'>praetenso</span> <span class='ocrx_word' id='word_1_252' title='bbox 530 4210 588 4278; x_wconf 92' lang='lat' dir='ltr'>illo</span> <span class='ocrx_word' id='word_1_253' title='bbox 607 4208 658 4276; x_wconf 91' lang='lat' dir='ltr'>Pii</span> <span class='ocrx_word' id='word_1_254' title='bbox 673 4207 735 4276; x_wconf 88' lang='lat' dir='ltr'>Vll</span> <span class='ocrx_word' id='word_1_255' title='bbox 750 4230 908 4277; x_wconf 85' lang='lat' dir='ltr'>consensu</span> <span class='ocrx_word' id='word_1_256' title='bbox 917 4258 928 4296; x_wconf 90' lang='lat'>,</span> <span class='ocrx_word' id='word_1_257' title='bbox 943 4209 978 4276; x_wconf 88' lang='lat' dir='ltr'>vi</span> <span class='ocrx_word' id='word_1_258' title='bbox 998 4208 1091 4298; x_wconf 82' lang='lat' dir='ltr'>cujus</span> <span class='ocrx_word' id='word_1_259' title='bbox 1106 4208 1251 4300; x_wconf 88' lang='lat' dir='ltr'>priscum</span> <span class='ocrx_word' id='word_1_260' title='bbox 1270 4209 1481 4300; x_wconf 85' lang='lat' dir='ltr'>gallicanum</span> 
     </span>
    </p>
   </div>
   <div class='ocr_carea' id='block_1_7' title="bbox 0 0 1537 4954">
    <p class='ocr_par' dir='ltr' id='par_1_11' title="bbox 0 0 1537 4954">
     <span class='ocr_line' id='line_1_34' title="bbox 0 0 1537 4954; baseline 0 0"><span class='ocrx_word' id='word_1_261' title='bbox 0 0 1537 4954; x_wconf 95' lang='lat' dir='ltr'> </span> 
     </span>
    </p>
   </div>
  </div>
 </body>
</html>
