3022 4950
308 510 326 572 2
659 531 833 576 rnncrnrus
855 534 893 577 un
916 531 1068 578 nannenus

306 690 434 758 semper
448 677 480 736 et
502 669 703 738 immutabile
728 671 810 740 :sed
833 695 875 740 cx
898 672 1000 763 ipsius
1025 679 1142 740 natura
1163 671 1370 761 consequitur
1385 679 1422 737 nt

304 777 405 866 possit
420 799 479 867 pro
498 778 598 844 variis
616 785 799 869 temporum
820 779 1071 848 circumstantiis
1093 779 1302 869 attemperari
1323 786 1422 870 atque

304 883 483 952 immutari.
510 885 583 953 Non
598 907 676 976 ergo
691 886 803 954 omnia
817 909 891 978 quae
906 887 1027 978 scripta
1041 887 1253 978 reperiuntur
1264 893 1296 953 et
1319 885 1421 954 variis

304 990 505 1080 temporibus
521 991 696 1082 viguerunt
709 993 785 1084 jura
798 995 1010 1063 ecclesiastica
1024 993 1137 1063 eadem
1151 995 1241 1063 lance
1257 992 1423 1084 pensanda

304 1106 379 1164 sunt
395 1107 425 1166 et
440 1099 534 1190 quasi
549 1100 662 1170 eodem
678 1102 775 1170 hodie
789 1104 905 1172 robore
918 1104 1060 1198 polleant
1076 1101 1267 1196 reputanda.
1283 1101 1378 1172 Unde
1390 1111 1423 1170 et

299 1205 384 1296 juris
404 1209 550 1278 canonici
575 1210 718 1280 studioso
751 1211 951 1304 praelibanda
974 1220 1022 1280 cst
1045 1211 1285 1304 praecipuarum
1307 1209 1421 1277 saltem

302 1315 483 1406 disciplinae
497 1317 718 1389 ecclesiesticae
733 1320 957 1390 evolutionum
972 1330 1068 1413 atque
1089 1325 1421 1410 temperamentorum

303 1420 456 1492 historica
477 1423 578 1493 notio.
599 1425 682 1494 Cum
705 1425 834 1496 tandem
851 1427 906 1519 jus
929 1427 1192 1512 ecclesiasticum,
1213 1426 1287 1494 licet
1308 1433 1422 1493 muta-

300 1530 377 1616 bile,
394 1533 588 1602 immutabili
602 1543 711 1604 tamen
724 1537 874 1607 Ecclesiae
888 1545 1042 1629 potestate
1056 1544 1154 1628 atque
1169 1534 1282 1603 divina
1297 1535 1420 1603 consti-

302 1641 426 1709 tutione
439 1649 592 1734 tanquam
609 1643 822 1721 fundamento
837 1645 973 1732 nitatur,
997 1653 1045 1712 est
1058 1643 1155 1711 etiam
1169 1643 1420 1712 fundamentum

301 1745 382 1814 illud
411 1751 700 1839 perscrutandum
737 1751 939 1844 exploranda
966 1751 1088 1820 scilicet
1116 1751 1276 1819 mirabilis
1304 1749 1360 1818 illa
1388 1758 1420 1818 et

301 1855 400 1924 nullis
414 1881 559 1951 unquam
575 1859 721 1928 adversis
735 1861 904 1929 conatibus
917 1858 1129 1928 convellenda
1140 1858 1336 1947 constitutio,
1353 1881 1421 1949 qua

301 1963 449 2032 Christus
465 1965 562 2035 bomo
576 1967 662 2036 Deus
676 1991 774 2037 snum
789 1969 824 2036 in
840 1967 936 2036 terris
948 1989 1088 2057 regnum
1104 1967 1299 2035 instructum
1315 1965 1419 2035 voluit

300 2079 397 2161 atque
410 2072 588 2142 firmatum.
607 2075 757 2144 Primum
774 2077 863 2143 enim
883 2085 914 2144 et
928 2074 1172 2144 fundamentale
1186 2073 1360 2142 Ecclesiae
1349 2097 1417 2164 Jus,

300 2186 348 2246 est
362 2179 499 2270 ipsamet
516 2181 588 2272 ejus
606 2183 804 2268 constitutio,
831 2205 871 2251 ex
896 2205 961 2272 qua
984 2183 1071 2272 leges
1085 2180 1212 2250 ferendi
1226 2189 1292 2249 tota
1305 2179 1419 2249 defluit

302 2295 450 2377 potestas.

345 2397 429 2464 Hinc
446 2406 639 2489 presentem
655 2399 695 2467 de
716 2398 931 2490 Principiis
909 2398 1002 2490 juris
1023 2398 1173 2467 canonici
1196 2405 1367 2466 tractatum
1383 2397 1417 2464 in

299 2512 439 2594 quatuor
452 2515 559 2596 partes
573 2505 849 2592 distribuendum,
866 2514 897 2574 et
912 2507 1087 2598 proposita
1103 2505 1246 2573 materiae
1268 2505 1363 2588 ratio,
1387 2513 1420 2570 et

300 2613 574 2682 instituendorum
601 2614 792 2683 clericorum
818 2615 911 2682 facile
938 2615 1039 2683 suasit
1070 2615 1202 2683 utilitas.
1236 2617 1266 2680 l
1289 2614 1351 2681 erit
1377 2616 1418 2680 de

300 2721 446 2790 natura
435 2721 520 2812 Juris
542 2721 706 2800 canonici;
732 2727 764 2790 2
790 2721 861 2790 de
853 2722 957 2813 ipsius
976 2722 1136 2809 lontibus;
1162 2720 1248 2789 3¹de
1271 2721 1417 2811 ejusdem

300 2827 483 2898 evolutione
499 2827 666 2914 historica;
687 2833 719 2897 4
735 2829 796 2898 de
786 2852 859 2920 Jure
875 2829 1025 2900 Ecclesiae
1040 2829 1258 2899 constitutivo.

668 3417 810 3511 PARS
854 3416 1048 3510 PRllllA.

551 3669 601 3724 DE
638 3668 795 3724 NATURA
825 3667 932 3722 JURIS
966 3638 1168 3724 CANONlCl.

300 4021 382 4090 forte
398 4016 594 4106 sufficiens),
614 4015 676 4083 de'
665 4015 749 4105 Juris
763 4015 909 4084 canonici
924 4023 1041 4085 natura
1055 4016 1205 4107 aliqualis
1220 4017 1329 4103 notio;
1349 4037 1414 4083 nou

299 4153 377 4198 vero
395 4153 434 4198 ca
452 4150 517 4220 qua
538 4126 732 4192 instructum
754 4122 947 4194 hodiernum
963 4127 1085 4196 clerum
1103 4126 1193 4194 decet
1210 4125 1252 4194 ad
1266 4147 1412 4217 pugnarn

297 4239 468 4330 procedere
489 4245 601 4306 contra
623 4233 815 4326 multiplices
836 4235 997 4304 obortos
987 4257 1054 4325 Jam
1077 4257 1216 4322 errores,
1239 4235 1360 4324 quibus
1382 4243 1413 4300 et

343 3912 459 3982 Paucis
483 3909 615 4000 quidem
641 3908 749 3976 verbis
770 3907 854 3975 tradi
878 3914 984 3998 posset
1006 3905 1189 3998 (praeteritis
1214 3904 1415 3995 temporibus
