3068 4948
536 487 619 534 tuuis
642 485 794 533 CANONlCl·

651 903 706 971 111.

199 1131 235 1180 De
252 1131 357 1181 nornine
374 1131 465 1190 trevir,
483 1130 516 1180 de
533 1129 587 1194 rjus
601 1130 693 1190 torma,
711 1135 736 1180 et
749 1143 765 1180 a
780 1144 832 1195 quo
849 1134 967 1198 tempore
984 1131 1128 1182 invaluerit.

151 1422 171 1459 ιι
197 1398 298 1463 Breve
320 1393 401 1462 illud
425 1393 556 1481 dicitur,
578 1395 635 1462 ubi
658 1417 725 1462 non
751 1396 926 1486 apponitur
946 1395 1090 1486 sigillum
1111 1395 1225 1488 plum-

101 1531 117 1569 ιι
145 1505 260 1590 beum,
290 1501 345 1571 sed
373 1501 408 1568 iu
438 1523 477 1570 co
503 1502 635 1591 signum
661 1501 697 1569 fit
718 1525 760 1570 ex
780 1523 854 1571 cera
880 1503 991 1590 rubra,
1019 1526 1093 1571 eum
1119 1501 1226 1593 sigillo

100 1641 117 1679 «
144 1611 292 1704 quodam
307 1612 365 1704 qui
380 1610 501 1680 dicitur
516 1611 662 1679 Armeclus
677 1612 892 1681 Piscatores...
915 1612 1105 1705 Diciturque
1121 1613 1224 1692 breve,

102 1751 119 1788 ι
146 1721 243 1814 quasi
269 1719 420 1813 quodibi
441 1721 629 1789 summatim
645 1719 835 1791 rescribitur
849 1730 880 1790 ct
897 1722 1102 1791 brevioribus
1119 1722 1227 1791 verbis

103 1857 129 1914 ιι,
149 1853 251 1923 quam
275 1829 311 1898 in
330 1827 441 1916 bullis,
464 1828 498 1896 in
524 1827 645 1919 quibua
662 1830 765 1918 magis
779 1828 945 1923 pontificia
960 1829 1102 1919 dignitas
1118 1829 1228 1922 expli-

104 1967 121 2006 «
148 1947 244 2007 catur
264 1947 362 2030 atque
387 1936 528 2026 longiori
552 1958 713 2006 sermone.
740 1937 866 2006 Dicitur
886 1937 1039 2006 Annulus
1054 1939 1227 2006 Piscatoris

104 2075 121 2112 ι
149 2047 207 2114 ille
225 2069 290 2138 quo
314 2045 488 2134 signantur
511 2043 637 2130 brevia,
665 2044 742 2136 quia
764 2043 957 2136 simpliciter
980 2067 1017 2113 eo
1033 2067 1113 2113 usus
1129 2045 1228 2114 luisse

105 2183 122 2221 ιι
149 2155 192 2223 Ι).
211 2155 327 2222 Petrus
344 2153 447 2220 fertur
457 2178 466 2238 ;
482 2151 689 2243 continetque
709 2150 886 2241 imaginem
902 2152 941 2218 D:
960 2151 1059 2238 Petri,
1077 2152 1227 2221 eomodo

105 2291 122 2327 ιι
150 2285 219 2353 quo
233 2284 251 2328 e
266 2259 414 2328 navicula
430 2259 465 2326 in
483 2257 566 2326 mari
581 2257 776 2349 piscabatur.

154 2399 173 2436 ιι
196 2374 227 2440 Α
241 2371 387 2462 quinque
402 2369 528 2436 circiter
549 2368 677 2438 saeculis
692 2391 770 2437 usus
793 2369 930 2437 inolevit
952 2369 986 2436 in
1002 2370 1156 2438 brevibus
1170 2393 1228 2462 ap-

108 2509 124 2544 ιι
151 2479 230 2571 poni
257 2476 428 2546 Annulum
451 2475 545 2545 illum
573 2475 607 2542 in
636 2498 709 2543 cera
733 2475 844 2563 rubra,
868 2499 942 2545 cum
968 2477 1059 2569 prius
1081 2501 1230 2570 appone-

108 2617 125 2653 ιι
151 2596 243 2656 retur
258 2587 355 2656 etiam
372 2585 516 2675 sigillum
534 2584 734 2676 plumbeum.
761 2609 777 2648 n
806 2584 915 2676 (Card.
931 2585 1037 2674 Petra,
1055 2593 1078 2655 t.
1098 2587 1123 2673 l,
1142 2608 1174 2678 p.
1196 2591 1226 2672 5,

104 2697 186 2766 edit.
204 2697 332 2782 Romae,
354 2695 465 2784 1705.)

156 2833 172 2871 ιι
197 2805 283 2873 Olim
306 2804 351 2873 ait
369 2801 578 2870 Mobillonius
602 2803 662 2876 tlte
681 2826 716 2871 re
736 2803 963 2896 diplomatico,
983 2813 1006 2870 t.
1025 2805 1066 2890 ll,
1084 2826 1154 2896 cap.
1176 2808 1229 2891 14,

112 2943 128 2979 ιι
152 2915 174 3006 ξ
194 2913 241 3003 2),
260 2921 327 2980 tam
351 2910 509 2979 brevibus
531 2933 629 3002 quam
649 2911 747 2979 bullis
765 2911 852 2980 idem
871 2911 1019 3002 sigillum
1040 2912 1229 3005 plumbeum

110 3051 128 3089 ιι
151 3022 375 3114 apponebatur
394 3048 401 3087 :
420 3041 477 3088 nec
498 3021 564 3088 scio
588 3043 630 3088 an
650 3021 790 3088 multum
815 3028 889 3088 ante
912 3043 1016 3088 annos
1037 3025 1100 3089 too
1115 3021 1231 3090 inven-

113 3160 129 3198 ι
154 3133 270 3200 tussit
294 3129 448 3199 Annulus
473 3129 658 3198 Piscatoris.
690 3129 737 3197 De
764 3153 802 3197 eo
828 3129 961 3222 quidem
985 3128 1068 3197 nihil
1090 3153 1150 3219 ego
1166 3130 1230 3219 legi

114 3267 130 3303 ιι
154 3239 321 3331 antiquius
340 3259 439 3329 quam
464 3236 551 3327 qnod
567 3236 666 3304 refert
680 3237 852 3305 Massonus
868 3237 900 3304 in
917 3236 1083 3306 Clemente
1099 3237 1157 3325 lV,
1174 3238 1231 3328 qui

115 3373 130 3410 ιι
154 3360 240 3414 nuno
268 3347 352 3413 tuot
380 3344 530 3413 Pontifex
557 3345 775 3430 renuntiatus,
805 3344 972 3436 epistolam
995 3343 1036 3412 ad
1061 3344 1232 3434 AEgidinm

116 3483 132 3522 ι
154 3457 310 3525 Grossum
334 3450 616 3542 consanguineum
642 3475 739 3521 sunm
762 3452 806 3520 ita
821 3451 985 3519 concludit
1003 3480 1010 3520 :
1028 3454 1103 3524 Non
1117 3452 1234 3520 suiti-

117 3592 132 3628 ι
156 3589 227 3634 mus
243 3564 313 3646 tibi,
331 3585 388 3631 nec
403 3563 648 3654 consanguineis
662 3561 791 3644 nostris,
810 3561 870 3628 sub
888 3561 989 3642 bullo,
1009 3559 1066 3629 sed
1079 3561 1138 3628 sub
1157 3561 1232 3628 Pis-

117 3699 132 3737 ι
154 3673 276 3742 catoris
284 3671 404 3763 sigillo,
418 3693 482 3762 quo
493 3669 636 3740 Romani
642 3669 815 3762 Pontifices
824 3669 859 3736 in
870 3667 936 3738 suci
946 3670 1071 3737 secretis
1080 3681 1232 3737 tetstatur.

118 3809 134 3846 ι
154 3779 309 3849 Nondum
331 3779 453 3870 quippe
476 3777 511 3844 in
536 3777 693 3845 brevibus
713 3776 871 3846 usitatum
888 3785 959 3846 crat
973 3775 1060 3844 istud
1075 3775 1234 3866 sigillum,

120 3914 134 3952 ιι
156 3887 209 3958 sed
232 3888 268 3955 in
280 3887 402 3956 litteris
418 3886 568 3980 privatis,
582 3886 618 3954 in
640 3885 761 3977 quibus
778 3886 875 3956 modo
889 3885 1065 3956 Pontifices
1080 3886 1238 3978 symbolis

121 4023 135 4059 ιι
156 3994 327 4086 gentilitiis
357 3995 560 4086 (armoiries)
597 4001 747 4062 utuntur.
780 3995 875 4064 Certe
904 4000 1063 4088 quotquot
1093 3991 1238 4062 vidimus

122 4115 225 4175 cante
251 4105 284 4172 id
313 4115 442 4196 tempus
468 4105 609 4173 minutas
636 4104 833 4172 Pontificum
865 4105 998 4190 litterae,
1028 4104 1240 4196 quantumvis

126 4243 141 4278 ιι
160 4215 278 4284 breves
302 4221 333 4280 ct
359 4213 474 4303 exiles,
498 4212 641 4302 sigillum
658 4211 847 4306 plumbeum
870 4212 1236 4304 habebantappensum.
