3050 4946
348 429 409 497 tst
700 447 875 494 raimerus
898 449 936 494 oa
959 443 1112 494 camenus

346 589 551 659 schismatico
576 586 703 673 Pbotio,
727 589 881 678 allegatas
902 611 968 656 non
992 587 1091 656 fuisse
1116 585 1293 654 decretales
1308 575 1464 655 Enaristi.

346 699 534 778 Alexandra,
559 698 661 777 Sinti,
685 707 716 766 et
739 698 817 766 alias
843 697 1032 787 hujusmodi
1056 705 1130 764 ante
1155 695 1463 763 Pseudo-lsidornu

343 807 535 896 incognitas.
552 807 686 875 Certum
702 815 762 890 est,
780 805 813 872 in
830 828 889 872 aua
903 804 1090 896 epistolaad
1112 805 1336 872 Hincmarum
1352 804 1468 870 mensi<

344 915 456 1004 aprilis
481 914 559 980 anni
577 917 652 1000 863,
669 914 703 980 in
719 935 784 1004 qua
807 912 911 980 fontes
927 912 1048 980 indicat
1059 913 1146 979 unde
1159 912 1314 980 Romana
1331 910 1468 978 Ecclesia

344 1023 526 1114 disciplina
554 1022 684 1112 regulas
705 1022 886 1107 hauriebat,
908 1023 1017 1112 ipsum
1043 1043 1241 1090 memorasse
1256 1020 1403 1112 quidem
1419 1021 1470 1085 de·

343 1134 476 1201 cretales
507 1133 630 1212 Siricii,
663 1133 854 1210 iunocentii,
895 1132 1034 1212 Zosimi,
1070 1131 1236 1200 Caelestini
1263 1139 1295 1198 et
1330 1129 1466 1198 aliorum

341 1241 436 1332 juxta
469 1241 689 1309 collectionem
729 1239 878 1329 Dionysii
914 1240 1048 1328 Exigui,
1088 1239 1226 1307 minime
1265 1260 1352 1306 vero
1381 1237 1470 1304 falsas

342 1349 517 1416 decretales
539 1347 752 1432 lsidoriauas3
780 1348 825 1415 ita
841 1357 876 1416 ut
903 1347 1003 1414 etiam
1030 1347 1120 1414 ialsae
1140 1347 1347 1414 collectionis
1370 1347 1469 1413 exsis-

342 1460 476 1527 tentiam
501 1465 579 1524 tunc
600 1458 767 1546 ignorasse
789 1455 951 1522 videatur.
975 1455 1110 1523 Certum
1136 1461 1195 1537 est,
1220 1454 1253 1520 in
1276 1477 1342 1520 sua
1364 1464 1468 1521 octava

342 1567 383 1634 ad
406 1566 597 1634 Michaelem
622 1566 854 1656 imperatorem
881 1564 1028 1654 epistola,
1055 1562 1133 1630 anni
1154 1566 1230 1648 tot,
1247 1563 1285 1628 in
1302 1586 1376 1653 qua
1391 1573 1467 1630 totus

342 1683 390 1742 est
405 1675 438 1740 in
453 1672 633 1740 asserendis
646 1681 678 1740 et
695 1671 896 1740 vindicandis
912 1679 1025 1739 contra
1045 1670 1201 1738 Photium
1222 1670 1395 1738 Romanae
1412 1671 1468 1738 Se-

344 1781 394 1849 dis
412 1781 543 1871 juribus
557 1789 588 1848 et
602 1781 793 1871 privilegiis,
811 1780 937 1848 nullam
958 1780 1036 1847 item
1053 1779 1094 1846 ab
1117 1801 1155 1846 eo
1171 1778 1353 1866 allegatam
1377 1780 1468 1848 fuisse

344 1887 460 1956 falsam
477 1885 739 1955 Pseudo-laidori
755 1887 960 1955 decretalem.

388 1995 528 2064 Videtur
549 2003 658 2062 tamen
678 1995 775 2086 paulo
796 2002 867 2084 post
889 1996 951 2087 ipsi
971 2018 1011 2062 ex
1034 1995 1138 2064 Gallia
1153 1996 1285 2063 allatam
1303 1995 1351 2064 de
1373 1997 1469 2064 lsido

345 2106 438 2172 riona
463 2103 648 2172 collectione
673 2103 835 2187 notitiam,
864 2112 895 2171 et
922 2103 1005 2172 forte
1024 2102 1121 2171 etiam
1141 2103 1272 2193 aliquod
1297 2105 1469 2194 exemplar

345 2213 420 2282 inde
448 2214 510 2281 sibi
537 2223 614 2280 tunc
640 2213 853 2302 comparavit.
883 2211 946 2279 Sed
975 2211 1058 2280 illud
1086 2212 1222 2280 omnino
1248 2223 1384 2281 certum
1413 2224 1464 2296 est,

345 2323 454 2413 ipsum
472 2321 541 2412 jam
567 2320 734 2388 rescivisse
757 2319 840 2387 banc
857 2319 1080 2386 collectionem
1100 2320 1134 2386 in
1153 2341 1213 2386 usu
1229 2342 1299 2388 esse
1314 2321 1353 2387 in
1370 2322 1469 2390 Gallia

343 2429 475 2519 quando
500 2427 669 2518 epistolam
694 2449 789 2494 auam
809 2431 848 2492 tr
866 2426 913 2494 ad
933 2427 1111 2516 Episcopos
1138 2427 1414 2514 (indedirexit,
1430 2430 1469 2496 si-

343 2537 478 2626 quidem
503 2535 536 2602 in
565 2534 621 2601 illa
641 2533 776 2624 epistola
800 2534 845 2600 sic
869 2532 909 2600 de
931 2533 1019 2600 falsis
1040 2533 1106 2600 illis
1118 2533 1231 2600 Isidori
1248 2534 1470 2603 decretalibus

345 2643 441 2710 babet
459 2670 466 2709 :
485 2646 568 2711 Cum
597 2640 671 2730 ipsi,
693 2641 750 2708 ndi
772 2663 840 2708 suae
863 2640 1036 2708 intentioni
1056 2641 1125 2709 daec
1140 2641 1320 2731 suffragari
1338 2646 1470 2734 conspi-

343 2750 444 2828 ciunt,
463 2749 530 2816 illis
545 2747 763 2838 indifferenter
776 2759 926 2827 utantur,
946 2760 976 2813 et
987 2747 1094 2814 solum
1107 2771 1191 2815 nunc
1200 2746 1247 2814 ad
1255 2749 1471 2818 imminutio-

343 2879 417 2924 nem
436 2856 607 2946 potestatis
629 2854 724 2923 Sedis
744 2856 944 2944 Apostolieae,
973 2867 1004 2922 et
1020 2854 1067 2922 nd
1079 2877 1215 2922 suorum
1230 2873 1470 2945 arpumentum

340 2964 590 3056 privilegiorum
616 2963 723 3030 minsis
749 2977 881 3052 accepto
902 2985 965 3030 esse
984 2963 1166 3054 prebeant.
1191 2964 1231 3030 Et
1246 2986 1365 3032 revera
1382 2969 1469 3058 quod

342 3083 420 3140 tunc
443 3080 590 3161 receptus
614 3079 697 3137 esset
718 3070 806 3160 apud
822 3070 939 3138 Galliae
958 3071 1114 3138 Ecclesiae
1131 3071 1330 3140 Isidorianus
1345 3076 1468 3144 codex.

342 3189 476 3248 testatur
501 3178 647 3269 synodus
669 3177 898 3245 Carisiacensia
921 3177 1098 3269 (Quiercy)‚
1119 3180 1196 3246 anni
1221 3183 1296 3264 857,
1317 3203 1401 3270 quas
1418 3183 1467 3250 illo

343 3298 474 3460 usiliiiil
493 3399 572 3466 ergo
591 3376 658 3464 egit
677 3375 827 3444 Nicotaus
847 3376 873 3461 Ι,
892 3385 922 3442 et
936 3374 1022 3444 unde
1043 3377 1077 3444 in
1092 3377 1186 3445 illum
1200 3388 1316 3446 exorta
1331 3381 1464 3450 calunn-

342 3488 421 3554 nia‘l
449 3487 495 3554 De
520 3485 648 3552 duobus
672 3482 838 3571 redarguit
863 3483 1081 3551 Hincmarum
1113 3494 1144 3552 et
1171 3485 1251 3554 alios
1278 3486 1465 3557 Gallicanos

339 3595 513 3686 Episcopos
533 3620 540 3659 :
562 3595 593 3660 1ο
613 3591 701 3682 quod
722 3588 866 3658 codicem
889 3590 1108 3660 Isidoriauum
1129 3592 1310 3684 reciperent
1330 3596 1464 3684 quando

338 3701 496 3790 agebatur
518 3699 558 3766 dc
574 3699 722 3790 ipsorum
743 3697 935 3787 privilegiis,
959 3699 1127 3790 rejicerent
1143 3723 1220 3770 vero
1236 3702 1371 3792 quaudo
1390 3727 1463 3794 age·

339 3811 436 3878 batur
449 3807 489 3876 de
505 3807 687 3899 privilegiis
701 3805 795 3875 Sedis
809 3806 970 3874 Romanae
986 3835 993 3874 :
1009 3817 1095 3896 patet
1111 3807 1179 3876 haec
1194 3810 1412 3900 exprobratio
1426 3836 1462 3880 es·

340 3917 448 3986 verbis
475 3915 577 4006 ipsius
601 3913 699 3983 modo
720 3913 840 3981 relatis.
858 3917 892 3980 2⁰
906 3914 1078 3982 Immerito
1092 3915 1133 3982 ab
1148 3916 1227 4006 ipsis
1244 3917 1335 4010 rejici
1350 3919 1461 3990 decre·

338 4026 416 4092 tales
443 4031 591 4091 veterum
619 4020 816 4089 Pontificum
842 4043 884 4088 ex
913 4043 950 4088 ea
978 4029 1106 4089 tantum
1131 4023 1255 4092 ratione
1277 4026 1368 4116 qood
1392 4027 1460 4094 illas

337 4155 402 4200 uon
426 4130 604 4200 contineret
621 4127 722 4196 codex
741 4128 938 4214 Hadrianus
956 4151 1033 4196 cum
1049 4129 1172 4220 possint
1191 4154 1260 4199 esse
1277 4133 1385 4201 mrrlta
1401 4157 1457 4201 ao-
