3042 4946
564 510 646 558 cnms
668 511 819 560 eunome.
1184 494 1240 560 att

135 648 271 718 Patrem
292 651 351 742 qui
371 651 550 720 Ecclesiam
575 673 639 718 non
664 650 761 718 habet
789 663 941 720 matrem.
969 653 1010 720 Si
1032 653 1115 744 quis,
1139 654 1247 745 inquit

135 755 354 846 Augustinus,
382 758 502 850 absque
525 757 669 827 Ecclesia
694 759 844 827 irmeneus
863 760 978 849 suerit,
1005 761 1129 830 elienses
1153 775 1199 830 est
1225 785 1246 830 a

134 887 272 933 numero
289 865 450 956 liliorum.
472 867 513 936 Et
532 866 654 935 similia
676 866 937 959 frequentissime
960 878 1135 940 oceumunt
1159 870 1246 963 apud

134 993 251 1041 omnes
263 972 412 1044 matesc
425 974 547 1044 Patres.

180 1081 243 1152 lv·
263 1081 426 1168 Probatio.
447 1120 492 1135 -
512 1082 562 1154 Ex
580 1082 726 1175 eoquod
752 1090 910 1175 repugnet
935 1083 1102 1175 sapientias
1125 1085 1246 1154 Christi

134 1189 310 1259 Ecclesiam
336 1191 544 1278 instituentis,
573 1191 664 1260 illam
696 1213 762 1259 non
790 1213 859 1260 esse
881 1191 923 1259 ah
943 1191 1098 1261 omnibns
1123 1193 1247 1263 ineun-

135 1298 225 1368 dam.
242 1337 287 1352 -
298 1299 350 1368 Ex
365 1299 623 1391 precedentibus
637 1298 914 1392 propositionibus
935 1306 1059 1369 mnatat
1075 1299 1245 1371 Christum

64 1457 68 1460 -
134 1406 315 1476 Ecclesiam
335 1407 513 1476 instituisso
532 1429 609 1476 cum
627 1406 735 1476 forma
749 1407 925 1496 moietatis3
943 1406 1121 1499 etquidem
1139 1409 1245 1476 socie-

134 1515 209 1582 tatis
220 1513 370 1601 visibilis,
381 1513 540 1582 distinctas
552 1524 584 1584 et
593 1514 776 1607 completa.
791 1515 893 1607 Atqui
905 1524 1065 1606 repugnat
1079 1515 1245 1608 sapientia

134 1622 257 1692 Christi
286 1623 358 1691 talis
384 1621 562 1707 institutio,
591 1622 653 1690 nisi
681 1623 778 1691 etiam
813 1629 966 1691 statueret
999 1623 1175 1692 Eeeleumn
1205 1629 1246 1693 ab

134 1729 290 1798 omnihus
323 1729 514 1798 ineundam.
544 1729 718 1821 Repugnat
746 1731 834 1797 enim
864 1730 1032 1798 Christum
1061 1731 1247 1799 societatem

134 1837 303 1906 instituere
323 1859 397 1929 quse
423 1837 548 1906 nullam
575 1835 709 1906 haberet
730 1836 937 1915 firmitatem
951 1837 1050 1928 ⁴atqui
1072 1837 1146 1906 talis
1164 1848 1247 1908 esset

134 1945 276 2015 Ecclesia
289 1946 317 2014 si
330 1947 371 2014 ah
385 1947 538 2016 omnihus
552 1968 618 2016 nou
631 1955 714 2015 esset
728 1969 771 2015 ex
785 1946 982 2036 obligatione
997 1947 1150 2018 ineunda.
1163 1949 1247 2019 Nam

136 2055 165 2122 si
180 2055 330 2124 homines
345 2076 411 2125 uon
426 2064 596 2125 teneantur
610 2055 784 2124 Ecclesiam
807 2078 826 2122 a
845 2055 975 2125 Christo
993 2057 1175 2127 institutam
1191 2059 1248 2125 in-

136 2163 242 2254 gredi,
259 2165 340 2233 hene
355 2173 489 2256 possunt
511 2185 627 2234 omnes
648 2164 770 2255 absque
790 2172 920 2255 peccato
932 2172 966 2232 et
980 2164 1092 2232 salutis
1113 2165 1248 2257 dispen-

136 2271 192 2340 dio
214 2278 308 2340 extra
327 2271 418 2339 illam
441 2271 564 2358 vivere,
584 2269 687 2361 ipsius
710 2270 892 2339 auctoritati
919 2290 984 2339 nou
1008 2269 1137 2361 subjici,
1155 2271 1246 2340 illam

136 2379 307 2448 docentem
322 2387 354 2447 et
368 2386 535 2468 regentem
551 2398 616 2445 non
631 2376 755 2445 audire.
777 2377 840 2446 Sed
862 2399 955 2470 posse
973 2377 1122 2446 homines
1137 2377 1247 2447 Eccle-

136 2486 221 2556 siam
237 2487 282 2554 sic
304 2487 452 2554 deserere
473 2493 505 2553 et
524 2493 617 2552 extra
640 2483 732 2552 illam
757 2505 901 2572 manere,
917 2483 1005 2553 idem
1027 2492 1075 2553 est
1096 2507 1134 2554 ac
1155 2509 1248 2578 posse

136 2617 211 2664 eam
229 2593 360 2687 quando
375 2593 456 2685 ipsis
473 2593 629 2684 placuerit
650 2592 867 2684 supprimere,
884 2592 1047 2685 siquidem
1068 2594 1249 2665 recedenti-

138 2703 200 2770 bus
221 2701 379 2771 memhris
399 2701 557 2770 societatis
576 2701 727 2792 alicujus,
749 2702 832 2793 perit
850 2700 907 2770 illa
926 2701 1079 2788 soaietas;
1104 2725 1182 2793 erge
1204 2705 1249 2772 ita

138 2809 316 2878 Ecclesiam
332 2831 426 2878 suam
447 2809 638 2878 instituisset
652 2808 801 2878 Christus
820 2817 858 2875 ut
880 2808 1030 2876 homines
1045 2819 1175 2900 possent
1190 2835 1249 2903 pro

137 2916 233 2985 libitu
256 2939 316 2986 suo
340 2939 414 3005 eam
438 2914 618 3002 destruere;
646 2936 725 3006 ergo
748 2915 874 2984 nullum
901 2914 1089 2984 firmitatem
1117 2916 1249 2988 haberet

138 3022 259 3092 Christi
283 3022 453 3108 institutio,
477 3044 576 3114 quam
601 3031 711 3090 umen
736 3021 886 3112 promisit
911 3021 1138 3091 firmissimam
1162 3024 1247 3105 lore;

138 3152 217 3221 ergo
232 3131 295 3200 nisi
312 3129 454 3199 Ecclesia
469 3130 511 3198 ah
530 3129 686 3198 omnihus
704 3128 850 3198 ineunda
868 3129 921 3214 sit,
937 3128 970 3197 in
989 3129 1099 3200 Verbo
1117 3131 1178 3199 Dei
1196 3133 1250 3200 in-

137 3248 270 3308 carnato
291 3238 481 3331 sapientiam
504 3235 657 3307 deiecisse
675 3236 850 3306 dicendum
865 3244 924 3305 est.
941 3275 986 3290 -
1000 3237 1163 3308 Praeterea
1177 3239 1250 3310 ideo

140 3347 280 3418 Ecclesia
295 3370 360 3417 non
371 3355 456 3416 essm
465 3369 507 3416 ex
521 3347 717 3438 obligatione
732 3346 887 3433 ineunda,
900 3347 977 3438 quia
989 3347 1128 3439 quisque
1143 3357 1250 3440 posset

141 3456 297 3546 privatim
325 3466 357 3524 et
386 3465 479 3524 extra
508 3455 691 3524 societatem
715 3479 735 3524 a
759 3454 889 3524 Christe
914 3455 1111 3544 institutam,
1136 3479 1249 3527 veram

141 3564 263 3634 Christi
283 3565 464 3635 doctrinam
487 3566 645 3656 profiteri,
661 3585 773 3633 veram
796 3561 943 3652 regulam
965 3585 1097 3632 morum
1116 3573 1148 3633 et
1162 3587 1250 3656 pras-

140 3681 232 3764 cepta
245 3671 367 3742 Christi
387 3694 517 3741 noscere
531 3681 563 3740 et
577 3672 724 3764 exsequi,
741 3679 773 3739 et
793 3669 902 3738 media
919 3693 939 3737 a
961 3671 1092 3740 Christo
1106 3671 1149 3740 ad
1162 3672 1252 3741 salu-

141 3789 206 3850 tam
222 3777 456 3872 assequendam
471 3779 616 3848 instituta
630 3778 691 3846 sihi
705 3778 877 3871 applicare.
890 3776 953 3846 Sed
964 3777 992 3845 si
1007 3777 1054 3846 ita
1066 3787 1126 3863 est,
1137 3778 1251 3848 inutile

140 3886 204 3956 fuit
218 3885 384 3956 Christum
401 3885 584 3956 societatem
606 3884 777 3954 instituere
792 3885 828 3953 in
850 3885 939 3953 hunc
957 3883 1071 3971 finerm
1089 3893 1126 3953 ut
1140 3884 1251 3954 homi·

141 4017 199 4063 nes
212 4016 324 4064 veram
346 3994 445 4063 tidem
467 3993 623 4081 docendo,
639 4002 670 4062 et
694 3993 802 4062 media
825 3992 938 4061 salutis
957 3993 1037 4084 ipsis
1059 3993 1251 4084 applicando

141 4110 173 4170 et
186 4102 264 4194 ipsis
277 4110 388 4194 aptam
404 4123 537 4172 morum
550 4101 699 4192 regulam
716 4101 927 4190 imponendo,
945 4101 986 4169 ad
1000 4109 1155 4170 aeternam
1168 4102 1250 4170 hea-

142 4209 315 4281 titudinem
331 4209 532 4301 perduceret.
549 4210 652 4279 Porro
673 4207 838 4299 sapientias
857 4207 979 4276 Christi
1001 4216 1160 4299 repugnat
1174 4209 1251 4280 inu-
