3072 4948
529 467 612 514 runis
634 467 785 513 annosior.
1154 445 1211 510 331

103 603 173 676 alim
193 607 400 695 obedientior,
424 631 500 700 quas
517 616 642 677 tantum
656 615 858 677 emerserunt
870 616 942 700 post
959 608 1134 676 sessionem
1159 609 1211 674 13.

103 755 144 768 -
157 715 351 805 Basilecnse,
382 717 459 786 anni
488 720 585 804 1131,
607 716 647 785 de
667 739 732 809 quo
759 716 839 784 nihil
865 723 974 786 ratum
995 724 1026 784 et
1041 715 1214 808 probatum

103 823 163 891 nisi
178 823 331 915 qaaedem
345 825 571 918 dispositiones
584 825 669 894 circa
681 822 838 893 beneficis
857 824 1079 893 ecelesiastica.

145 931 202 1000 tv.
222 957 240 996 a
263 932 329 1002 Nec
349 933 565 1027 approbatum
589 955 647 1001 nec
662 933 882 1026 improbatum
899 930 1109 1002 videturesse
1123 931 1217 1000 Pisa-

108 1069 122 1103 «
145 1064 234 1123 uum,
262 1041 349 1134 quod
369 1065 455 1112 anno
478 1046 561 1112 1409
584 1041 734 1134 deposuit
750 1040 945 1132 Gregorium
961 1040 1023 1108 ΧΗ
1048 1049 1080 1109 et
1106 1041 1216 1108 Bene-

107 1175 122 1212 a
143 1149 265 1220 dictum
290 1151 380 1238 XIII,
401 1175 461 1244 pro
483 1151 639 1222 Pontifice
661 1175 695 1219 se
716 1158 876 1242 gerentes,
897 1159 928 1217 et
946 1148 1043 1238 elegit
1069 1147 1214 1216 Alexan·

106 1258 239 1327 «drum
265 1259 306 1328 V.
331 1285 348 1324 s
381 1259 693 1350 (Sehmalzgrueber,
722 1259 851 1328 dissert.
879 1255 1089 1349 prooemialis,
1127 1255 1148 1346 ᾖ
1180 1259 1212 1339 8,

105 1383 138 1434 u·
151 1368 241 1456 341.)

641 1578 681 1646 II.

105 1781 209 1832 Decreta
225 1783 396 1834 conciliorum
414 1782 573 1846 generalium
588 1798 603 1834 a
618 1785 684 1836 Sede
701 1784 851 1848 Apostolica
872 1783 1023 1836 confirmate
1047 1783 1101 1834 vim
1122 1782 1221 1834 habent

133 1871 195 1936 tegle
210 1871 375 1932 universalis,
390 1876 416 1922 et
433 1876 493 1924 sunt
509 1887 577 1923 uuus
594 1887 626 1923 ex
641 1874 755 1925 lontibus
771 1872 836 1937 juris
848 1873 968 1924 canonici
981 1871 1070 1924 stricte
1081 1871 1185 1936 sumpti.

145 2113 236 2182 Hanc
257 2114 511 2208 propositionem
535 2113 737 2184 orthodoxus
757 2114 867 2184 nullus
890 2115 924 2182 in
951 2113 1089 2183 dubium
1111 2120 1217 2182 vocet.

104 2220 178 2311 ujus
202 2229 311 2290 autem
338 2223 457 2292 veritas
477 2222 614 2290 evidens
638 2224 674 2291 tit
695 2245 736 2291 cs
758 2244 796 2291 eo
823 2221 909 2314 quod
932 2228 1020 2289 certo
1040 2219 1157 2287 existat
1184 2218 1219 2288 in

103 2327 243 2398 Ecclesia
264 2339 402 2422 potestas
421 2329 615 2421 legislativa,
641 2339 672 2398 et
696 2331 755 2398 ista
781 2336 919 2422 potestas
938 2328 1051 2396 debeat
1073 2348 1218 2398 necessa-

105 2435 151 2504 rio
189 2438 335 2506 inveniri
371 2437 404 2506 in
440 2437 674 2508 coadunatione
711 2438 893 2530 primorum
939 2444 1104 2529 pastorum
1143 2457 1219 2502 cum

104 2565 230 2613 summo
265 2545 432 2614 Pontifioe.
468 2545 632 2615 Praeterea
667 2547 924 2614 demonstratum
954 2543 988 2612 in
1023 2543 1219 2636 praecedenti

103 2651 201 2742 capite
230 2675 397 2720 summum
427 2652 616 2722 Pontificem
646 2654 768 2746 pollere
797 2659 951 2744 potestate
981 2650 1161 2742 legislativa
1183 2651 1217 2720 in

104 2759 288 2828 universam
315 2758 490 2828 Ecclesiam
513 2761 565 2829 :si
587 2773 695 2830 autem
720 2761 803 2830 heuc
832 2765 1020 2851 potestatem
1040 2759 1137 2826 habet
1156 2781 1215 2827 ex-

105 2874 151 2934 tra
173 2866 345 2936 concilium
367 2869 529 2956 generale,
548 2868 679 2937 habebit
700 2877 730 2937 et
746 2870 779 2936 in
795 2866 932 2936 concilio
951 2866 1104 2956 generali.
1121 2865 1216 2935 Unde

104 2984 184 3043 recte
215 2974 532 3064 Scbmalzgrueber:
559 3003 574 3040 «
598 2975 632 3044 Si
662 3000 681 3043 a
703 2975 786 3044 Sede
817 2975 1002 3068 Apostolica
1028 2974 1220 3045 confirmata

109 3081 209 3178 reiut
238 3081 461 3173 (conciliorum
495 3083 697 3174 generalium
726 3083 879 3174 decreta),
907 3084 1051 3153 obtinent
1085 3083 1217 3174 plenum

105 3215 119 3252 s
144 3191 245 3260 robur
266 3199 297 3258 et
322 3191 558 3278 auctoritatem,
581 3192 628 3260 ite
651 3201 688 3260 ut
713 3191 903 3283 hujusmodi
928 3193 1067 3279 decretu,
1092 3193 1119 3260 si
1143 3191 1219 3258 lidei

108 3296 337 3367 «orthodoxae
372 3297 552 3368 doctrinam
588 3309 794 3388 conseruent,
833 3299 967 3391 perinde
1005 3311 1040 3368 ut
1078 3305 1219 3390 quatuor

108 3431 122 3470 r
145 3406 322 3496 Evangelia
343 3406 566 3498 amplectenda
589 3415 621 3476 et
640 3407 809 3476 retinenda
832 3407 919 3486 sint;
944 3407 970 3473 si
995 3427 1074 3474 vero
1089 3427 1217 3474 morum

109 3514 408 3584 «reformationem
440 3522 596 3606 spectent,
635 3515 701 3581 vim
736 3515 817 3604 legis
859 3512 1066 3601 universalis,
1105 3535 1217 3582 omnes

109 3648 123 3684 «
146 3622 266 3692 Christi
291 3621 401 3691 fideles
420 3621 605 3712 obligantis,
627 3622 802 3690 obtineant.
830 3647 846 3684 1
876 3621 972 3711 (Loco
991 3622 1214 3714 supracitato,

107 3751 136 3820 p.
155 3730 245 3819 315.)
1100 3799 1103 3809 ,

147 3837 235 3928 Ergo
253 3837 329 3906 talia
350 3835 477 3908 deorela
492 3839 691 3906 constituunt
710 3837 765 3926 jus
788 3835 985 3924 universale,
1014 3857 1070 3906 seu
1087 3833 1216 3932 proprie

107 3942 238 4014 dictum.
