3050 4946
541 499 623 546 runis
645 497 796 545 cunon'nn.

539 857 682 932 CAPUT
704 861 795 932 XVI.

109 1115 148 1158 DE
181 1113 300 1159 iunius
332 1113 532 1160 onmomsnu
565 1111 772 1174 commoni,
811 1111 865 1157 SEU
905 1111 943 1156 DE
981 1109 1079 1156 SEXTO
1118 1109 1229 1156 DECRE-

175 1229 290 1278 numu!
327 1229 430 1294 niuno,
471 1231 509 1276 DE
546 1228 744 1275 cnunmnls
779 1229 816 1273 ET
850 1226 1157 1288 uxrnnvnnnnmnn,
1191 1227 1230 1272 DE

177 1347 325 1395 nummo
348 1346 504 1393 unnssolcrl
528 1347 596 1410 XIV,
623 1347 660 1392 EI
683 1345 721 1392 DE
743 1344 891 1391 neomuto
914 1342 1050 1390 nomino,

156 1611 182 1677 1.
201 1613 249 1678 Dr
269 1621 359 1678 secto
379 1607 603 1678 decretalium.
620 1645 664 1660 -
679 1607 757 1676 Post
779 1605 898 1674 editum
914 1606 1148 1695 Gregorinnnur
1163 1605 1231 1674 col·

111 1717 296 1806 lectionem,
323 1739 418 1785 uovae
444 1737 464 1784 a
494 1715 707 1791 Pontificibus
742 1715 901 1785 Romanis
932 1714 1082 1807 prodiere
1113 1714 1232 1798 consti7

111 1827 263 1910 tutiones,
303 1846 385 1918 ques
421 1823 606 1892 authentice
638 1822 747 1914 colligi
786 1828 1007 1914 opportunum
1036 1820 1235 1890 existimavit

111 1931 298 2001 Bonilucins
316 1931 406 2000 vul.
423 1929 530 2022 Opera
543 1951 622 2022 ergo
637 1929 804 2000 uuillelmi
819 1929 859 2000 de
874 1929 1083 2020 Mundugotto
1097 1928 1236 1998 Archio-

111 2039 235 2131 piscopi
264 2038 518 2126 Ebredunensis,
547 2038 738 2128 Bereugurii
765 2035 907 2105 Fredoni
944 2036 1094 2128 Episcopi
1128 2037 1235 2106 Biter-

111 2149 228 2236 rensis,
258 2157 289 2216 et
317 2147 500 2216 Cordinalis
530 2145 684 2214 Richardi
711 2143 751 2212 de
781 2143 892 2231 Senis,
921 2145 956 2211 in
984 2166 1086 2214 uuum
1110 2144 1235 2236 redegit

112 2278 199 2324 nnno
230 2258 327 2340 1298,
360 2263 430 2324 tum
453 2251 603 2343 Gregorii
631 2252 678 2320 IX
703 2251 878 2320 decretales
911 2258 983 2342 post
1014 2252 1233 2322 collectionem

113 2363 217 2454 ipsius
245 2362 359 2448 editas,
387 2369 457 2430 tum
489 2359 696 2453 sequentium
724 2357 934 2445 Pontificum,
963 2366 1033 2428 tum
1060 2359 1235 2430 etiamen-

112 2495 214 2542 nones
238 2472 379 2542 duorum
400 2469 604 2561 generalium
623 2466 835 2536 conciliorum
853 2466 1137 2558 Lugdunensium,
1161 2493 1237 2561 qum

112 2602 200 2650 anno
224 2584 306 2648 1245
328 2588 360 2647 et
382 2581 465 2646 1274
487 2576 596 2646 habite
618 2577 757 2644 fuerant.
775 2574 956 2667 Inscriptus
975 2575 1130 2664 estliber,
1151 2581 1235 2648 Ser-

113 2708 167 2763 tus
192 2691 416 2774 decretalium,
441 2699 479 2758 nt
501 2709 618 2779 nempe
640 2695 795 2779 tunquam
820 2685 1075 2756 additamentum
1092 2689 1244 2780 quinquo-

113 2800 325 2893 Gregorisnis
364 2797 458 2868 libris
497 2794 673 2866 accederet.
710 2794 807 2863 Illum
846 2795 1067 2886 promulgavit
1102 2797 1238 2866 Bonifa-

114 2913 184 2980 cius
203 2911 295 2996 VIII,
319 2930 378 3001 per
392 2906 659 2976 constitutionem
674 2906 900 2972 Socrosunotae
916 2906 1084 2988 ltomunre,
1104 2904 1144 2974 ud
1160 2906 1237 2976 doc-

115 3031 201 3090 tores
214 3029 246 3089 et
259 3019 422 3090 scholares
435 3014 658 3086 universitatis
671 3013 889 3082 Bononiensis
903 3013 1071 3102 directum,
1093 3016 1128 3084 in
1143 3019 1237 3110 cujus

116 3129 179 3198 fine
211 3129 256 3197 sio
284 3127 404 3216 legitur
424 3153 430 3193 :
454 3122 668 3193 Universiteli
697 3135 810 3190 vestrm
839 3122 943 3213 ipitur
968 3146 1030 3215 per
1056 3127 1236 3216 apostolica

115 3237 238 3330 scripto
257 3233 468 3315 mundemus,
492 3243 654 3322 quotenus
677 3229 799 3297 librum
824 3229 1021 3320 hujusmodi
1040 3254 1115 3302 cum
1130 3235 1237 3304 merite

117 3346 313 3416 maturitate
327 3343 502 3434 digestum,
520 3361 617 3432 quem
632 3337 690 3406 sub
707 3337 923 3430 bullunostru
936 3339 1025 3408 uobis
1038 3343 1237 3412 trurcsmitti-

117 3479 201 3539 mus,
220 3465 380 3548 prompto
399 3449 616 3542 suscipientes,
643 3449 771 3539 affectu,
794 3449 992 3516 contermini
1011 3448 1050 3518 de
1071 3463 1185 3521 cetero
1204 3454 1238 3522 in

112 3564 250 3657 judiciis
264 3575 295 3631 et
317 3563 352 3630 in
364 3559 480 3629 sciolis
497 3586 508 3626 .·
523 3558 631 3626 nullus
645 3557 730 3625 alius
740 3567 862 3648 preter
876 3555 952 3625 illus
966 3579 1039 3648 que
1053 3559 1240 3632 inseruntur

117 3685 178 3740 out
188 3669 371 3762 specialiter
382 3677 590 3737 reservantur
602 3664 638 3732 in
658 3686 693 3732 eo
711 3661 883 3732 decretales
902 3674 961 3731 utet
981 3667 1234 3753 constitutiones,

118 3807 139 3852 u
152 3781 406 3874 quibuscumque
425 3775 543 3845 nostris
551 3771 841 3865 predecessoribus
856 3773 1013 3842 Romanis
1027 3778 1239 3869 Pontificibus

112 3901 189 3982 post
215 3887 389 3956 editionem
410 3883 490 3953 dieti
510 3881 686 3953 uoluminis
702 3881 830 3973 (nempe
844 3879 995 3969 Gregorii
1012 3881 1068 3974 IX)
1082 3891 1239 3977 promul.

118 4010 215 4092 putus
237 3993 398 4086 recepturi
416 3991 564 4073 ulterius,
591 4003 650 4058 out
668 4011 731 4081 pro
754 3987 966 4057 decretalibus
981 3990 1141 4063 habituri.
1157 3998 1238 4081 Qus

119 4115 228 4174 autem
253 4104 298 4170 sic
324 4100 563 4170 mandabantur
588 4097 790 4166 universitati
815 4096 1026 4184 Bononiensi,
1045 4101 1240 4173 sufficienter

121 4217 156 4284 in
176 4215 282 4304 legem
310 4211 528 4282 universalem
549 4209 672 4300 ubique
693 4205 995 4296 introducebantur,
1023 4230 1060 4277 eo
1085 4213 1173 4302 quod
1198 4214 1238 4283 nd
