3064 4952
569 508 652 554 runrs
673 509 826 555 canonici.
1196 485 1256 552 155

137 645 244 714 habile
270 646 365 715 valde
387 659 618 737 argumentum
641 673 710 718 rem
727 651 820 720 istam
839 651 916 742 ipsis
930 649 1029 718 luisse
1043 649 1255 738 incognitam.

138 757 303 824 Preterea
325 756 482 847 Origenes
501 781 534 827 se
553 759 741 829 eunuchum
769 760 859 848 lecit,
896 758 983 852 quod
1016 759 1128 852 procul
1156 757 1256 826 dubio

138 888 204 934 non
223 866 364 952 lecisset,
394 869 421 935 si
436 871 639 958 cognovisset
655 872 817 962 triplicem
833 893 990 938 canonem
1012 868 1255 961 Apostolorum,

137 996 255 1066 nempe
269 981 324 1063 21,
342 980 383 1044 22
400 987 431 1046 et
446 981 501 1065 23,
517 977 638 1070 quibus
652 977 686 1044 id
705 979 911 1070 prohibetur.

182 1082 345 1174 Objicitur
365 1089 395 1151 ¹⁰
411 1086 548 1179 Aliquos
571 1108 717 1154 summos
731 1085 902 1154 Pontifices
922 1095 996 1156 ante
1012 1087 1183 1177 praelatum
1198 1111 1258 1156 an-

136 1213 218 1258 num
248 1196 310 1259 258
341 1193 375 1260 in
403 1195 617 1264 decretalibus
647 1195 716 1262 suis
747 1193 787 1262 de
818 1195 996 1262 canonibus
1026 1196 1256 1286 Apostolorum

137 1321 207 1368 esse
230 1299 364 1369 locutos.
382 1341 426 1354 -
441 1303 669 1396 Respondetur
692 1303 763 1371 illas
785 1302 959 1372 decretales
982 1323 1051 1370 esse
1066 1301 1106 1370 de
1120 1325 1258 1373 numero

137 1429 264 1495 333333,
288 1433 370 1501 quas
383 1411 488 1478 critici
507 1419 661 1502 tanquam
677 1411 775 1479 lalsas
799 1417 1015 1500 agnoverunt,
1037 1418 1069 1477 et
1084 1409 1257 1501 dequibus

136 1517 362 1604 egeturinira.

179 1622 341 1715 Objicitnr
364 1632 396 1694 2·
417 1627 668 1716 Tertullianum,
685 1629 743 1720 qui
759 1629 844 1696 circa
864 1627 964 1694 linem
985 1626 1119 1696 secundi
1143 1625 1256 1694 3333311

137 1739 168 1797 et
181 1731 275 1801 initio
291 1737 377 1803 tertii
391 1736 514 1822 floruit,
533 1759 695 1806 canonum
713 1737 943 1828 Apostolorum
960 1737 1144 1804 meminisse
1160 1737 1195 1802 in
1211 1736 1256 1803 li-

135 1839 198 1907 bro
216 1850 329 1910 contra
344 1843 516 1913 Praxeam.
534 1883 578 1896 -
593 1844 779 1936 Respondet
787 1845 887 1912 Biner
899 1845 1108 1935 (Apparatus,
1120 1853 1210 1934 parte
1221 1848 1253 1928 2,

135 1973 163 2016 3.
185 1954 217 2036 l,
229 1974 263 2018 n.
279 1952 333 2042 21)
348 1979 355 2020 :
372 1979 388 2018 «
406 1954 485 2044 Legi
501 1955 622 2023 librum
633 1954 826 2023 Tertulliani
839 1954 996 2024 adversus
1008 1955 1184 2040 Praxeam,
1199 1953 1253 2020 sed

138 2060 310 2128 «nullum
332 2063 551 2130 testimonium
576 2071 632 2130 unt
662 2064 857 2131 mentionem
882 2061 922 2130 de
944 2063 1122 2130 canonibus
1149 2063 1255 2154 Apos-

137 2194 154 2231 3
182 2168 324 2237 talorum
351 2171 500 2238 invenire
516 2173 617 2262 potui.
636 2170 730 2240 Unde
747 2171 854 2238 neseio
870 2169 1033 2263 quomodo
1049 2171 1117 2238 haec
1134 2169 1255 2238 falsitas

137 2305 154 2342 n
181 2277 217 2343 in
231 2278 463 2347 Bibliothecam
485 2279 569 2346 Sinti
597 2279 750 2347 Senensis
764 2279 799 2370 (l.
819 2283 852 2364 2,
870 2279 905 2346 in
921 2279 1096 2368 Clemente)
1115 2301 1151 2345 ac
1165 2286 1255 2368 post-

137 2413 154 2449 3
181 2386 315 2454 modurn
339 2388 371 2454 in
387 2387 533 2478 plurium
549 2387 690 2455 aliorum
713 2386 874 2454 calamum
890 2386 1066 2477 irrepserit.
1090 2386 1179 2452 Idem
1202 2380 1256 2452 di-

137 2519 154 2557 n
180 2493 319 2560 cendum
336 2494 376 2561 de
389 2495 533 2586 Synopsi
546 2496 649 2562 sancti
665 2493 852 2580 Athanasii3
918 2517 992 2561 nam
1009 2501 1139 2561 sanctus
1153 2493 1255 2561 Atha·

137 2629 154 2667 α
179 2603 291 2670 nasius
311 2605 345 2670 in
365 2604 507 2696 Synopsi
533 2603 572 2673 de
588 2604 766 2686 canonibus
789 2604 1020 2694 Apostolorum
1045 2601 1126 2670 nihil
1144 2603 1250 2671 hahet.

136 2735 154 2773 3
179 2710 249 2778 lmo
265 2712 460 2779 Doctrinom
478 2712 717 2780 Clementinam
741 2712 825 2778 inter
845 2711 1031 2803 apocrypha
1047 2719 1209 2778 numerat.
1238 2735 1254 2778 a

177 2819 365 2890 Psorosnro
382 2826 425 2889 2⁸.
443 2861 487 2874 -
501 2825 588 2890 Sunt
615 2833 727 2890 tomen
742 2844 889 2902 conones,
917 2822 975 2912 qui
989 2819 1143 2888 dictentur
1155 2823 1256 2911 Apos-

132 2927 281 2996 tolorum
290 2930 522 3020 antiquissimi,
536 2931 649 3021 etjam
657 2929 863 3020 probabilius
872 2929 931 2996 snb
940 2929 1038 3019 finem
1050 2927 1161 2996 3333311
1169 2929 1259 2996 tertii

130 3037 187 3104 vel
198 3037 335 3106 initium
351 3041 464 3130 quarti
476 3041 509 3107 in
524 3039 669 3108 Ecclesia
683 3039 816 3130 cogniti.
830 3077 874 3090 -
883 3039 943 3106 1113
957 3038 1115 3106 sententia
1129 3046 1176 3104 est
1191 3060 1257 3105 333

131 3153 260 3213 tantum
291 3147 475 3214 eommunis
501 3147 587 3213 inter
615 3147 809 3234 canonistas,
843 3145 900 3213 sed
929 3144 1135 3213 communior
1159 3145 1255 3213 etiarn

131 3251 221 3344 apud
251 3255 380 3323 criticos
408 3255 654 3324 eruditissimos.
691 3257 740 3324 lta
768 3256 855 3324 enirn
893 3255 1039 3324 sentiunt
1067 3255 1183 3322 Petrus
1217 3254 1256 3322 de

131 3359 242 3430 Merca
252 3413 262 3450 ,
279 3364 443 3450 Balnzius,
461 3364 702 3455 Albaspinaens,
729 3364 892 3431 Antonius
906 3363 987 3452 Pagi
1004 3371 1035 3430 et
1050 3363 1150 3430 Biner
1166 3362 1255 3452 (Item

131 3477 286 3546 videatur
301 3474 419 3557 Mansi,
437 3473 470 3538 in
486 3473 554 3539 suis
570 3471 655 3540 notis
671 3471 711 3539 ad
732 3470 906 3561 Natalem).
928 3472 976 3538 lta
995 3470 1092 3538 etiam
1108 3491 1256 3538 censores

132 3584 239 3676 operis
268 3581 392 3650 Natalis
417 3579 619 3658 Alexandri3
654 3601 730 3647 nam
759 3580 794 3644 in
825 3585 902 3646 nota
929 3577 969 3644 nd
997 3577 1255 3645 dissertationem

134 3695 174 3757 18
202 3688 313 3759 saeonli
333 3713 361 3774 r,
388 3688 520 3775 dicunt,
549 3687 623 3754 licet
636 3708 776 3754 canones
792 3685 838 3751 illi
861 3684 941 3753 falso
955 3684 1076 3752 luerint
1092 3686 1256 3776 Apostolis

132 3799 300 3892 adscripti,
327 3797 527 3866 credendum
556 3804 663 3864 tamen
695 3819 760 3864 non
787 3815 855 3862 esse
880 3816 935 3862 eos
962 3793 1098 3860 concilio
1120 3794 1255 3862 Nicaeno

132 3908 348 4000 posteriores,
374 3906 511 3997 aliisque
536 3904 668 3973 illorum
685 3905 880 3974 saeculorum
902 3901 1044 3970 conciliis
1059 3910 1090 3969 et
1104 3902 1255 3971 Patribus

134 4015 232 4084 fnisse
272 4015 465 4104 incognitos.
499 4014 602 4082 Porro
628 4013 699 4081 hanc
733 4013 847 4081 talium
885 4009 1054 4079 doctorum
1084 4011 1256 4081 concordia

137 4145 201 4190 non
216 4123 310 4192 facile
326 4122 509 4214 spernenda
523 4131 583 4190 est.

181 4234 342 4304 Praeterea
357 4235 590 4304 Constantinus
609 4235 770 4324 Magnus,
788 4235 821 4302 in
844 4256 903 4302 sun
917 4231 1058 4314 secunda
1082 4231 1121 4301 ed
1148 4233 1254 4301 Euse-
