3022 4950
314 490 352 555 50
663 507 837 554 anserinus
860 507 898 554 na
920 505 1072 554 raincrrns

311 651 536 736 inveniantur;
567 670 685 741 nempe
724 649 752 718 si
780 649 989 718 invenientur
1018 648 1052 714 in
1080 646 1256 738 principio,
1295 647 1429 738 ponitur

311 761 444 850 signum
464 781 537 850 pr.‚·
560 757 588 825 si
608 757 706 846 infra,
726 757 860 849 ponitur
878 755 1012 846 sgnum
1036 755 1070 846 ᾖ,
1086 753 1120 821 id
1138 761 1187 822 est
1201 753 1429 846 paragraphus

311 891 388 940 oum
403 890 464 938 suo
489 887 646 952 numero;
668 888 744 957 qaas
768 863 993 958 paragraphus
1010 863 1038 930 si
1057 863 1196 955 ipsamet
1217 861 1350 952 longior
1371 863 1428 950 sit,

311 975 472 1046 indicatur
485 997 601 1044 versus
616 997 673 1042 seu
687 973 815 1065 phrasis
829 996 887 1065 per
900 995 960 1040 sua
974 973 1073 1041 verba
1088 971 1237 1058 initialia,
1256 971 1431 1062 praemissa

310 1085 421 1154 littera
435 1083 479 1152 V.
498 1083 550 1152 Ad
564 1081 787 1172 allegandum,
805 1080 951 1172 exempli
960 1080 1077 1170 gratia,
1095 1078 1242 1172 phrasim
1258 1101 1333 1170 quae
1348 1079 1430 1146 inol-

311 1194 361 1285 pit
375 1192 410 1262 in
432 1212 573 1274 ramex
587 1189 658 1280 lege
674 1211 748 1282 quae
772 1187 887 1280 incipit
906 1187 1000 1280 juris
1021 1187 1179 1278 penatium,
1206 1209 1281 1278 que
1308 1187 1363 1256 lex
1381 1195 1431 1256 est

311 1301 450 1393 septima
473 1298 549 1368 libri
566 1297 607 1367 de
628 1298 743 1389 pactis,
771 1296 818 1365 sio
847 1295 949 1365 sarihi
968 1303 1072 1390 potest
1090 1323 1098 1364 :
1116 1295 1138 1364 l.
1160 1295 1428 1387 indagantium,

312 1413 345 1496 7,
362 1409 383 1500 5
401 1411 432 1494 8,
449 1408 495 1478 V.
508 1407 543 1475 in
558 1427 644 1492 rem,
661 1405 697 1473 ff.
721 1403 762 1474 de
777 1404 889 1496 pactis.

357 1521 390 1584 2ο
418 1515 503 1599 Quid
538 1513 757 1583 institutiones
793 1520 824 1581 et
854 1511 1021 1605 quomodo
1049 1513 1184 1604 allegari
1209 1515 1344 1584 soleant.
1384 1553 1432 1568 -

311 1623 545 1704 Institutiones,
570 1643 645 1713 quae
671 1629 703 1689 et
719 1619 874 1690 Instituta
894 1629 1066 1710 vorsantur,
1084 1629 1160 1691 sunt
1172 1621 1258 1714 juris
1271 1644 1432 1713 compen-

312 1733 406 1804 dium
426 1727 606 1823 quoddam,
628 1751 670 1798 ex
696 1729 795 1798 variis
814 1730 1026 1822 antiquorum
1046 1730 1318 1820 institutionibus,
1343 1753 1431 1822 praa-

311 1843 404 1935 eipue
420 1864 461 1910 ex
476 1837 729 1910 Commentariis
742 1838 826 1926 Caii,
842 1847 875 1908 et
888 1840 961 1910 aliis
973 1841 1131 1926 lontibus,
1148 1841 1183 1909 in
1195 1841 1283 1910 huno
1294 1863 1430 1932 scopum

311 1951 553 2034 concinnatum,
571 1958 609 2016 ut
626 1947 921 2039 (quemadmodum
943 1950 1011 2040 ipse
1033 1949 1238 2018 lastinianus
1253 1949 1432 2041 imperator

312 2057 454 2126 declarat
467 2057 501 2126 iu
518 2055 702 2148 proaemio),
718 2055 784 2124 sint
801 2055 900 2125 toties
914 2056 1071 2147 legitima·
1084 2057 1227 2126 scientis
1235 2057 1353 2149 prima
1368 2057 1432 2126 ele-

314 2177 435 2236 menta.
455 2163 594 2253 Digestis
610 2168 687 2232 sunt
700 2162 933 2254 compositione
947 2165 1152 2256 posteriores,
1169 2166 1433 2258 promulgatione

314 2282 426 2344 antem
440 2273 579 2364 priores;
606 2293 684 2340 nam
708 2270 744 2338 in
764 2270 934 2363 publicam
950 2272 1047 2342 edite
1063 2284 1140 2342 sunt
1164 2275 1194 2344 11
1209 2274 1362 2344 mendas
1376 2276 1433 2344 de·

315 2381 455 2452 cambris
469 2379 546 2450 anni
564 2381 638 2465 533,
655 2377 826 2447 Pandeotae
841 2387 952 2448 autem
967 2385 1008 2448 25
1025 2379 1139 2450 diebus
1153 2393 1273 2474 postea.

359 2490 563 2561 Dividuntur
583 2489 617 2556 in
641 2492 659 2555 I
679 2487 780 2556 libros
803 2497 834 2556 et
858 2492 898 2555 90
922 2488 1042 2560 titulos.
1061 2489 1160 2560 Liber
1174 2491 1303 2582 primus
1319 2501 1435 2562 tractat

315 2602 356 2670 da
375 2599 539 2692 personis;
566 2595 728 2666 secundus
748 2604 779 2663 et
795 2597 910 2665 tertius
931 2619 1032 2689 usque
1055 2599 1098 2666 ad
1118 2598 1251 2668 titulum
1271 2603 1310 2667 ll
1327 2600 1435 2670 inolu-

317 2711 399 2797 sive,
424 2707 464 2776 de
485 2707 601 2785 rehus;
625 2705 659 2773 in
680 2704 806 2796 reliquo
827 2705 937 2795 agitur
954 2705 994 2775 da
1016 2707 1269 2798 obligationibus
1290 2733 1331 2778 ex
1355 2735 1436 2780 oon-

315 2825 432 2902 traatu,
450 2814 490 2883 de
505 2811 630 2882 delictis
643 2819 674 2880 et
686 2810 831 2903 judiciis.
856 2814 938 2895 Quae
961 2816 1174 2886 materiarum
1197 2815 1388 2888 distributio
1403 2823 1438 2890 in

318 2939 385 2996 tam
407 2925 541 3016 antiquo
560 2929 591 2989 et
611 2919 730 2988 celebri
752 2943 862 3013 opere,
889 2945 954 2992 non
977 2923 1110 2993 videtur
1133 2948 1252 3018 parum
1277 2929 1311 2995 in
1338 2951 1438 2998 eausa

317 3036 431 3122 luisse,
448 3053 507 3101 eur
533 3029 777 3099 canonistarum
807 3030 903 3098 multi
928 3031 1084 3102 eumdem
1107 3033 1255 3102 ordinem
1280 3035 1314 3104 in
1334 3059 1437 3128 expo-

318 3139 426 3212 nendo
439 3139 514 3231 jure
529 3135 741 3206 eeclesiastico
762 3135 985 3207 inducendum
1008 3139 1279 3210 existimaverint.
1299 3144 1331 3211 Is
1346 3145 1438 3212 enirn
1509 3217 1510 3224 χ

319 3244 634 3322 distribuendiordo
650 3244 740 3313 unus
755 3253 803 3312 est
819 3245 889 3337 ipsa
909 3249 1121 3316 materiarum
1146 3258 1262 3319 natura
1277 3255 1411 3343 suggeri
1429 3277 1436 3319 :

317 3359 463 3454 personis
482 3355 614 3440 seilicet,
631 3353 679 3422 ait
704 3352 845 3441 Piehler,
866 3353 922 3444 jus
944 3354 1090 3426 redditur
1115 3357 1154 3426 de
1174 3360 1279 3443 rebus,
1297 3383 1354 3452 per
1377 3387 1440 3430 ac-
1509 3347 1510 3362 i

320 3470 434 3538 tiones.
451 3463 710 3558 (Prolegomena‚
727 3471 764 3528 n⁰
781 3461 848 3553 25.)

264 3579 271 3588 '
367 3575 559 3664 Allegantur
585 3578 695 3638 autam
716 3569 866 3638 Instituta
887 3570 947 3640 hoa
968 3571 1065 3641 modo
1084 3593 1091 3637 ε
1109 3573 1218 3665 primo
1236 3575 1307 3644 loeo
1320 3575 1441 3646 eitatur

322 3680 547 3780 paragraphus
561 3700 620 3771 por
634 3700 730 3747 voees
750 3677 902 3766 initiales,
924 3688 981 3747 aut
1007 3702 1065 3772 per
1090 3701 1282 3770 nnmerum,
1307 3693 1365 3753 aut
1382 3709 1442 3778 per

323 3815 418 3866 voees
431 3790 569 3862 initiales
588 3798 621 3858 et
642 3810 820 3857 numerum
844 3787 944 3858 simul
967 3789 1068 3860 :dein
1083 3791 1270 3862 indicantur
1290 3795 1443 3864 Instituta

323 3905 382 3990 sia,
398 3900 519 3982 Instit,
536 3897 588 3968 vel
602 3919 661 3989 per
674 3897 804 3964 unicam
820 3896 964 3966 litteram
979 3897 995 3964 l
1013 3920 1020 3962 :
1039 3906 1110 3969 tam
1122 3899 1297 3971 adducitur
1311 3903 1440 3972 titulus,

325 4005 430 4076 Verbi
444 4003 570 4095 gratia:
587 3999 608 4091 ξ
624 4003 712 4067 Inter
727 4021 781 4066 eas
797 4002 829 4066 2.
847 4000 955 4070 Instit.
972 3999 1012 4070 de
1027 4003 1162 4097 nuptiis.

372 4119 405 4182 3⁰
421 4110 507 4196 Quid
521 4107 632 4179 (lodex
656 4117 688 4175 et
710 4106 876 4198 quomodo
894 4107 1028 4198 allegari
1050 4111 1161 4180 soleat.
1184 4151 1229 4166 -
1242 4115 1328 4183 Ante
1341 4114 1440 4183 Iusti.

325 4225 480 4297 ulaneum
504 4215 657 4286 Codioem
681 4213 852 4285 exstabant
872 4221 937 4284 tres
959 4217 1116 4309 praeeipui
1146 4218 1292 4312 Codices,
1316 4222 1440 4314 Grego-
1508 4269 1509 4278 κ
