<?xml version="1.0" encoding="UTF-8"?>
<!DOCTYPE html PUBLIC "-//W3C//DTD XHTML 1.0 Transitional//EN"
    "http://www.w3.org/TR/xhtml1/DTD/xhtml1-transitional.dtd">
<html xmlns="http://www.w3.org/1999/xhtml" xml:lang="en" lang="en">
 <head>
  <title>
</title>
<meta http-equiv="Content-Type" content="text/html;charset=utf-8" />
  <meta name='ocr-system' content='tesseract 3.04.00' />
  <meta name='ocr-capabilities' content='ocr_page ocr_carea ocr_par ocr_line ocrx_word'/>
</head>
<body>
  <div class='ocr_page' id='page_1' title='image "./tractatusdeprin00bouigoog_0465.png"; bbox 0 0 3050 4946; ppageno 0'>
   <div class='ocr_carea' id='block_1_1' title="bbox 718 515 1130 566">
    <p class='ocr_par' dir='ltr' id='par_1_1' title="bbox 718 515 1130 566">
     <span class='ocr_line' id='line_1_1' title="bbox 718 515 1130 566; baseline -0.002 -2"><span class='ocrx_word' id='word_1_1' title='bbox 718 516 893 566; x_wconf 70' lang='lat' dir='ltr'>tautanius</span> <span class='ocrx_word' id='word_1_2' title='bbox 918 515 954 564; x_wconf 82' lang='lat' dir='ltr'>DF.</span> <span class='ocrx_word' id='word_1_3' title='bbox 977 515 1130 566; x_wconf 70' lang='lat' dir='ltr'>rutbertus</span> 
     </span>
    </p>
   </div>
   <div class='ocr_carea' id='block_1_2' title="bbox 877 769 964 858">
    <p class='ocr_par' dir='ltr' id='par_1_2' title="bbox 877 769 964 858">
     <span class='ocr_line' id='line_1_2' title="bbox 877 769 964 858; baseline 0 -23"><span class='ocrx_word' id='word_1_4' title='bbox 877 769 964 858; x_wconf 68' lang='lat' dir='ltr'>pn.</span> 
     </span>
    </p>
   </div>
   <div class='ocr_carea' id='block_1_3' title="bbox 364 935 1482 1077">
    <p class='ocr_par' dir='ltr' id='par_1_3' title="bbox 364 935 1482 1077">
     <span class='ocr_line' id='line_1_3' title="bbox 364 935 1482 1000; baseline -0.001 -13"><span class='ocrx_word' id='word_1_5' title='bbox 364 937 464 988; x_wconf 80' lang='lat' dir='ltr'>Falsum</span> <span class='ocrx_word' id='word_1_6' title='bbox 485 940 523 986; x_wconf 85' lang='lat' dir='ltr'>est</span> <span class='ocrx_word' id='word_1_7' title='bbox 546 936 715 986; x_wconf 81' lang='lat' dir='ltr'>isidorianam</span> <span class='ocrx_word' id='word_1_8' title='bbox 739 937 917 1000; x_wconf 73' lang='lat' dir='ltr'><strong>imposturam,</strong></span> <span class='ocrx_word' id='word_1_9' title='bbox 934 937 1040 988; x_wconf 84' lang='lat' dir='ltr'>conscie</span> <span class='ocrx_word' id='word_1_10' title='bbox 1060 941 1086 987; x_wconf 89' lang='lat' dir='ltr'>et</span> <span class='ocrx_word' id='word_1_11' title='bbox 1105 937 1260 988; x_wconf 75' lang='lat' dir='ltr'>connivente</span> <span class='ocrx_word' id='word_1_12' title='bbox 1276 937 1402 986; x_wconf 77' lang='lat' dir='ltr'>Romana</span> <span class='ocrx_word' id='word_1_13' title='bbox 1418 935 1482 986; x_wconf 77' lang='lat' dir='ltr'>Sede.</span> 
     </span>
     <span class='ocr_line' id='line_1_4' title="bbox 797 1025 1049 1077; baseline 0 -1"><span class='ocrx_word' id='word_1_14' title='bbox 797 1025 873 1076; x_wconf 83' lang='lat' dir='ltr'>luisse</span> <span class='ocrx_word' id='word_1_15' title='bbox 891 1029 1049 1077; x_wconf 74' lang='lat' dir='ltr'>contextam.</span> 
     </span>
    </p>
   </div>
   <div class='ocr_carea' id='block_1_4' title="bbox 360 1196 1484 4292">
    <p class='ocr_par' dir='ltr' id='par_1_4' title="bbox 360 1196 1484 2477">
     <span class='ocr_line' id='line_1_5' title="bbox 408 1196 1484 1290; baseline -0.006 -23"><span class='ocrx_word' id='word_1_16' title='bbox 408 1197 736 1290; x_wconf 89' lang='lat' dir='ltr'>Impudentissimum</span> <span class='ocrx_word' id='word_1_17' title='bbox 750 1196 832 1264; x_wconf 93' lang='lat' dir='ltr'>illud</span> <span class='ocrx_word' id='word_1_18' title='bbox 853 1197 1060 1266; x_wconf 84' lang='lat' dir='ltr'>mendacium</span> <span class='ocrx_word' id='word_1_19' title='bbox 1077 1197 1117 1264; x_wconf 87' lang='lat' dir='ltr'>de</span> <span class='ocrx_word' id='word_1_20' title='bbox 1129 1197 1321 1266; x_wconf 83' lang='lat' dir='ltr'>connivente</span> <span class='ocrx_word' id='word_1_21' title='bbox 1335 1199 1484 1267; x_wconf 81' lang='lat' dir='ltr'>Romane</span> 
     </span>
     <span class='ocr_line' id='line_1_6' title="bbox 364 1305 1482 1396; baseline -0.007 -18"><span class='ocrx_word' id='word_1_22' title='bbox 364 1308 447 1378; x_wconf 86' lang='lat' dir='ltr'>Sede</span> <span class='ocrx_word' id='word_1_23' title='bbox 461 1309 495 1375; x_wconf 91' lang='lat' dir='ltr'>iu</span> <span class='ocrx_word' id='word_1_24' title='bbox 511 1305 725 1376; x_wconf 86' lang='lat' dir='ltr'>conficiendas</span> <span class='ocrx_word' id='word_1_25' title='bbox 745 1315 775 1372; x_wconf 88' lang='lat' dir='ltr'>et</span> <span class='ocrx_word' id='word_1_26' title='bbox 797 1305 1050 1374; x_wconf 86' lang='lat' dir='ltr'>introducendas</span> <span class='ocrx_word' id='word_1_27' title='bbox 1072 1306 1168 1374; x_wconf 81' lang='lat' dir='ltr'>falsas</span> <span class='ocrx_word' id='word_1_28' title='bbox 1189 1307 1381 1390; x_wconf 72' lang='lat' dir='ltr'>decretales,</span> <span class='ocrx_word' id='word_1_29' title='bbox 1405 1306 1482 1396; x_wconf 88' lang='lat' dir='ltr'>apud</span> 
     </span>
     <span class='ocr_line' id='line_1_7' title="bbox 363 1411 1483 1504; baseline -0.006 -20"><span class='ocrx_word' id='word_1_30' title='bbox 363 1427 511 1484; x_wconf 81' lang='lat' dir='ltr'>auctores</span> <span class='ocrx_word' id='word_1_31' title='bbox 536 1414 751 1480; x_wconf 74' lang='lat' dir='ltr'>protestantes</span> <span class='ocrx_word' id='word_1_32' title='bbox 775 1420 806 1480; x_wconf 86' lang='lat' dir='ltr'>et</span> <span class='ocrx_word' id='word_1_33' title='bbox 828 1413 1042 1498; x_wconf 83' lang='lat' dir='ltr'>bansenistas,</span> <span class='ocrx_word' id='word_1_34' title='bbox 1071 1414 1139 1481; x_wconf 92' lang='lat' dir='ltr'>imo</span> <span class='ocrx_word' id='word_1_35' title='bbox 1159 1421 1190 1480; x_wconf 93' lang='lat' dir='ltr'>et</span> <span class='ocrx_word' id='word_1_36' title='bbox 1205 1411 1290 1504; x_wconf 90' lang='lat' dir='ltr'>apud</span> <span class='ocrx_word' id='word_1_37' title='bbox 1309 1435 1369 1481; x_wconf 82' lang='lat' dir='ltr'>eos</span> <span class='ocrx_word' id='word_1_38' title='bbox 1386 1415 1443 1504; x_wconf 86' lang='lat' dir='ltr'>qui</span> <span class='ocrx_word' id='word_1_39' title='bbox 1456 1435 1483 1477; x_wconf 76' lang='lat' dir='ltr'>se</span> 
     </span>
     <span class='ocr_line' id='line_1_8' title="bbox 363 1521 1480 1613; baseline -0.007 -20"><span class='ocrx_word' id='word_1_40' title='bbox 363 1525 546 1593; x_wconf 88' lang='lat' dir='ltr'>Gallicanos</span> <span class='ocrx_word' id='word_1_41' title='bbox 568 1521 796 1590; x_wconf 88' lang='lat' dir='ltr'>tantummodo</span> <span class='ocrx_word' id='word_1_42' title='bbox 817 1521 1024 1613; x_wconf 87' lang='lat' dir='ltr'>profitentur,</span> <span class='ocrx_word' id='word_1_43' title='bbox 1047 1522 1184 1590; x_wconf 83' lang='lat' dir='ltr'>recurrit</span> <span class='ocrx_word' id='word_1_44' title='bbox 1208 1521 1480 1612; x_wconf 80' lang='lat' dir='ltr'>frequentissime.</span> 
     </span>
     <span class='ocr_line' id='line_1_9' title="bbox 363 1631 1481 1722; baseline -0.006 -21"><span class='ocrx_word' id='word_1_45' title='bbox 363 1634 417 1702; x_wconf 88' lang='lat' dir='ltr'>Sic</span> <span class='ocrx_word' id='word_1_46' title='bbox 432 1634 515 1701; x_wconf 87' lang='lat' dir='ltr'>inter</span> <span class='ocrx_word' id='word_1_47' title='bbox 530 1632 611 1699; x_wconf 87' lang='lat' dir='ltr'>alios</span> <span class='ocrx_word' id='word_1_48' title='bbox 628 1631 723 1698; x_wconf 87' lang='lat' dir='ltr'>babet</span> <span class='ocrx_word' id='word_1_49' title='bbox 736 1632 914 1722; x_wconf 83' lang='lat' dir='ltr'>janseniste</span> <span class='ocrx_word' id='word_1_50' title='bbox 928 1631 1081 1720; x_wconf 85' lang='lat' dir='ltr'>AEgidius</span> <span class='ocrx_word' id='word_1_51' title='bbox 1097 1631 1210 1715; x_wconf 89' lang='lat' dir='ltr'>Witte,</span> <span class='ocrx_word' id='word_1_52' title='bbox 1226 1631 1260 1697; x_wconf 93' lang='lat' dir='ltr'>in</span> <span class='ocrx_word' id='word_1_53' title='bbox 1276 1653 1337 1698; x_wconf 85' lang='lat' dir='ltr'>sua</span> <span class='ocrx_word' id='word_1_54' title='bbox 1355 1633 1481 1721; x_wconf 80' lang='lat' dir='ltr'>Aupus-</span> 
     </span>
     <span class='ocr_line' id='line_1_10' title="bbox 364 1734 1481 1830; baseline -0.004 -22"><span class='ocrx_word' id='word_1_55' title='bbox 364 1742 433 1808; x_wconf 86' lang='lat' dir='ltr'>tino</span> <span class='ocrx_word' id='word_1_56' title='bbox 449 1740 575 1830; x_wconf 86' lang='lat' dir='ltr'>lprcnsi</span> <span class='ocrx_word' id='word_1_57' title='bbox 593 1734 770 1819; x_wconf 59' lang='lat' dir='ltr'>uindicata,</span> <span class='ocrx_word' id='word_1_58' title='bbox 788 1748 878 1830; x_wconf 86' lang='lat' dir='ltr'>parte</span> <span class='ocrx_word' id='word_1_59' title='bbox 894 1743 926 1824; x_wconf 83' lang='lat'>2,</span> <span class='ocrx_word' id='word_1_60' title='bbox 951 1739 1054 1830; x_wconf 88' lang='lat' dir='ltr'>capite</span> <span class='ocrx_word' id='word_1_61' title='bbox 1073 1745 1090 1805; x_wconf 83' lang='lat'>5</span> <span class='ocrx_word' id='word_1_62' title='bbox 1111 1738 1283 1806; x_wconf 85' lang='lat' dir='ltr'>:Fictitias</span> <span class='ocrx_word' id='word_1_63' title='bbox 1299 1751 1333 1805; x_wconf 86' lang='lat' dir='ltr'>et</span> <span class='ocrx_word' id='word_1_64' title='bbox 1355 1738 1481 1805; x_wconf 69' lang='lat' dir='ltr'>adulte</span> 
     </span>
     <span class='ocr_line' id='line_1_11' title="bbox 363 1845 1481 1936; baseline -0.004 -22"><span class='ocrx_word' id='word_1_65' title='bbox 363 1849 454 1914; x_wconf 86' lang='lat' dir='ltr'>rinos</span> <span class='ocrx_word' id='word_1_66' title='bbox 483 1847 633 1936; x_wconf 80' lang='lat' dir='ltr'>epistolas</span> <span class='ocrx_word' id='word_1_67' title='bbox 706 1845 861 1914; x_wconf 76' lang='lat' dir='ltr'>Nicotaus</span> <span class='ocrx_word' id='word_1_68' title='bbox 885 1849 912 1926; x_wconf 89' lang='lat' dir='ltr'>l,</span> <span class='ocrx_word' id='word_1_69' title='bbox 939 1846 990 1912; x_wconf 84' lang='lat' dir='ltr'>uir</span> <span class='ocrx_word' id='word_1_70' title='bbox 1016 1846 1125 1912; x_wconf 84' lang='lat' dir='ltr'>alacer</span> <span class='ocrx_word' id='word_1_71' title='bbox 1153 1857 1184 1912; x_wconf 86' lang='lat' dir='ltr'>et</span> <span class='ocrx_word' id='word_1_72' title='bbox 1207 1845 1240 1911; x_wconf 78' lang='lat' dir='ltr'>in</span> <span class='ocrx_word' id='word_1_73' title='bbox 1267 1845 1361 1912; x_wconf 86' lang='lat' dir='ltr'>mola</span> <span class='ocrx_word' id='word_1_74' title='bbox 1391 1869 1481 1912; x_wconf 77' lang='lat' dir='ltr'>carisa</span> 
     </span>
     <span class='ocr_line' id='line_1_12' title="bbox 362 1952 1481 2044; baseline -0.006 -22"><span class='ocrx_word' id='word_1_75' title='bbox 362 1953 483 2023; x_wconf 87' lang='lat' dir='ltr'>tuenda</span> <span class='ocrx_word' id='word_1_76' title='bbox 508 1952 808 2044; x_wconf 77' lang='lat' dir='ltr'>confidentissimus,</span> <span class='ocrx_word' id='word_1_77' title='bbox 834 1965 905 2020; x_wconf 90' lang='lat' dir='ltr'>tota</span> <span class='ocrx_word' id='word_1_78' title='bbox 920 1953 1028 2020; x_wconf 79' lang='lat' dir='ltr'>aninai</span> <span class='ocrx_word' id='word_1_79' title='bbox 1040 1954 1247 2020; x_wconf 79' lang='lat' dir='ltr'>contentione</span> <span class='ocrx_word' id='word_1_80' title='bbox 1267 1953 1432 2028; x_wconf 69' lang='lat' dir='ltr'>asseruit:</span> <span class='ocrx_word' id='word_1_81' title='bbox 1451 1965 1481 2018; x_wconf 87' lang='lat' dir='ltr'>ru</span> 
     </span>
     <span class='ocr_line' id='line_1_13' title="bbox 363 2059 1480 2150; baseline -0.005 -20"><span class='ocrx_word' id='word_1_82' title='bbox 363 2077 394 2130; x_wconf 89' lang='lat' dir='ltr'>et</span> <span class='ocrx_word' id='word_1_83' title='bbox 421 2062 494 2130; x_wconf 85' lang='lat' dir='ltr'>binc</span> <span class='ocrx_word' id='word_1_84' title='bbox 516 2061 660 2128; x_wconf 84' lang='lat' dir='ltr'>subolere</span> <span class='ocrx_word' id='word_1_85' title='bbox 685 2073 782 2150; x_wconf 84' lang='lat' dir='ltr'>queat</span> <span class='ocrx_word' id='word_1_86' title='bbox 805 2071 962 2128; x_wconf 75' lang='lat' dir='ltr'>cmunnn</span> <span class='ocrx_word' id='word_1_87' title='bbox 981 2062 1073 2127; x_wconf 86' lang='lat' dir='ltr'>naris</span> <span class='ocrx_word' id='word_1_88' title='bbox 1095 2059 1229 2140; x_wconf 82' lang='lat' dir='ltr'>arbiter,</span> <span class='ocrx_word' id='word_1_89' title='bbox 1262 2081 1386 2126; x_wconf 68' lang='lat' dir='ltr'>mures</span> <span class='ocrx_word' id='word_1_90' title='bbox 1416 2059 1480 2125; x_wconf 63' lang='lat' dir='ltr'>abac</span> 
     </span>
     <span class='ocr_line' id='line_1_14' title="bbox 363 2167 1476 2238; baseline -0.007 0"><span class='ocrx_word' id='word_1_91' title='bbox 363 2169 567 2238; x_wconf 81' lang='lat' dir='ltr'>adulterinas</span> <span class='ocrx_word' id='word_1_92' title='bbox 588 2190 653 2234; x_wconf 92' lang='lat' dir='ltr'>non</span> <span class='ocrx_word' id='word_1_93' title='bbox 674 2167 741 2234; x_wconf 85' lang='lat' dir='ltr'>sine</span> <span class='ocrx_word' id='word_1_94' title='bbox 761 2182 889 2236; x_wconf 76' lang='lat' dir='ltr'>anitutu</span> <span class='ocrx_word' id='word_1_95' title='bbox 913 2181 943 2236; x_wconf 90' lang='lat' dir='ltr'>ct</span> <span class='ocrx_word' id='word_1_96' title='bbox 966 2169 1152 2236; x_wconf 86' lang='lat' dir='ltr'>interventu</span> <span class='ocrx_word' id='word_1_97' title='bbox 1179 2189 1328 2234; x_wconf 70' lang='lat' dir='ltr'>romana</span> <span class='ocrx_word' id='word_1_98' title='bbox 1362 2167 1476 2234; x_wconf 76' lang='lat' dir='ltr'>Graia.</span> 
     </span>
     <span class='ocr_line' id='line_1_15' title="bbox 363 2273 1478 2366; baseline -0.008 -22"><span class='ocrx_word' id='word_1_99' title='bbox 363 2301 404 2346; x_wconf 86' lang='lat' dir='ltr'>ne</span> <span class='ocrx_word' id='word_1_100' title='bbox 419 2277 528 2346; x_wconf 85' lang='lat' dir='ltr'>dicam</span> <span class='ocrx_word' id='word_1_101' title='bbox 550 2275 622 2366; x_wconf 86' lang='lat' dir='ltr'>ipsa</span> <span class='ocrx_word' id='word_1_102' title='bbox 644 2287 785 2366; x_wconf 83' lang='lat' dir='ltr'>parente</span> <span class='ocrx_word' id='word_1_103' title='bbox 808 2288 839 2342; x_wconf 92' lang='lat' dir='ltr'>et</span> <span class='ocrx_word' id='word_1_104' title='bbox 861 2277 1015 2356; x_wconf 82' lang='lat' dir='ltr'>airctricc,</span> <span class='ocrx_word' id='word_1_105' title='bbox 1039 2277 1106 2342; x_wconf 84' lang='lat' dir='ltr'>suis</span> <span class='ocrx_word' id='word_1_106' title='bbox 1128 2275 1169 2342; x_wconf 87' lang='lat' dir='ltr'>ab</span> <span class='ocrx_word' id='word_1_107' title='bbox 1192 2274 1437 2341; x_wconf 77' lang='lat' dir='ltr'>institutoribus</span> <span class='ocrx_word' id='word_1_108' title='bbox 1453 2273 1478 2337; x_wconf 82' lang='lat' dir='ltr'>in</span> 
     </span>
     <span class='ocr_line' id='line_1_16' title="bbox 360 2383 1044 2477; baseline -0.007 -23"><span class='ocrx_word' id='word_1_109' title='bbox 360 2388 434 2477; x_wconf 83' lang='lat' dir='ltr'>soro</span> <span class='ocrx_word' id='word_1_110' title='bbox 446 2383 577 2476; x_wconf 85' lang='lat' dir='ltr'>publico</span> <span class='ocrx_word' id='word_1_111' title='bbox 592 2383 742 2451; x_wconf 77' lang='lat' dir='ltr'>Ecclesia</span> <span class='ocrx_word' id='word_1_112' title='bbox 755 2383 856 2472; x_wconf 80' lang='lat' dir='ltr'>fuisse</span> <span class='ocrx_word' id='word_1_113' title='bbox 869 2383 1044 2474; x_wconf 76' lang='lat' dir='ltr'>expositas.</span> 
     </span>
    </p>

    <p class='ocr_par' dir='ltr' id='par_1_5' title="bbox 362 2489 1483 3012">
     <span class='ocr_line' id='line_1_17' title="bbox 408 2489 1479 2582; baseline -0.004 -25"><span class='ocrx_word' id='word_1_114' title='bbox 408 2492 585 2582; x_wconf 85' lang='lat' dir='ltr'>Episcopus</span> <span class='ocrx_word' id='word_1_115' title='bbox 600 2489 639 2556; x_wconf 91' lang='lat' dir='ltr'>de</span> <span class='ocrx_word' id='word_1_116' title='bbox 660 2489 837 2557; x_wconf 89' lang='lat' dir='ltr'>Houthcim</span> <span class='ocrx_word' id='word_1_117' title='bbox 864 2491 937 2580; x_wconf 78' lang='lat' dir='ltr'>(surb</span> <span class='ocrx_word' id='word_1_118' title='bbox 960 2491 1092 2557; x_wconf 84' lang='lat' dir='ltr'>nonrine</span> <span class='ocrx_word' id='word_1_119' title='bbox 1110 2489 1274 2568; x_wconf 86' lang='lat' dir='ltr'>Febranii,</span> <span class='ocrx_word' id='word_1_120' title='bbox 1298 2511 1327 2556; x_wconf 91' lang='lat' dir='ltr'>c.</span> <span class='ocrx_word' id='word_1_121' title='bbox 1352 2493 1388 2575; x_wconf 78' lang='lat'>3,</span> <span class='ocrx_word' id='word_1_122' title='bbox 1405 2491 1425 2579; x_wconf 64' lang='grc' dir='ltr'>ξ</span> <span class='ocrx_word' id='word_1_123' title='bbox 1442 2491 1479 2570; x_wconf 66' lang='lat'>9¹3,</span> 
     </span>
     <span class='ocr_line' id='line_1_18' title="bbox 363 2597 1481 2690; baseline -0.004 -22"><span class='ocrx_word' id='word_1_124' title='bbox 363 2601 514 2668; x_wconf 86' lang='lat' dir='ltr'>eamdem</span> <span class='ocrx_word' id='word_1_125' title='bbox 535 2600 748 2685; x_wconf 84' lang='lat' dir='ltr'>calumniam,</span> <span class='ocrx_word' id='word_1_126' title='bbox 773 2600 863 2666; x_wconf 92' lang='lat' dir='ltr'>nulla</span> <span class='ocrx_word' id='word_1_127' title='bbox 887 2598 1009 2688; x_wconf 87' lang='lat' dir='ltr'>prolata</span> <span class='ocrx_word' id='word_1_128' title='bbox 1030 2599 1231 2690; x_wconf 83' lang='lat' dir='ltr'>probatione,</span> <span class='ocrx_word' id='word_1_129' title='bbox 1255 2597 1378 2666; x_wconf 88' lang='lat' dir='ltr'>indicio</span> <span class='ocrx_word' id='word_1_130' title='bbox 1399 2599 1481 2666; x_wconf 86' lang='lat' dir='ltr'>nullo</span> 
     </span>
     <span class='ocr_line' id='line_1_19' title="bbox 362 2705 1483 2797; baseline -0.006 -21"><span class='ocrx_word' id='word_1_131' title='bbox 362 2709 585 2776; x_wconf 87' lang='lat' dir='ltr'>incunctanter</span> <span class='ocrx_word' id='word_1_132' title='bbox 614 2705 768 2789; x_wconf 90' lang='lat' dir='ltr'>obtrudit,</span> <span class='ocrx_word' id='word_1_133' title='bbox 798 2705 992 2774; x_wconf 87' lang='lat' dir='ltr'>allirmando</span> <span class='ocrx_word' id='word_1_134' title='bbox 1016 2707 1113 2775; x_wconf 83' lang='lat' dir='ltr'>falsas</span> <span class='ocrx_word' id='word_1_135' title='bbox 1136 2705 1310 2774; x_wconf 84' lang='lat' dir='ltr'>decretales</span> <span class='ocrx_word' id='word_1_136' title='bbox 1332 2716 1407 2797; x_wconf 88' lang='lat' dir='ltr'>post</span> <span class='ocrx_word' id='word_1_137' title='bbox 1430 2731 1483 2772; x_wconf 78' lang='lat' dir='ltr'>arr-</span> 
     </span>
     <span class='ocr_line' id='line_1_20' title="bbox 365 2812 1482 2904; baseline -0.006 -21"><span class='ocrx_word' id='word_1_138' title='bbox 365 2839 447 2883; x_wconf 90' lang='lat' dir='ltr'>num</span> <span class='ocrx_word' id='word_1_139' title='bbox 472 2818 534 2881; x_wconf 75' lang='lat' dir='ltr'>ill</span> <span class='ocrx_word' id='word_1_140' title='bbox 558 2813 752 2904; x_wconf 90' lang='lat' dir='ltr'>compositas</span> <span class='ocrx_word' id='word_1_141' title='bbox 771 2813 882 2898; x_wconf 88' lang='lat' dir='ltr'>luisse,</span> <span class='ocrx_word' id='word_1_142' title='bbox 901 2827 932 2881; x_wconf 91' lang='lat' dir='ltr'>ct</span> <span class='ocrx_word' id='word_1_143' title='bbox 948 2816 1059 2881; x_wconf 74' lang='lat' dir='ltr'>Romu</span> <span class='ocrx_word' id='word_1_144' title='bbox 1081 2812 1226 2902; x_wconf 78' lang='lat' dir='ltr'>paridem,</span> <span class='ocrx_word' id='word_1_145' title='bbox 1243 2825 1280 2879; x_wconf 91' lang='lat' dir='ltr'>at</span> <span class='ocrx_word' id='word_1_146' title='bbox 1299 2814 1414 2903; x_wconf 80' lang='lat' dir='ltr'>prucis</span> <span class='ocrx_word' id='word_1_147' title='bbox 1424 2816 1482 2903; x_wconf 78' lang='lat' dir='ltr'>(ert</span> 
     </span>
     <span class='ocr_line' id='line_1_21' title="bbox 364 2923 515 3012; baseline -0.026 -21"><span class='ocrx_word' id='word_1_148' title='bbox 364 2923 515 3012; x_wconf 83' lang='lat' dir='ltr'>suspicio.</span> 
     </span>
    </p>

    <p class='ocr_par' dir='ltr' id='par_1_6' title="bbox 364 3025 1482 3770">
     <span class='ocr_line' id='line_1_22' title="bbox 410 3025 1482 3119; baseline -0.006 -21"><span class='ocrx_word' id='word_1_149' title='bbox 410 3030 551 3112; x_wconf 77' lang='lat' dir='ltr'>Quidam</span> <span class='ocrx_word' id='word_1_150' title='bbox 579 3029 742 3119; x_wconf 86' lang='lat' dir='ltr'>Gasperus</span> <span class='ocrx_word' id='word_1_151' title='bbox 768 3027 899 3094; x_wconf 88' lang='lat' dir='ltr'>Bartbel</span> <span class='ocrx_word' id='word_1_152' title='bbox 922 3027 1091 3095; x_wconf 86' lang='lat' dir='ltr'>conatibus</span> <span class='ocrx_word' id='word_1_153' title='bbox 1116 3027 1216 3094; x_wconf 86' lang='lat' dir='ltr'>sancti</span> <span class='ocrx_word' id='word_1_154' title='bbox 1237 3025 1364 3094; x_wconf 89' lang='lat' dir='ltr'>Nicolai</span> <span class='ocrx_word' id='word_1_155' title='bbox 1393 3029 1405 3092; x_wconf 97' lang='lat' dir='ltr'>l</span> <span class='ocrx_word' id='word_1_156' title='bbox 1432 3026 1482 3093; x_wconf 91' lang='lat' dir='ltr'>tri-</span> 
     </span>
     <span class='ocr_line' id='line_1_23' title="bbox 364 3120 1481 3228; baseline -0.008 -21"><span class='ocrx_word' id='word_1_157' title='bbox 364 3140 435 3208; x_wconf 89' lang='lat' dir='ltr'>buit</span> <span class='ocrx_word' id='word_1_158' title='bbox 469 3137 631 3228; x_wconf 72' lang='lat' dir='ltr'>praecipue</span> <span class='ocrx_word' id='word_1_159' title='bbox 665 3135 854 3202; x_wconf 82' lang='lat' dir='ltr'>lsidurianae</span> <span class='ocrx_word' id='word_1_160' title='bbox 893 3135 1088 3202; x_wconf 87' lang='lat' dir='ltr'>collectionis</span> <span class='ocrx_word' id='word_1_161' title='bbox 1125 3120 1353 3225; x_wconf 86' lang='lat' dir='ltr'>receptionem.</span> <span class='ocrx_word' id='word_1_162' title='bbox 1392 3133 1481 3202; x_wconf 90' lang='lat' dir='ltr'>Hunc</span> 
     </span>
     <span class='ocr_line' id='line_1_24' title="bbox 365 3244 1478 3336; baseline -0.006 -19"><span class='ocrx_word' id='word_1_163' title='bbox 365 3257 533 3317; x_wconf 87' lang='lat' dir='ltr'>auctorem</span> <span class='ocrx_word' id='word_1_164' title='bbox 548 3246 610 3314; x_wconf 89' lang='lat' dir='ltr'>sihi</span> <span class='ocrx_word' id='word_1_165' title='bbox 624 3245 764 3312; x_wconf 84' lang='lat' dir='ltr'>similem</span> <span class='ocrx_word' id='word_1_166' title='bbox 780 3247 824 3312; x_wconf 85' lang='lat' dir='ltr'>ita</span> <span class='ocrx_word' id='word_1_167' title='bbox 838 3247 913 3313; x_wconf 81' lang='lat' dir='ltr'>citat</span> <span class='ocrx_word' id='word_1_168' title='bbox 927 3246 1107 3335; x_wconf 87' lang='lat' dir='ltr'>Episcopus</span> <span class='ocrx_word' id='word_1_169' title='bbox 1117 3245 1157 3312; x_wconf 90' lang='lat' dir='ltr'>de</span> <span class='ocrx_word' id='word_1_170' title='bbox 1168 3245 1348 3313; x_wconf 87' lang='lat' dir='ltr'>Hontbeim</span> <span class='ocrx_word' id='word_1_171' title='bbox 1362 3244 1453 3336; x_wconf 90' lang='lat' dir='ltr'>(ibid.</span> <span class='ocrx_word' id='word_1_172' title='bbox 1473 3273 1478 3308; x_wconf 90' lang='lat'><strong>:</strong></span> 
     </span>
     <span class='ocr_line' id='line_1_25' title="bbox 368 3350 1480 3446; baseline -0.009 -21"><span class='ocrx_word' id='word_1_173' title='bbox 368 3360 537 3446; x_wconf 82' lang='lat' dir='ltr'>Gasparus</span> <span class='ocrx_word' id='word_1_174' title='bbox 560 3353 698 3422; x_wconf 88' lang='lat' dir='ltr'>Bartbel</span> <span class='ocrx_word' id='word_1_175' title='bbox 772 3353 919 3420; x_wconf 87' lang='lat' dir='ltr'>observat</span> <span class='ocrx_word' id='word_1_176' title='bbox 939 3351 1162 3426; x_wconf 81' lang='lat' dir='ltr'>Isidorionarn</span> <span class='ocrx_word' id='word_1_177' title='bbox 1181 3350 1334 3432; x_wconf 85' lang='lat' dir='ltr'>codicem,</span> <span class='ocrx_word' id='word_1_178' title='bbox 1355 3365 1480 3442; x_wconf 72' lang='lat' dir='ltr'>urpunc</span> 
     </span>
     <span class='ocr_line' id='line_1_26' title="bbox 365 3459 1479 3538; baseline -0.009 -4"><span class='ocrx_word' id='word_1_179' title='bbox 365 3461 641 3534; x_wconf 79' lang='lat' dir='ltr'>aelrernentc&#39;ssime</span> <span class='ocrx_word' id='word_1_180' title='bbox 655 3460 791 3530; x_wconf 84' lang='lat' dir='ltr'>Nicolao</span> <span class='ocrx_word' id='word_1_181' title='bbox 805 3463 823 3528; x_wconf 89' lang='lat' dir='ltr'><em>I</em></span> <span class='ocrx_word' id='word_1_182' title='bbox 837 3483 857 3528; x_wconf 90' lang='lat' dir='ltr'>o</span> <span class='ocrx_word' id='word_1_183' title='bbox 873 3471 942 3526; x_wconf 88' lang='lat' dir='ltr'>tota</span> <span class='ocrx_word' id='word_1_184' title='bbox 957 3459 1113 3538; x_wconf 81' lang='lat' dir='ltr'>Ecclesia,</span> <span class='ocrx_word' id='word_1_185' title='bbox 1133 3461 1168 3526; x_wconf 86' lang='lat' dir='ltr'>in</span> <span class='ocrx_word' id='word_1_186' title='bbox 1185 3461 1367 3527; x_wconf 83' lang='lat' dir='ltr'>Germania</span> <span class='ocrx_word' id='word_1_187' title='bbox 1388 3459 1479 3528; x_wconf 77' lang='lat' dir='ltr'>adru-</span> 
     </span>
     <span class='ocr_line' id='line_1_27' title="bbox 368 3565 1477 3661; baseline -0.01 -20"><span class='ocrx_word' id='word_1_188' title='bbox 368 3585 452 3641; x_wconf 86' lang='lat' dir='ltr'>tente</span> <span class='ocrx_word' id='word_1_189' title='bbox 469 3569 682 3661; x_wconf 82' lang='lat' dir='ltr'>potissimum</span> <span class='ocrx_word' id='word_1_190' title='bbox 695 3567 899 3658; x_wconf 77' lang='lat' dir='ltr'>Reqr&#39;nrclpbo</span> <span class='ocrx_word' id='word_1_191' title='bbox 918 3565 1110 3657; x_wconf 74' lang='lat' dir='ltr'>(Ilicbulpbu</span> <span class='ocrx_word' id='word_1_192' title='bbox 1125 3565 1302 3654; x_wconf 81' lang='lat' dir='ltr'>legendum</span> <span class='ocrx_word' id='word_1_193' title='bbox 1318 3575 1409 3632; x_wconf 84' lang='lat' dir='ltr'>notat</span> <span class='ocrx_word' id='word_1_194' title='bbox 1426 3567 1477 3633; x_wconf 86' lang='lat' dir='ltr'>Fe-</span> 
     </span>
     <span class='ocr_line' id='line_1_28' title="bbox 365 3678 1246 3770; baseline -0.008 -19"><span class='ocrx_word' id='word_1_195' title='bbox 365 3680 511 3768; x_wconf 87' lang='lat' dir='ltr'>branius)</span> <span class='ocrx_word' id='word_1_196' title='bbox 530 3678 770 3770; x_wconf 77' lang='lat' dir='ltr'>archiepiscopo</span> <span class='ocrx_word' id='word_1_197' title='bbox 786 3678 981 3766; x_wconf 78' lang='lat' dir='ltr'>Mopuntina</span> <span class='ocrx_word' id='word_1_198' title='bbox 996 3689 1161 3768; x_wconf 85' lang='lat' dir='ltr'>receptum</span> <span class='ocrx_word' id='word_1_199' title='bbox 1173 3697 1246 3744; x_wconf 86' lang='lat' dir='ltr'>csse.</span> 
     </span>
    </p>

    <p class='ocr_par' dir='ltr' id='par_1_7' title="bbox 365 3783 1479 4292">
     <span class='ocr_line' id='line_1_29' title="bbox 412 3783 1479 3880; baseline -0.009 -22"><span class='ocrx_word' id='word_1_200' title='bbox 412 3789 540 3880; x_wconf 87' lang='lat' dir='ltr'>Duplici</span> <span class='ocrx_word' id='word_1_201' title='bbox 564 3810 643 3876; x_wconf 82' lang='lat' dir='ltr'>ergo</span> <span class='ocrx_word' id='word_1_202' title='bbox 664 3787 866 3856; x_wconf 88' lang='lat' dir='ltr'>accusatione</span> <span class='ocrx_word' id='word_1_203' title='bbox 893 3795 1028 3874; x_wconf 86' lang='lat' dir='ltr'>urgetur</span> <span class='ocrx_word' id='word_1_204' title='bbox 1054 3785 1241 3853; x_wconf 88' lang='lat' dir='ltr'>calumnia:</span> <span class='ocrx_word' id='word_1_205' title='bbox 1265 3787 1296 3850; x_wconf 86' lang='lat' dir='ltr'>l·</span> <span class='ocrx_word' id='word_1_206' title='bbox 1315 3785 1413 3852; x_wconf 86' lang='lat' dir='ltr'>falsas</span> <span class='ocrx_word' id='word_1_207' title='bbox 1432 3783 1479 3850; x_wconf 87' lang='lat' dir='ltr'>de-</span> 
     </span>
     <span class='ocr_line' id='line_1_30' title="bbox 367 3894 1479 3982; baseline -0.013 -14"><span class='ocrx_word' id='word_1_208' title='bbox 367 3899 501 3968; x_wconf 88' lang='lat' dir='ltr'>cretales</span> <span class='ocrx_word' id='word_1_209' title='bbox 521 3897 649 3982; x_wconf 78' lang='lat' dir='ltr'>Romen,</span> <span class='ocrx_word' id='word_1_210' title='bbox 674 3904 837 3964; x_wconf 89' lang='lat' dir='ltr'>aunuente</span> <span class='ocrx_word' id='word_1_211' title='bbox 865 3895 1036 3963; x_wconf 83' lang='lat' dir='ltr'>ueletiam</span> <span class='ocrx_word' id='word_1_212' title='bbox 1060 3895 1201 3962; x_wconf 84' lang='lat' dir='ltr'>auctrice</span> <span class='ocrx_word' id='word_1_213' title='bbox 1224 3914 1361 3962; x_wconf 87' lang='lat' dir='ltr'>romana</span> <span class='ocrx_word' id='word_1_214' title='bbox 1376 3894 1479 3966; x_wconf 82' lang='lat' dir='ltr'>Curiu,</span> 
     </span>
     <span class='ocr_line' id='line_1_31' title="bbox 367 4001 1478 4076; baseline -0.014 0"><span class='ocrx_word' id='word_1_215' title='bbox 367 4005 518 4076; x_wconf 82' lang='lat' dir='ltr'>confictas</span> <span class='ocrx_word' id='word_1_216' title='bbox 540 4027 620 4072; x_wconf 89' lang='lat' dir='ltr'>esse.</span> <span class='ocrx_word' id='word_1_217' title='bbox 651 4008 684 4069; x_wconf 79' lang='lat'>2⁰</span> <span class='ocrx_word' id='word_1_218' title='bbox 706 4003 877 4071; x_wconf 88' lang='lat' dir='ltr'>Nicolaum</span> <span class='ocrx_word' id='word_1_219' title='bbox 905 4003 919 4068; x_wconf 94' lang='lat' dir='ltr'>l</span> <span class='ocrx_word' id='word_1_220' title='bbox 944 4002 1211 4068; x_wconf 87' lang='lat' dir='ltr'>ardentissimum</span> <span class='ocrx_word' id='word_1_221' title='bbox 1239 4001 1339 4068; x_wconf 87' lang='lat' dir='ltr'>luisse</span> <span class='ocrx_word' id='word_1_222' title='bbox 1366 4001 1478 4068; x_wconf 79' lang='lat' dir='ltr'>lalsetu¹</span> 
     </span>
     <span class='ocr_line' id='line_1_32' title="bbox 365 4107 1478 4201; baseline -0.01 -19"><span class='ocrx_word' id='word_1_223' title='bbox 365 4111 561 4183; x_wconf 87' lang='lat' dir='ltr'>collectionis</span> <span class='ocrx_word' id='word_1_224' title='bbox 590 4119 845 4201; x_wconf 78' lang='lat' dir='ltr'>propagatorem.</span> <span class='ocrx_word' id='word_1_225' title='bbox 876 4109 978 4176; x_wconf 85' lang='lat' dir='ltr'>Porro</span> <span class='ocrx_word' id='word_1_226' title='bbox 1013 4117 1149 4198; x_wconf 88' lang='lat' dir='ltr'>utraque</span> <span class='ocrx_word' id='word_1_227' title='bbox 1179 4109 1340 4175; x_wconf 71' lang='lat' dir='ltr'>accumbo</span> <span class='ocrx_word' id='word_1_228' title='bbox 1373 4107 1478 4172; x_wconf 85' lang='lat' dir='ltr'>vanis-</span> 
     </span>
     <span class='ocr_line' id='line_1_33' title="bbox 365 4224 521 4292; baseline -0.013 -1"><span class='ocrx_word' id='word_1_229' title='bbox 365 4224 449 4292; x_wconf 84' lang='lat' dir='ltr'>sima</span> <span class='ocrx_word' id='word_1_230' title='bbox 463 4227 521 4289; x_wconf 86' lang='lat' dir='ltr'>est.</span> 
     </span>
    </p>
   </div>
   <div class='ocr_carea' id='block_1_5' title="bbox 0 0 1532 4946">
    <p class='ocr_par' dir='ltr' id='par_1_8' title="bbox 0 0 1532 4946">
     <span class='ocr_line' id='line_1_34' title="bbox 0 0 1532 4946; baseline 0 0"><span class='ocrx_word' id='word_1_231' title='bbox 0 0 1532 4946; x_wconf 95' lang='lat' dir='ltr'> </span> 
     </span>
    </p>
   </div>
  </div>
 </body>
</html>
