3042 4946
579 471 663 519 suan
684 473 836 520 cenerici.
1204 449 1265 514 523

160 635 176 675 c
199 609 416 702 Apostolicam
432 613 548 682 Sedem
563 621 595 681 et
607 614 792 684 Romanum
814 615 1005 684 Pontificem
1026 615 1059 683 in
1077 613 1266 683 universum

159 743 176 783 a
200 719 311 788 orbem
331 728 439 790 tenere
457 723 654 813 primetnm;
682 731 714 791 et
737 722 845 814 ipsum
868 721 1061 792 Pontificem
1081 721 1266 790 Romanum

160 852 177 890 e
200 847 420 897 successorem·
430 851 500 898 esse
515 829 606 898 Beati
623 829 713 898 Petri
733 829 889 922 principis
903 830 1149 920 Apostolorum,
1166 837 1197 898 et
1210 849 1269 895 ve-

160 960 177 998 «
200 955 275 1002 rum
290 933 410 1003 Christi
424 935 598 1024 vicarium,
614 940 775 1029 totiusque
790 937 940 1006 Ecclesiae
953 945 1061 1030 eaput,
1075 945 1108 1004 et
1121 933 1270 1006 omnium

161 1067 177 1106 e
200 1041 450 1112 christianorum
462 1053 586 1137 patrem
601 1068 639 1114 ac
652 1045 815 1115 doctorem
832 1045 988 1132 existere3
1003 1056 1035 1114 et
1046 1045 1110 1137 ipsi
1125 1045 1161 1112 in
1171 1045 1270 1114 beato

160 1175 177 1214 «
200 1149 296 1220 Petro
309 1152 473 1242 pascendi,
489 1151 625 1243 regendi
645 1161 678 1222 et
695 1151 900 1243 gabarnendi
924 1151 1140 1222 universalem
1157 1149 1269 1220 Eccle-

162 1288 179 1328 ι(
202 1263 283 1331 siam
299 1286 318 1331 a
332 1262 472 1332 Domino
490 1273 601 1332 nostro
614 1263 691 1332 lesu
706 1261 835 1332 Christo
853 1261 981 1354 plenam
1001 1265 1190 1352 potestatem
1205 1265 1270 1324 tra·

162 1397 179 1436 a
201 1369 303 1439 ditem
317 1393 397 1440 esse.
415 1397 432 1436 a
452 1372 500 1462 (ln
513 1371 641 1440 decreto
655 1393 715 1463 pro
729 1371 849 1439 unione
865 1367 1082 1456 Graeoourm.)
1097 1367 1164 1434 Pro
1177 1387 1269 1455 prae-

159 1479 242 1548 senti
267 1489 379 1548 nostro
406 1502 515 1571 scopo,
538 1480 590 1548 hic
615 1479 694 1548 alias
719 1477 970 1547 fundamentalis
996 1476 1086 1545 iltius
1112 1473 1274 1564 dogmatis

157 1587 364 1679 probationes
387 1587 677 1678 praetermittimus.
701 1587 764 1655 Eae
790 1585 929 1678 reperiet
951 1584 1052 1654 lector
1071 1583 1105 1652 in
1129 1579 1272 1650 tractati-

159 1694 221 1764 bus
234 1694 425 1784 theologicis
447 1695 487 1763 de
503 1695 646 1764 Ecclesia
660 1695 712 1764 vel
727 1695 767 1764 de
786 1695 935 1764 Romano
956 1691 1125 1762 Pontifiee.
1142 1691 1272 1781 Nosque

160 1805 196 1872 in
212 1811 322 1872 nostro
335 1809 473 1871 tractatu
489 1801 528 1872 dc
543 1806 639 1895 Papo
656 1826 710 1872 eas
723 1802 853 1872 abunde
867 1799 1160 1894 suppeditabimus.

203 1911 385 1980 Paorosmo
395 1914 442 1977 2².
453 1913 656 1979 -Romorro
668 1909 823 2002 Pontifici
832 1909 970 1978 contulit
985 1909 1131 1978 Glin'stus
1139 1906 1274 1999 plenam

157 2029 353 2109 potestatem
364 2018 528 2110 poscendi,
547 2017 678 2109 rependi
691 2030 723 2086 et
735 2017 940 2108 qnbemandi
953 2017 1128 2110 ipsammet
1143 2013 1275 2083 tierm-

160 2127 270 2195 ctiam
292 2126 449 2195 dioeicitus
472 2126 670 2206 institutam,
688 2123 725 2193 id
743 2139 800 2206 cst,
818 2123 1005 2217 Episcopus,
1024 2122 1227 2215 presbyteros
1245 2131 1275 2186 et

161 2235 339 2303 ministros.
359 2271 404 2286 --
428 2234 538 2325 ipsum
563 2233 650 2301 enim
673 2231 839 2300 constituit
866 2231 966 2299 totius
991 2230 1142 2301 Ecclesiae
1166 2235 1273 2318 eaput.

161 2342 253 2410 Dicta
268 2363 346 2410 vero
363 2340 545 2410 hierarchia
566 2349 615 2408 est
635 2362 709 2431 pars
729 2338 902 2417 Ecclesiae3
919 2345 1043 2428 ergoet
1060 2335 1160 2428 hujus
1174 2333 1276 2425 partis

161 2457 259 2542 eaput
284 2448 479 2518 constitutus
507 2458 554 2518 est
583 2447 752 2516 Romanus
784 2445 947 2515 Pontifex.
977 2446 1058 2514 Item
1081 2445 1112 2512 ei
1141 2441 1278 2510 eontulit

161 2558 312 2628 Christus
331 2558 460 2649 plenam
477 2564 667 2648 potestatem
687 2553 840 2647 pascendi
856 2577 893 2622 ac
909 2553 1044 2644 regendi
1060 2552 1277 2622 universalem

161 2667 337 2736 Ecclesiam
350 2693 358 2746 ;
375 2688 455 2756 ergo
470 2675 502 2734 ct
515 2665 633 2735 dictam
647 2663 879 2750 hierarchiam,
896 2685 971 2755 qnae
991 2685 1067 2754 pars
1080 2671 1128 2730 est
1144 2661 1277 2730 univer·

162 2777 238 2845 salis
258 2775 422 2844 Ecclesia.

206 2883 389 2953 Pnorosmro
405 2886 450 2950 3².
462 2921 506 2933 -
522 2881 711 2966 mumdum
725 2881 848 2950 ordinis
860 2892 1056 2974 potestatem
1066 2901 1131 2946 noo
1141 2876 1278 2968 subjecit

165 2993 311 3064 clametur
335 2991 477 3061 Romani
499 2991 666 3082 Pontificio
691 2991 840 3073 arbitrio,
866 2988 977 3082 quoad
999 2987 1218 3057 validitatem
1234 3024 1278 3037 -

162 3100 277 3171 Voluit
298 3099 448 3169 Christus
461 3098 606 3168 validum
627 3121 696 3167 csse
714 3099 925 3191 baptismum,
942 3120 963 3165 a
979 3118 1183 3190 quacumque
1204 3115 1280 3186 per-

163 3230 244 3277 sona
263 3208 460 3293 conferatur,
479 3205 576 3275 modo
599 3205 708 3276 debita
731 3205 928 3276 interveniat
952 3205 1087 3274 materia
1107 3212 1138 3272 et
1160 3202 1277 3288 forma,

163 3338 239 3385 cum
254 3315 433 3384 intentione
456 3314 575 3405 agendi
594 3313 683 3405 quod
704 3314 844 3383 intendit
869 3313 1021 3382 Ecclesia.
1039 3314 1120 3381 Item
1143 3312 1280 3403 presby·

164 3433 286 3492 teratus
321 3421 433 3490 ordini
476 3429 702 3513 permanenter
746 3423 906 3490 annexuit
947 3427 1136 3512 potestatem
1174 3418 1280 3487 valide

164 3531 354 3602 conficiendi
382 3531 621 3600 sanctissimum
652 3531 864 3600 Eucharistiae
891 3537 1150 3614 sacramentnm
1178 3529 1284 3597 itaut

164 3639 271 3710 valide
294 3650 459 3709 consecret
484 3639 665 3731 presbyter,
689 3639 902 3730 quantumvis
928 3625 1230 3707 excommunicatus
1250 3644 1282 3703 et

164 3749 358 3842 prohibitus.
374 3749 464 3816 Idem
483 3746 657 3815 dicendum
679 3746 719 3814 de
739 3747 898 3838 Episcopo
920 3744 1028 3836 quoad
1046 3766 1211 3814 sacrorum
1226 3767 1282 3812 or-

165 3855 280 3925 dinum
295 3866 326 3925 et
346 3855 603 3924 confirmationis
625 3853 840 3922 collationem.
858 3852 913 3920 Ad
935 3851 1076 3920 validam
1101 3859 1210 3920 autem
1229 3875 1282 3920 sa·

165 3968 324 4035 crementi
348 3964 546 4058 poenitentiae
571 3963 897 4050 administrationem,
915 3963 1003 4032 ultra
1022 3944 1282 4054 praerequisitam

165 4075 378 4167 aptitudinem
400 4097 475 4142 cum
496 4071 610 4140 ordine
632 4071 844 4162 presbyterali
865 4070 1029 4140 aChristo
1051 4070 1211 4150 collatam,
1229 4093 1283 4137 re-

166 4183 307 4276 quiritur
323 4183 419 4252 etiam
435 4190 563 4272 accepta
586 4181 620 4250 in
636 4180 781 4249 subditos
801 4177 1015 4250 absolvendos
1032 4165 1226 4270 jurisdictio.
1244 4179 1283 4246 Et
