3064 4952
511 539 594 584 ruars
617 537 768 586 canonici.
1134 525 1195 586 209

82 674 264 743 errantibus
288 676 490 763 recesserint,
517 677 594 746 utile
622 679 792 766 duximus,
822 681 952 772 speciali
981 681 1201 750 consulatione

81 780 253 872 explodere
269 793 410 874 systema
425 783 506 853 illud
518 810 538 855 a
550 785 724 874 Febrouio,
739 787 814 858 Van
828 789 949 880 Espen,
965 789 1104 882 aliisque
1115 791 1200 859 acri-

82 898 127 956 ter
150 901 408 983 propugnatum,
430 916 496 985 qno
509 903 575 962 tota
591 895 747 964 evertitur
768 895 908 965 Romani
924 897 1103 985 Pontificis,
1121 919 1198 966 con-

80 995 241 1086 ciliorum,
258 998 412 1068 Ecclesiae
429 1001 569 1094 denique
584 1003 686 1094 ipsius
699 1003 882 1093 legislativa
897 1012 1046 1096 potestas.

597 1341 671 1431 aa
799 1281 805 1292 ’

373 1527 438 1576 Vera
454 1525 543 1592 placiti
558 1528 622 1592 regii
638 1529 722 1590 origo,
739 1531 765 1578 et
784 1528 900 1579 historia.

119 1758 311 1845 Stokmnns,
337 1761 370 1828 in
390 1785 450 1831 suo
472 1770 610 1832 tractatu
638 1762 764 1855 dejure
784 1764 972 1852 Belgarum,
991 1763 1076 1832 circa
1090 1763 1196 1832 bullas

77 1868 271 1938 Pontificum
301 1872 345 1962 (p.
367 1870 440 1961 167)
458 1871 572 1939 asserit
586 1871 738 1962 placitum
763 1870 891 1960 regium
907 1870 949 1938 od
963 1873 1056 1938 omni
1066 1895 1193 1940 memo-

77 1978 124 2043 rio
145 1979 182 2044 in
200 2003 262 2046 usu
282 1979 393 2048 tuisse.
420 1979 482 2048 Sed
503 1987 616 2048 auctor
638 1979 705 2067 ille,
720 2001 740 2046 a
753 1977 915 2047 Febronio
935 1980 1071 2047 summis
1086 1980 1190 2049 landi-

77 2083 133 2152 bus
157 2094 351 2172 exornatus,
379 2094 410 2154 et
431 2087 472 2154 ab
498 2085 686 2155 Innocentio
708 2085 740 2152 X
769 2085 908 2177 (decreto
927 2085 991 2154 diei
1015 2089 1054 2152 2³
1082 2087 1194 2178 aprilis

76 2193 149 2259 anni
168 2191 281 2284 tuot),
299 2202 330 2261 et
343 2202 438 2262 antea
445 2193 514 2283 jam
529 2194 570 2262 ab
585 2193 835 2285 inquisitoribus
847 2192 979 2280 Matriti,
995 2192 1193 2263 condemna-

78 2311 136 2388 tus,
162 2309 288 2368 tantam
314 2301 540 2392 antiquitatem
570 2301 763 2392 placitorum
780 2300 947 2390 regiorum
964 2299 1193 2370 consuetudini

78 2409 260 2497 tribuendo,
292 2409 388 2500 plane
413 2409 568 2479 mentitus
598 2419 656 2478 est.
687 2409 855 2481 Vetustior
881 2433 945 2480 non
970 2421 1018 2479 est
1040 2411 1093 2478 ille
1113 2433 1191 2478 usus

76 2539 171 2607 quam
194 2518 334 2588 schisma
357 2519 552 2602 Occidentis,
573 2519 660 2611 quod
676 2519 718 2587 ab
732 2518 866 2588 Urbano
879 2519 925 2589 Vl
941 2542 1043 2610 usque
1058 2519 1099 2586 ad
1114 2543 1191 2588 con-

76 2625 186 2694 cilium
201 2627 446 2696 constantiense
460 2627 662 2720 perduravit.
680 2628 841 2718 Tempore
856 2626 1074 2700 scilicetillius
1089 2627 1192 2696 schis-

76 2736 170 2802 matis
200 2734 513 2803 circumferebantur
542 2735 786 2803 constitutiones
814 2758 833 2803 a
863 2735 967 2804 tribus
998 2735 1037 2803 de
1072 2746 1191 2828 papatu

76 2842 343 2911 contendentibus
370 2841 481 2931 edita,
513 2853 545 2912 et
571 2844 604 2911 in
624 2852 711 2912 tanta
736 2865 844 2912 rerum
871 2844 1116 2937 perturbatione
1127 2846 1189 2914 du-

74 2947 162 3018 bium
193 2958 264 3018 erat
293 2974 336 3019 an
359 2961 465 3020 essent
489 2952 559 3020 veri
581 2951 760 3038 Pontificis,
787 2953 888 3019 immo
904 2975 945 3020 an
962 2964 1068 3021 essent
1088 2952 1187 3041 illius,

75 3059 123 3124 cui
148 3060 389 3128 tribuebantur.
419 3060 512 3128 Tunc
534 3069 755 3151 opportunum
783 3059 917 3129 Urbano
931 3061 977 3130 Vl
1008 3062 1115 3130 visum
1130 3073 1188 3149 est,

75 3175 107 3233 ut
133 3176 308 3260 antequam
340 3167 522 3238 executioni
549 3166 822 3236 demandarentur
852 3170 1096 3238 constitutiones
1120 3157 1187 3240 sum

74 3275 269 3364 apostolicas,
300 3275 450 3367 Episcopi
475 3274 659 3366 judicarent
689 3298 730 3343 an
762 3275 956 3344 authentica
977 3276 1084 3345 forent
1114 3289 1189 3346 eta

76 3403 148 3450 vero
163 3381 322 3452 Pontifice
337 3382 509 3474 proiectae,
528 3405 628 3475 quam
642 3405 679 3450 aa
689 3382 729 3450 de
743 3405 839 3450 causa
855 3383 1039 3452 facultatem
1055 3383 1188 3474 Episco-

75 3493 119 3580 pis
150 3492 279 3580 fecisse,
308 3499 442 3561 testatur
472 3490 659 3560 constitutio
689 3489 822 3557 Martini
853 3490 1062 3581 Vsuperiori
1085 3494 1187 3584 capite

73 3601 182 3669 relata.
200 3601 307 3671 Simul
317 3623 395 3670 vero
409 3599 585 3692 principes,
599 3621 639 3666 ne
655 3599 766 3690 populi
781 3597 1007 3690 deciperentur
1019 3624 1039 3668 a
1048 3600 1187 3693 pseudo-

74 3708 221 3797 pontifice
241 3718 274 3777 et
300 3708 391 3778 falsis
412 3707 527 3794 bullis,
551 3707 726 3775 voluerunt
748 3715 779 3773 et
799 3707 862 3799 ipsi
888 3707 1015 3776 decreta
1041 3709 1103 3776 sub
1128 3733 1186 3778 no-

74 3818 157 3886 mine
170 3818 310 3887 Romani
322 3817 490 3886 Pontificis
503 3817 537 3884 in
549 3817 659 3886 varias
674 3806 860 3908 provincias
875 3817 998 3909 perlata
1009 3840 1186 3908 recognos-

72 3949 151 4016 cere,
182 3937 213 3997 et
242 3927 483 4018 prohibuerunt
507 3949 545 3994 ea
574 3926 695 4017 absque
715 3949 874 3995 consensu
895 3928 963 3996 sive
988 3927 1105 4018 placito
1126 3951 1186 3997 suo

73 4036 238 4123 publicari.
263 4035 304 4104 Et
328 4035 425 4121 hanc,
448 4057 513 4104 non
541 4057 619 4104 vero
644 4035 860 4126 antiquiorem
882 4037 1047 4128 originem
1066 4036 1187 4106 habent

73 4143 185 4232 placita
196 4145 300 4236 regia,
316 4143 452 4214 decretis
467 4143 639 4238 pontificiis
654 4143 858 4235 publicandis
869 4146 1025 4237 apposita.

116 4251 208 4321 Pater
219 4253 380 4342 Zaccaria,
397 4253 464 4340 vir,
481 4262 518 4321 ut
532 4275 645 4322 omnes
654 4253 773 4340 sciunt,
786 4253 978 4322 eruditionis
989 4258 1189 4347 prestantis·

422 4367 423 4370 ’
993 4370 1027 4428 ld
