3042 4946
328 459 388 521 550
678 471 854 518 rescissus
878 473 916 518 os
938 472 1094 518 enincrrns

322 638 396 684 uero
424 613 523 704 ipsius
553 611 784 680 tantummodo
814 612 1044 704 Phradati).
1074 613 1166 682 idem
1195 610 1370 680 concilium
1403 611 1449 678 sic

320 723 414 792 initio
438 721 534 790 habet
551 747 558 788 ε
576 720 732 814 Episcopi
751 721 810 813 qni
829 735 923 790 cetra
946 720 1109 789 dioecesim
1132 733 1221 809 sunt,
1239 719 1285 788 ad
1300 721 1451 789 ccclesias

321 848 507 932 quocontra
529 836 686 905 terminos
707 857 820 904 eorum
847 847 934 917 stent,
961 855 1029 903 non
1050 833 1219 918 accedant,
1243 855 1347 926 neque
1369 857 1451 903 con-
1506 843 1509 932 ς’

316 946 461 1038 frendant
476 958 506 1014 et
518 945 738 1036 permisceant
749 944 905 1012 ccclesias.
923 943 1023 1034 (Loco
1042 943 1151 1031 citato,
1168 943 1228 1011 cot.
1247 943 1338 1033 stt.)
1508 935 1509 956 ¹

363 1059 397 1121 7⁰
414 1055 450 1122 tn
474 1053 622 1123 confesso
646 1059 693 1121 est
707 1051 795 1146 opud
816 1052 963 1122 eruditos
978 1073 1125 1145 quosque
1140 1073 1305 1121 canonum
1320 1053 1382 1146 qui
1399 1054 1453 1121 di-

317 1171 437 1232 cuntur
464 1162 698 1254 Apostolorum
720 1159 907 1230 veneranda
930 1160 1120 1254 antiquitas.
1148 1161 1252 1230 Porro
1275 1161 1324 1229 sic
1348 1161 1453 1240 hebet

317 1293 422 1340 conon
450 1274 490 1338 28
514 1271 719 1363 :Episcopus
744 1294 809 1338 non
838 1269 959 1340 audeat
984 1283 1078 1339 entra
1099 1271 1184 1362 fines
1209 1293 1282 1339 suos
1308 1271 1450 1340 ordiren-

316 1381 417 1448 tiones
434 1380 544 1470 [acere
559 1379 594 1446 in
617 1378 805 1448 ciuitatibus
823 1392 882 1448 aut
894 1379 992 1471 papis
1006 1379 1072 1471 ipsi
1086 1401 1153 1447 non
1168 1379 1333 1470 subjectis.
1351 1381 1453 1464 Quod

315 1487 344 1555 si
368 1486 533 1556 conuictus
556 1487 659 1578 [sterit
679 1487 740 1556 hoc
759 1486 869 1578 secisse
888 1500 1014 1580 prater
1032 1509 1146 1556 eorum
1166 1487 1364 1556 sententiam
1390 1491 1450 1579 qui

313 1601 459 1668 ciuitates
478 1597 554 1666 illas
575 1608 606 1664 et
618 1619 726 1688 pupas
749 1595 904 1678 obtinent,
922 1593 1108 1686 deponatur
1122 1607 1153 1662 et
1168 1594 1248 1687 ipse,
1271 1607 1300 1662 ct
1320 1595 1348 1662 ii
1363 1619 1446 1688 qnos

314 1707 496 1778 ordinavit.

360 1819 392 1884 8⁰
410 1813 464 1886 Sic
487 1814 647 1883 statuebat
671 1835 757 1881 anno
784 1815 842 1880 em
863 1811 1039 1882 concilium
1062 1812 1265 1900 Turonense‚
1283 1821 1443 1882 canonet

315 1933 347 1994 et
364 1929 401 1992 10
421 1951 427 1990 :
445 1928 494 1991 De
510 1921 807 2015 praesumptoribus
819 1921 921 1990 ctiam
927 1920 1058 2013 placuit
1074 1920 1257 2004 obseruare,
1275 1933 1315 1990 ut
1330 1921 1445 2014 siqnis

315 2032 495 2125 Episcopus
506 2030 542 2098 in
550 2030 611 2121 jus
618 2029 735 2121 [ratres
747 2029 799 2096 sui
813 2042 949 2098 conatus
961 2029 1065 2121 suerit
1078 2028 1217 2099 inserere
1229 2045 1439 2123 potestaten,

315 2157 353 2212 ut
380 2152 439 2211 aut
460 2141 607 2212 dioeceses
630 2141 756 2210 alienas
775 2141 1045 2232 transprediendo
1070 2143 1225 2210 terminos
1247 2165 1270 2210 a
1288 2146 1443 2214 Patriicu

313 2252 503 2321 conutitutos
514 2249 691 2344 pervadat,
709 2262 768 2317 aut
780 2249 910 2318 clericos
926 2251 968 2318 at
979 2251 1056 2319 aliis
1067 2250 1236 2321 ordinatos
1247 2275 1444 2344 promovere

309 2371 506 2452 prasumat,
522 2359 564 2426 at
578 2357 806 2427 uniuersorum
819 2360 968 2449 potrum
984 2372 1014 2426 et
1026 2358 1297 2428 consacerdotum
1308 2383 1445 2431 suorum
1508 2393 1509 2453 p

315 2470 542 2539 communione
553 2492 586 2537 se
598 2469 743 2538 alienum
758 2468 960 2561 efficiendum
974 2493 1041 2538 non
1059 2470 1225 2539 dubitet...
1249 2469 1447 2542 Ordinatio·

314 2603 367 2648 nes
382 2602 456 2648 vero
470 2578 603 2648 illicitas
614 2579 650 2645 in
666 2577 800 2646 irritum
814 2577 1008 2647 devocamus
1024 2579 1081 2669 (2).

363 2694 396 2755 9⁰
408 2689 443 2758 S.
459 2687 712 2779 Chrysostomus
726 2687 768 2756 ed
782 2687 816 2756 S.
831 2687 1086 2756 Innocentiuml
1103 2685 1265 2756 scribens:
1280 2689 1447 2758 Pietatem

317 2811 459 2868 vestram
479 2794 641 2865 audiuisse
656 2795 774 2887 opinor
788 2794 934 2886 quiduis
955 2817 1036 2862 anso
1055 2794 1098 2862 sit
1114 2795 1315 2886 iniquitas...
1334 2800 1450 2890 Neque

315 2907 402 2978 enim
432 2916 682 2974 cousentaneum
708 2915 755 2971 cst
781 2915 819 2972 ut
844 2903 904 2994 qui
928 2925 968 2970 eor
994 2907 1140 2994 AEpypto
1165 2903 1220 2984 sit,
1245 2925 1298 2971 cos
1323 2906 1387 2994 qui
1416 2907 1450 2972 in

318 3013 456 3082 Thracio
470 3027 546 3080 sunt
552 3010 694 3103 judicet.
713 3010 894 3102 (Constant,
914 3015 946 3096 t,
958 3011 1043 3080 inter
1054 3010 1204 3103 epistolas
1218 3010 1253 3080 S.
1268 3013 1385 3083 innoc.
1404 3015 1446 3104 1.)
1506 3021 1507 3091 t

363 3126 416 3190 10⁰
433 3121 583 3190 Zozimus
605 3119 716 3211 Papa:
739 3123 858 3188 Omnes
876 3141 955 3187 sane
970 3119 1183 3188 admonemus
1203 3121 1337 3212 (nempe
1368 3123 1450 3214 Epi-

318 3255 431 3325 scopos
448 3229 589 3322 Gallio),
606 3241 645 3298 ut
666 3229 785 3323 quique
802 3229 938 3321 finibus,
963 3229 1199 3320 territoriisque
1216 3229 1284 3298 suis
1297 3233 1451 3300 contenti

316 3343 380 3410 sint
398 3369 407 3408 :
424 3362 504 3410 nam
529 3338 671 3407 barbara
697 3349 726 3405 et
754 3337 859 3429 impio
884 3339 948 3406 ista
972 3339 1118 3431 confusio
1142 3352 1186 3407 est
1217 3339 1329 3408 atiena
1354 3365 1449 3434 pree-
1505 3335 1506 3409 i

316 3471 453 3518 sumere.
474 3446 655 3538 (Constant,
672 3445 884 3538 epistolarum
900 3445 1023 3514 Zozimi
1036 3444 1091 3536 1².)

363 3567 415 3630 11⁰
430 3561 593 3633 Volebant
608 3557 744 3652 quidum
761 3567 910 3630 sanctum
927 3559 1152 3650 Augustinum
1169 3561 1446 3634 extradioecesim

316 3693 349 3740 se
375 3667 551 3739 transferre
566 3667 607 3736 ad
626 3665 849 3758 coarguendos
865 3667 1059 3737 Donatistes.
1078 3668 1267 3760 Respondet
1280 3670 1447 3763 Augusti·
1504 3693 1505 3722 t

319 3802 379 3847 nus
394 3777 497 3869 (epist.
514 3775 556 3844 sd
571 3775 751 3844 Eusebium
769 3775 822 3866 tt)
843 3802 850 3843 :
870 3779 938 3845 Hoc
954 3773 1132 3844 ridiculum
1146 3789 1192 3844 est
1208 3775 1326 3862 dicere,
1346 3783 1449 3871 qetosi

315 3886 363 3955 od
375 3908 427 3954 mc
446 3883 614 3976 pertineat
629 3905 709 3952 cura
722 3884 864 3976 proprio
877 3883 941 3952 nisi
954 3885 1179 3977 Hipponensis,
1188 3888 1388 3959 Ecclesiee...
1408 3894 1447 3958 In

347 4149 377 4210 tlt
396 4145 469 4209 Apud
483 4145 580 4208 stbe,
595 4149 666 4195 tomo
678 4149 702 4207 t,
716 4145 768 4196 col.
783 4150 837 4196 958.
855 4145 923 4197 Edit.
942 4147 1054 4211 Parisiis,
1067 4151 1137 4199 tots.

346 4235 377 4291 (ἢ)
390 4227 565 4278 Consiliorum
578 4227 660 4279 Msnsi
673 4231 744 4278 tomo
754 4231 778 4288 7,
791 4229 841 4280 col.
856 4233 912 4280 tto.
928 4229 995 4280 Edit.
1015 4231 1160 4294 Florentin,
1177 4234 1245 4282 tm.
