3048 4954
546 501 630 548 turus
652 500 803 547 canonici.
1175 477 1234 544 139

110 635 313 730 jampridem
338 641 460 710 confixi
482 665 489 706 ε
509 640 630 733 quibus
656 638 776 709 scilicet
805 639 858 708 vel
880 637 1032 708 Ecclesiae
1057 638 1239 729 negabatur

113 746 252 814 omnino
271 745 453 837 legislativa
476 755 635 840 potestas,
661 745 713 816 vel
744 747 804 816 toti
832 745 979 816 fidelium
1010 745 1237 816 communitati

115 853 343 940 tribuebatur,
371 856 465 926 vela
497 855 701 948 principibus
734 853 947 924 sacularibus
971 855 1176 924 asserebatur
1201 855 1235 922 in

114 961 291 1032 Ecclesiam
307 961 394 1034 dono
410 986 567 1034 manasse.

160 1070 361 1140 Gravissima
385 1093 463 1161 ergo
491 1071 546 1140 illa
569 1071 616 1142 de
630 1072 716 1163 juris
741 1069 889 1140 canonici
909 1067 1052 1138 lontibus
1077 1069 1234 1156 tractatio,

114 1178 163 1246 ita
191 1179 283 1248 nobis
313 1179 497 1248 ordinanda
522 1186 587 1267 est,
618 1190 655 1248 ut
692 1202 758 1248 non
788 1187 916 1246 tontum
946 1199 1024 1246 sana
1052 1185 1083 1244 et
1110 1185 1237 1268 recepta

114 1296 301 1379 exponatur
326 1287 489 1373 doctrina,
513 1285 570 1357 sed
592 1287 728 1357 insimul
753 1286 929 1356 evellendis
953 1285 1121 1378 predictis
1145 1308 1236 1354 erro-

116 1397 209 1464 ribus
238 1419 337 1489 opera
361 1405 545 1488 praestetur.
577 1395 738 1489 laquem
765 1419 899 1488 scopum
924 1404 1102 1464 statuemus
1131 1393 1236 1462 inesse

114 1502 268 1572 Ecclesiae
307 1526 419 1573 veram
458 1511 555 1596 atque
592 1503 654 1596 ipsi
692 1505 857 1596 propriam
892 1502 981 1592 leges
1010 1525 1068 1570 seu
1097 1521 1235 1568 canones

116 1610 277 1680 condendi
314 1621 526 1704 potestatem
572 1612 759 1704 fontemque
805 1609 899 1678 illum
936 1609 1022 1701 juris
1063 1607 1234 1692 canonici,

115 1719 228 1788 stricto
254 1742 352 1789 sensu
377 1719 561 1812 loquendo,
585 1742 651 1788 nou
678 1717 909 1810 multiplicem,
928 1716 984 1785 sed
1002 1717 1135 1785 unicum
1153 1739 1235 1801 esse,

115 1829 258 1898 Romani
277 1829 397 1896 scilicet
421 1825 591 1898 Pontificis
611 1826 829 1917 legislativam
855 1825 1102 1894 auctoritatem:
1131 1822 1237 1892 latiori

115 1946 226 2003 tamen
255 1957 375 2022 sensu,
406 1959 499 2028 posse
521 1945 552 2005 et
573 1936 675 2005 solere
701 1935 812 2026 plures
839 1932 997 2022 distingui
1021 1931 1110 2024 juris
1138 1953 1236 1999 ceno-

116 2043 181 2112 nici
204 2043 318 2112 fontes.
336 2043 408 2125 Quo
433 2045 531 2113 semel
547 2045 583 2111 iu
596 2044 702 2135 prima
721 2041 863 2111 sectione
879 2039 1021 2127 firmato,
1045 2062 1181 2130 agemus
1201 2039 1236 2107 in

116 2148 264 2241 reliquis,
287 2149 327 2218 de
342 2150 627 2220 constitutionibus
649 2149 834 2242 pontificiis,
860 2148 900 2216 de
922 2145 1069 2216 conciliis
1093 2167 1237 2214 oecume-

114 2255 217 2343 uicis,
241 2257 281 2324 de
303 2258 447 2326 romanis
474 2243 806 2348 congregationibus,
824 2266 856 2324 et
878 2254 1011 2324 tandem
1036 2251 1077 2320 de
1097 2276 1234 2322 consue·

114 2365 245 2451 tudine,
271 2375 425 2458 tanquam
452 2366 585 2436 totidem
612 2365 759 2436 diversos
779 2366 864 2457 juris
886 2365 969 2432 sacri
995 2363 1100 2432 fontes
1124 2362 1234 2430 latiori

114 2497 215 2544 sensu
232 2475 516 2562 constituentibus,
544 2475 618 2544 licet
637 2476 747 2544 stricto
769 2498 867 2544 sensu
892 2499 996 2545 unum
1017 2474 1234 2566 eumdemque

115 2590 245 2652 tentum
260 2585 469 2652 constituunt.

562 3017 725 3098 SECTIO
759 3019 789 3096 l.

199 3262 244 3316 ΛΝ
270 3261 321 3318 Sll'
346 3263 380 3318 ΙΝ
407 3259 566 3318 nectusu
589 3259 722 3326 ALlQUlS
750 3260 836 3316 FONS
862 3261 952 3318 Junls
978 3261 1153 3331 eunocum,

402 3369 444 3426 ET
463 3367 509 3423 AN
527 3367 716 3427 uunrrnnux
735 3369 805 3426 VEL‘
819 3369 951 3426 UNlCUS.

158 3665 382 3747 Quaestionem
407 3663 496 3732 illam
521 3664 726 3734 absolvemus
749 3665 810 3735 hoc
831 3663 945 3734 ordine
968 3667 1027 3732 :1⁰
1050 3665 1238 3734 Statuamus

114 3772 259 3843 residere
275 3773 309 3840 in
328 3771 474 3842 Ecclesia
492 3793 605 3840 veram
620 3779 652 3841 et
667 3773 799 3865 proprie
812 3772 934 3841 dictam
957 3772 1047 3862 leges
1063 3795 1121 3842 seu
1134 3795 1237 3843 cano-

113 3905 173 3952 nos
195 3877 358 3949 condendi
381 3885 586 3971 potestatem,
611 3903 648 3948 ac
672 3879 811 3972 proinde
832 3880 956 3950 fontem
977 3879 1063 3972 juris
1075 3881 1235 3952 canonici.

116 3995 148 4058 2⁰
173 3986 431 4080 Expendemus,
452 4010 496 4056 an
508 3987 657 4058 Verbum
683 3989 742 4058 Dei
758 3989 917 4082 scriptum
931 3988 985 4058 vel
998 4011 1066 4060 non
1079 3990 1236 4083 scriptum

117 4100 202 4167 inter
223 4097 328 4165 fontes
349 4097 435 4188 juris
455 4099 539 4167 sacri
564 4099 807 4170 numerandum
829 4099 881 4170 sit.
915 4103 946 4168 3ο
971 4099 1061 4168 Idem
1077 4101 1238 4192 expende·

120 4227 191 4274 mus
220 4205 328 4296 quoad
350 4205 404 4296 jus
430 4206 664 4297 apostolicum,
695 4207 727 4276 id
754 4217 803 4277 est
826 4231 883 4301 per
913 4209 1087 4312 Apostolos
1120 4212 1240 4280 consti-
