3042 4946
351 407 410 473 ott
700 427 874 474 interitus
896 427 935 472 uu
956 428 1111 474 rrrucuus

345 578 498 641 assueto
518 569 682 662 Cyprieno
707 569 848 662 reperies
874 567 1007 654 ibidem,
1034 569 1170 661 epistola
1196 575 1250 658 tt,
1280 581 1314 640 et
1343 573 1467 643 iterum

346 679 483 771 epistola
510 683 565 765 75,
587 678 706 770 pagina
732 681 807 762 tts,
827 698 953 745 necnon
976 677 1098 768 pagins
1122 679 1197 746 337.
1214 679 1358 748 Extsbat
1371 704 1465 772 ergo,

344 795 424 856 testo
443 787 623 878 Cyprinuo,
648 785 828 855 hierarchia
846 793 996 855 constans
1013 785 1191 878 Episcopis,
1215 788 1425 880 presbyteris
1441 803 1469 858 et

344 895 513 964 ministris.
533 897 613 964 item
631 915 689 986 pro
702 902 790 963 certo
803 894 917 962 habuit
927 893 1111 986 Cyprianus
1127 893 1315 988 Episcopos,
1333 921 1380 967 ex
1399 899 1468 991 ipss

343 1005 456 1076 divino
481 1003 697 1088 ordinatione,
722 1002 848 1070 ceteris
874 1001 1032 1092 gradibus
1061 1003 1245 1095 superiores
1269 1006 1468 1076 constitutos

344 1115 456 1186 tuisse.

392 1223 606 1294 Tertullianus
625 1250 635 1290 .·
657 1249 674 1287 c
697 1221 762 1292 Sed
776 1243 851 1290 cum
866 1220 928 1312 ipsi
949 1228 1110 1308 suctores,
1129 1221 1164 1290 id
1178 1231 1226 1292 est
1240 1223 1304 1314 ipsi
1319 1222 1463 1308 diaconi,

343 1335 521 1427 presbyteri
544 1344 576 1403 et
593 1330 744 1425 Episcopi
764 1330 937 1420 fugiunt...
959 1357 977 1414 u¹
999 1333 1061 1421 (De
1072 1332 1154 1422 firpo
1169 1332 1204 1399 in
1220 1335 1462 1422 persecutione,

342 1444 444 1534 cupite
468 1442 535 1533 tt).
556 1439 695 1510 «Dandi
710 1438 885 1531 (baptismii
902 1437 1038 1530 quidem
1054 1438 1151 1508 hubet
1159 1440 1214 1530 jus
1236 1463 1392 1512 summus
1409 1468 1465 1512 sa-

343 1554 469 1639 cerdos,
490 1553 547 1644 qui
569 1560 616 1620 est
640 1551 831 1644 Episcopus,
857 1548 972 1617 dehinc
986 1549 1166 1640 presbyteri
1180 1558 1213 1619 et
1226 1550 1370 1638 diaconi,
1400 1577 1464 1622 uon

344 1673 453 1732 temen
472 1662 542 1730 siue
560 1659 710 1751 Episcopi
733 1659 931 1728 auctoritate.
950 1684 966 1722 u
986 1659 1047 1748 (De
1064 1659 1247 1750 Baptismo,
1268 1662 1378 1753 cupite
1398 1667 1458 1750 17(

391 1768 645 1840 constitutiones
660 1789 735 1860 quae
748 1765 902 1834 dicuntur
921 1766 1163 1857 Apostolorum,
1179 1789 1328 1860 quasque
1341 1773 1463 1841 surcido

343 1884 458 1970 quarto
473 1875 666 1967 posteriores
676 1895 742 1944 uon
756 1893 823 1942 esse
838 1872 1045 1940 consentiunt
1054 1871 1173 1941 eruditi
1188 1900 1195 1940 :
1218 1899 1234 1937 c
1250 1875 1355 1964 Audi,
1371 1901 1462 1948 soors

341 1984 498 2054 catholica
512 1983 700 2052 Ecclesia...
721 2007 728 2048 :
747 2002 821 2072 quae
843 1987 937 2047 antee
955 1977 1074 2070 (idest,
1096 1979 1131 2046 in
1147 1981 1248 2050 ueteri
1262 1982 1343 2073 depe)
1360 1988 1461 2054 sucri-

341 2094 414 2162 ficin
440 2114 528 2161 nunc
550 2089 750 2182 precationes
774 2095 805 2156 et
825 2087 1061 2155 obsecrationes
1081 2096 1113 2155 et
1129 2087 1346 2160 Eucharistiae
1363 2117 1373 2159 t
1389 2117 1459 2183 quae

341 2210 419 2270 tuuc
435 2198 586 2290 primitiae
611 2207 643 2265 et
664 2196 797 2264 decimae
819 2203 851 2262 et
866 2195 1030 2286 portiones
1049 2217 1086 2262 sc
1104 2193 1202 2282 doun,
1219 2219 1307 2265 nuuc
1323 2199 1457 2268 oblatio-

341 2331 411 2395 nes,
430 2329 505 2399 quae
526 2327 585 2396 por
611 2311 739 2372 sanctos
760 2302 936 2393 Episcopus
958 2301 1139 2370 offeruntur
1162 2301 1303 2373 Domino
1318 2305 1390 2376 Deo
1405 2332 1458 2399 per

341 2415 521 2498 Christum,
544 2411 601 2504 qui
622 2430 681 2502 pro
700 2409 852 2478 omuibus
869 2417 1015 2478 mortuns
1035 2423 1094 2478 est.
1110 2413 1155 2480 Hi
1172 2435 1313 2507 namque
1337 2419 1389 2509 (id
1402 2436 1457 2500 est,

341 2523 506 2616 Episcopi]
531 2530 608 2590 suut
624 2519 724 2588 vestri
746 2517 945 2586 Pontifices:
964 2519 1145 2590 secerdotes
1165 2545 1243 2592 vero
1266 2529 1369 2596 vestri
1385 2541 1460 2599 suut

340 2629 519 2725 presbyteri
539 2656 546 2696 ε
563 2628 672 2697 levitae
688 2634 795 2694 autem
811 2627 924 2712 vestri,
939 2627 997 2718 qui
1014 2649 1101 2696 nunc
1118 2639 1195 2700 suut
1214 2631 1357 2702 diaconi.
1372 2656 1459 2705 'osso

341 2758 391 2830 peip
405 2753 468 2807 tisis
485 2752 554 2824 ὑμῶν
569 2751 593 2802 oi
606 2746 734 2824 ἀρχιερεῖς
752 2767 757 2780 ·
775 2749 799 2800 ui
812 2743 840 2800 di
856 2749 928 2822 ἱερεῖς
939 2748 1019 2820 ὑμῶν,
1036 2751 1060 2802 oi
1071 2749 1255 2828 πρισὸὐτεροι·
1268 2759 1312 2808 καὶ
1323 2759 1348 2808 ci
1362 2758 1460 2813 inuisae

340 2863 355 2913 o
356 2869 420 2934 μῶν,
437 2862 461 2913 oi
474 2865 519 2912 mir
537 2855 658 2912 διάκονοι.
687 2869 703 2908 u
724 2843 890 2934 (Libro,
856 2849 875 2911 2
915 2847 1017 2937 capite
1039 2851 1094 2936 25,
1112 2851 1334 2922 Conciliomm
1353 2857 1460 2926 Mansi

339 2957 458 3023 tornot
464 2953 608 3044 ,pagius
624 2955 701 3037 326,
717 2951 794 3019 edit.
812 2950 985 3021 Florentiae
1003 2958 1086 3023 ttntt
1092 2959 1113 3046 6
1130 2957 1241 3050 Cupite
1253 2964 1294 3028 28
1307 2962 1457 3053 ejusdem

336 3061 413 3130 libri
432 3059 578 3144 secundi,
600 3060 720 3128 iterum
734 3061 855 3128 mentio
869 3059 917 3148 fit,
934 3075 1003 3130 tum
1017 3062 1059 3131 de
1072 3064 1232 3158 Episcopo
1245 3071 1307 3139 snb
1323 3076 1458 3143 nomine
1511 3089 1512 3158 6

331 3169 477 3290 pastoris
488 3191 541 3238 nur
530 3169 641 3237 Deus
662 3167 880 3237 sacerdotium
896 3171 1072 3260 commisit;
1092 3181 1163 3243 tum
1182 3175 1222 3246 de
1243 3173 1512 3308 presbyterisNJ

337 3277 490 3370 quisunt
513 3274 686 3345 consilium
708 3276 865 3368 Episcopi
891 3290 921 3346 et
936 3291 1065 3348 serratus
1083 3283 1262 3369 uertentem
1277 3269 1512 3361 tumetium

337 3389 377 3456 de
389 3387 544 3456 diurnum

381 3498 522 3564 Sanctus
549 3498 689 3586 Optatus
715 3496 925 3566 Mileuitanus
945 3498 1113 3589 (adversus
1140 3503 1398 3595 parmenam.
1428 3517 1455 3596 l,
1511 3553 1512 3556 =

335 3627 363 3673 c.
383 3606 436 3692 13)
454 3610 611 3670 memorat
623 3602 745 3693 paritor
760 3602 948 3696 Episcopus,
963 3608 1169 3700 presbyteros
1182 3619 1215 3680 et
1231 3615 1412 3688 ministros.
1511 3619 1512 3686 3

378 3713 561 3782 Psorosrrto
577 3715 624 3780 2.
639 3749 684 3764 -
694 3711 827 3781 Dictum
840 3714 1093 3786 hierarchiom'
1078 3721 1224 3790 instituit
1242 3725 1457 3821 Christrnper

333 3831 576 3892 sacramentum
599 3817 725 3887 ordinis
739 3823 1025 3912 perpetuandam
1043 3839 1074 3894 et
1090 3826 1139 3895 itu
1154 3841 1192 3897 ut
1206 3831 1370 3904 ordinatis
1382 3860 1458 3906 cou-
1511 3819 1512 3906 6

331 3933 473 4023 ferretur
488 3937 561 3994 tum
576 3926 747 3995 character
768 3926 959 4012 indelebilis,
978 3943 1050 4000 tum
1064 3934 1289 4008 inamissibilis
1303 3944 1456 4032 perdum

327 4048 481 4130 potestas,
494 4033 685 4126 prevalide
697 4035 971 4106 eomcmtnalcret
984 4039 1236 4132 independenter
1247 4047 1290 4114 ab
1301 4052 1454 4119 nmrtisu-

330 4143 455 4238 perinri
461 4140 855 4216 auctoritate-Constet
864 4169 905 4215 ex
916 4145 1160 4220 definitionibus
1170 4152 1355 4226 Tridentini
1368 4159 1454 4229 Con·
