3022 4950
330 421 346 481 6
683 437 855 482 autmarus
879 438 916 480 na
939 437 1091 483 cernemus

328 577 536 649 intendimus.
564 578 664 647 Nobis
691 576 810 645 scilicet
831 575 914 644 idem
930 586 1026 644 erunt
1045 577 1122 668 jura
1136 581 1223 669 quod
1238 578 1337 667 leges,
1354 578 1440 646 idom

326 689 381 780 jus
394 687 482 780 quod
493 685 676 777 complexio
690 685 839 776 quaedam
855 685 978 775 legum.

462 953 502 1004 111.
520 961 589 1001 suala
605 961 754 1001 censeamur
769 959 861 1000 suuerr
877 959 904 999 ru
921 959 1014 1000 vanras
1030 959 1130 1000 semiss
1147 959 1314 1000 nrsrnmmro.

377 1139 407 1200 1⁰
432 1130 597 1202 Dividitur
624 1131 660 1198 in
686 1129 853 1198 essentiale
872 1151 930 1197 seu
952 1129 1110 1210 naturale,
1136 1139 1167 1196 et
1180 1127 1375 1197 accidentale
1389 1153 1448 1198 scu

330 1243 519 1337 positivum.
552 1240 705 1309 Naturale
733 1245 857 1308 constat
887 1238 927 1306 iis
956 1237 1084 1327 legibus
1108 1259 1165 1306 seu
1194 1236 1449 1328 obligationibus

330 1373 404 1443 qnae
427 1351 470 1417 ita
492 1348 671 1417 necessario
695 1346 801 1416 lluuut
823 1369 865 1414 ex
884 1345 944 1413 Dei
965 1352 997 1412 et
1019 1351 1242 1413 creaturarum
1271 1353 1389 1413 natura
1412 1354 1451 1413 ut

330 1482 396 1528 non
418 1458 541 1550 possint
566 1479 632 1524 nou
653 1455 801 1524 existere.
836 1452 1018 1521 Positivum
1045 1457 1169 1520 constat
1196 1451 1324 1541 legibus
1345 1452 1451 1521 libera

329 1568 496 1636 voluntate
519 1566 587 1634 sive
610 1565 670 1632 Dei
696 1564 764 1632 sive
787 1562 959 1631 bominum
985 1561 1178 1629 constitutis.
1204 1560 1343 1642 Quidam
1371 1584 1452 1631 auc-

331 1686 417 1746 tores
449 1674 642 1743 divisionem
670 1671 752 1740 banc
783 1670 972 1762 primariam
1001 1668 1094 1737 aliter
1124 1677 1300 1737 statuunt:
1327 1668 1452 1738 distin-

331 1791 437 1874 guunt
454 1781 573 1850 scilicet
583 1780 638 1870 jus
651 1787 823 1863 aeternum,
839 1777 894 1868 jus
908 1776 1067 1863 naturale,
1083 1786 1115 1844 et
1132 1779 1187 1868 jus
1201 1776 1376 1867 positivum
1395 1777 1454 1864 (ita

331 1893 416 1960 inter
430 1891 511 1959 alios
527 1887 751 1974 Reiffenstuel‚
769 1885 827 1954 lus
840 1883 1045 1970 canonicum,
1062 1885 1271 1975 procamium,
1287 1884 1308 1975 ᾖ
1326 1885 1368 1974 1).
1390 1885 1452 1954 lus

331 2010 489 2069 aeternum
520 2004 637 2066 vocant
669 2002 777 2062 actum
808 1992 930 2062 divinae
957 1994 1074 2060 mentis
1107 2016 1173 2084 quo
1202 1994 1289 2062 Deus
1321 1994 1455 2084 inspicit

332 2117 427 2200 alque
442 2105 566 2198 judicat
580 2101 736 2196 quasdam
753 2101 883 2190 regulas
893 2100 1051 2192 practicus
1067 2101 1263 2170 necessarias
1278 2109 1310 2168 et
1321 2109 1453 2171 aarum

332 2216 490 2300 veritatis,
512 2233 581 2280 esse
603 2215 790 2294 acreatura
810 2207 960 2276 rationali
980 2207 1212 2294 observandas,
1238 2232 1312 2278 cum
1329 2209 1454 2278 volun-

335 2332 397 2392 tate
412 2323 516 2412 ipsam
541 2315 720 2406 obligandi.
746 2317 805 2386 Jus
826 2323 935 2384 autem
953 2316 1101 2384 naturale
1125 2317 1240 2384 dicunt
1263 2317 1375 2386 lumen
1399 2341 1455 2386 ra-

336 2432 433 2500 tionis
444 2426 632 2498 bcmiuibus
645 2423 854 2514 congenitum
864 2431 896 2494 et
904 2422 1029 2493 dictans
1043 2423 1195 2516 quaedam
1210 2446 1278 2493 esse
1293 2424 1454 2510 facienda,
1501 2405 1502 2447 ³

335 2538 487 2633 quaedam
501 2535 646 2603 vitanda.
670 2531 730 2600 Sed
754 2531 918 2606 distinctio
934 2531 1103 2622 baojaria
1122 2533 1236 2602 aeterni
1250 2541 1282 2600 et
1294 2534 1380 2625 juris
1395 2557 1456 2602 na·

336 2647 450 2716 taralis
467 2642 678 2712 nonvidetur
693 2640 816 2731 regulis
830 2651 924 2709 rectae
939 2641 1121 2731 partitionis
1141 2651 1365 2712 consentanea.
1390 2643 1457 2712 Re-

337 2757 414 2846 gula
436 2752 524 2822 enim
549 2749 731 2842 partitionis
756 2757 804 2816 est
822 2758 859 2817 ut
882 2772 986 2818 unum
1010 2750 1193 2818 membrum
1221 2751 1360 2821 alterum
1388 2775 1457 2820 non
1500 2825 1501 2836 χ

336 2863 551 2956 ingrediatur.
575 2861 677 2929 Porro
697 2881 912 2953 quaecumque
939 2871 1016 2930 sunt
1036 2860 1076 2931 de
1097 2863 1173 2956 jure
1198 2864 1352 2951 naturali,
1380 2874 1459 2932 sunt
1500 2843 1501 2848 ἵ

338 2975 435 3043 etiam
451 2971 490 3040 de
503 2970 577 3061 jure
593 2977 726 3053 aeterum
744 2977 856 3060 utpote
872 2977 945 3037 actu
960 2969 1078 3038 mentis
1098 2977 1130 3038 et
1143 2970 1319 3039 voluntatis
1334 2969 1457 3040 divinae

224 3160 225 3168 ἵ
339 3090 471 3167 statuta3
490 3089 522 3148 ct
536 3077 679 3148 vicissim
696 3077 798 3146 multa
814 3101 888 3170 quae
907 3079 995 3146 Deus
1006 3078 1130 3169 judicat
1148 3089 1180 3147 et
1187 3079 1280 3169 jubet
1293 3080 1334 3148 ab
1350 3080 1458 3149 homi-

339 3192 436 3258 nibus
448 3185 605 3272 facienda,
624 3186 830 3253 innotescunt
844 3184 969 3254 homini
986 3207 1044 3276 per
1058 3186 1171 3255 lumen
1187 3186 1321 3255 rationis
1334 3211 1459 3276 conge-

340 3299 459 3366 nitum.
487 3291 724 3384 Antaponenda
748 3315 827 3382 ergo
850 3291 982 3362 videtur
1005 3293 1135 3384 partitio
1161 3293 1319 3385 primaria
1343 3295 1378 3362 in
1404 3296 1460 3386 jus

340 3401 486 3471 naturale
501 3410 531 3468 et
544 3401 599 3491 jus
613 3399 803 3490 positivum.

384 3509 555 3592 Quomodo
578 3517 687 3577 auum
712 3508 799 3576 inter
814 3531 847 3576 se
862 3509 1025 3594 differant,
1050 3531 1091 3577 ex
1117 3510 1235 3579 tradita
1254 3510 1294 3579 de
1320 3520 1459 3602 utroque

341 3625 471 3692 notione
487 3618 579 3686 facile
594 3615 771 3705 colligitur.
796 3617 856 3686 lus
879 3616 1026 3684 naturale
1047 3615 1239 3685 invariabile
1251 3627 1312 3704 est,
1331 3619 1386 3710 jus
1400 3642 1460 3686 au-
1498 3643 1499 3669 t

342 3745 406 3802 tem
430 3730 606 3822 positivum
630 3727 797 3795 variabile.
827 3725 913 3794 Illud
935 3748 976 3794 ex
1000 3726 1178 3796 intrinseca
1199 3728 1324 3796 ratione
1341 3738 1373 3796 et
1388 3729 1461 3796 exi-

343 3841 452 3931 gentia
468 3837 587 3929 objecti
610 3837 760 3926 provenit
777 3862 784 3902 :
802 3833 864 3902 boc
883 3843 992 3902 autam
1009 3855 1049 3902 ex
1063 3833 1167 3904 libera
1182 3835 1348 3904 voluntate
1363 3836 1461 3925 legia-

341 3949 453 4019 latoris
480 3946 575 4038 juxta
606 3943 771 4010 diversam
798 3950 1000 4032 temporum,
1031 3943 1195 4029 locorum,
1224 3965 1459 4032 personarum,
1497 4001 1498 4028 .

341 4059 546 4145 aliarumque
560 4050 881 4119 circumstantiarum
904 4051 1115 4140 exigentiam,
1133 4072 1193 4140 pro
1214 4052 1379 4120 communi
1395 4053 1460 4118 uti·
1497 4037 1498 4076 l

342 4169 430 4235 litate
445 4163 588 4230 diversas
603 4165 632 4225 et
651 4157 803 4249 speciales
817 4157 905 4246 leges
920 4159 1099 4227 statuentis.
1122 4157 1202 4239 Quae
1220 4157 1294 4248 jure
1321 4159 1460 4226 naturali
