3072 4948
515 481 597 528 sanis
618 483 768 531 annosior.
1142 469 1203 536 389

80 615 361 704 praescribaudum
379 628 492 686 contra
512 619 672 690 Ecclesiae
695 621 743 712 (C.
762 622 901 705 Auditis,
925 623 964 693 da
978 625 1203 719 Praescriptio·

80 722 207 814 nibus).
234 723 334 792 Addit
356 724 459 795 Diana
483 725 579 818 (part.
603 733 634 813 6,
660 736 752 798 tract.
771 733 804 816 3,
828 730 923 800 resol.
943 737 976 819 2,
1000 733 1105 826 §Sed
1123 736 1204 828 qnid

81 833 152 922 epo)
181 831 264 902 hanc
293 835 485 904 sententiam
517 839 642 906 firmari
669 839 858 908 anctoritate
885 863 986 910 sacrm
1019 843 1112 912 Rota
1147 867 1203 915 ro·

80 967 204 1032 mansa,
225 967 300 1036 qnae
314 967 444 1038 semper
458 945 542 1014 hanc
558 944 706 1034 regulam
722 947 836 1016 tenuit.
855 947 903 1016 Ita
918 950 1062 1020 sentiunt
1076 953 1201 1040 Abbas,

81 1053 188 1123 Diana
202 1063 234 1122 st
247 1052 453 1124 doctissimus
468 1053 655 1144 annanus.

128 1165 162 1228 3⁰
185 1161 252 1230 Alii
277 1161 408 1231 taudem
435 1163 595 1232 sustinent
620 1185 686 1232 non
710 1164 834 1256 requiri
862 1165 926 1234 nisi
948 1165 1059 1236 decem
1083 1191 1200 1241 annos.

80 1269 231 1352 Quorum
257 1271 460 1363 praecipuum
486 1271 693 1342 ratiocinium
719 1280 766 1340 cst
792 1271 909 1342 istud:
937 1295 1003 1343 non
1028 1283 1077 1344 est
1102 1276 1201 1347 indu-

80 1378 187 1448 cenda
214 1379 431 1473 discrepantia
456 1383 541 1452 inter
567 1381 623 1473 jus
648 1381 743 1450 civile
771 1391 803 1451 et
827 1383 1021 1454 mannicum
1051 1386 1109 1455 nbi
1134 1410 1200 1456 non

80 1487 220 1557 habetur
247 1511 401 1581 expressa
424 1487 596 1582 dispositio
618 1489 703 1581 juris
730 1490 765 1558 in
792 1493 1015 1578 contrarium
1042 1495 1133 1585 atqui
1159 1495 1199 1564 ad

79 1599 302 1690 abrogandam
327 1599 434 1690 legem
457 1602 590 1670 civilem
615 1623 672 1694 per
695 1601 965 1672 consuetudinem
989 1605 1199 1693 contrariam,

79 1704 200 1775 sufficit
227 1706 436 1794 decennium,
466 1709 629 1800 simulque
657 1709 765 1801 quoad
792 1709 854 1780 hcc
881 1711 917 1778 in
944 1711 1020 1804 jure
1044 1715 1200 1784 mnouico

79 1837 146 1884 non
164 1816 325 1908 reperitur
339 1839 494 1908 expressa
507 1815 677 1909 dispositio
693 1817 728 1886 in
742 1818 964 1898 contrarium
986 1843 1065 1910 crgo
1079 1821 1201 1912 pariter

78 1924 122 1992 ad
145 1923 368 2013 abrogandam
390 1925 496 2013 legem
518 1925 705 1994 canonicam
729 1948 972 2017 quamcumque
995 1927 1114 1997 sufficit
1138 1929 1200 1998 de-

78 2034 245 2103 cennium.
271 2035 324 2103 Ad
348 2033 571 2104 anctoritatem
590 2033 683 2104 Rotae
709 2057 854 2104 romanas
875 2039 1087 2127 respondent,
1112 2037 1198 2106 istud

78 2141 213 2232 quidam
235 2142 377 2211 tribunal
395 2141 561 2234 requirere
582 2141 799 2232 qnadraginta
813 2146 938 2222 dunos;
963 2143 1019 2212 sed
1041 2143 1113 2214 ideo
1129 2153 1200 2212 tan-

78 2260 164 2338 tum,
179 2249 267 2342 quod
282 2249 317 2318 in
330 2250 436 2319 causis
449 2271 530 2338 quas
542 2248 738 2341 judicandas
752 2249 862 2335 habet,
876 2249 1075 2319 consuetudo
1087 2259 1200 2320 contm

77 2358 185 2448 legem
207 2357 306 2427 infert
331 2358 560 2450 praejudicium
585 2357 683 2426 alicui
706 2358 815 2442 tertio,
840 2357 931 2424 verbi
957 2357 1074 2446 gratia,
1104 2359 1198 2427 bonis

77 2465 218 2557 alicujus
239 2467 402 2546 ecclesiam
427 2465 573 2556 alioquin
593 2465 682 2534 enim
701 2485 812 2533 coram
828 2465 890 2532 ista
903 2465 994 2534 curia
1006 2487 1073 2534 non
1089 2465 1197 2556 litiga·

77 2584 181 2643 retur.
208 2573 272 2644 Sed
295 2573 336 2643 ad
358 2573 634 2665 praescribondum
656 2580 769 2641 contra
790 2571 876 2641 bona
894 2571 1107 2642 ecclesiastica
1126 2596 1197 2644 ocr-

76 2698 148 2754 tum
183 2695 242 2771 est,
278 2693 310 2752 et
342 2683 383 2751 ah
415 2683 568 2751 omnibns
598 2679 790 2765 admissum,
824 2679 947 2772 requiri
978 2679 1197 2771 quadraginta

74 2815 194 2880 annos,
218 2815 293 2861 cnm
315 2793 361 2860 ita
383 2813 536 2882 expresse
554 2789 610 2881 jus
630 2789 822 2857 canonicum
841 2795 959 2858 statuat
983 2787 1030 2880 (G.
1053 2789 1192 2870 Auditis,

74 2901 117 2969 de
141 2901 356 2993 Prascript.).
384 2901 422 2968 ln
443 2898 597 2992 praesenti
617 2905 727 2967 autem
747 2899 927 2990 quastione
943 2921 1009 2969 non
1025 2901 1133 2991 agitur
1155 2901 1197 2970 dc

73 3009 310 3080 consuetudine
335 3017 432 3101 prout
456 3006 555 3077 infert
581 3004 808 3098 prejudicium
835 3007 931 3076 alicui
955 3008 1093 3098 privatae
1116 3031 1196 3101 per-

74 3141 180 3204 sonae,
209 3116 265 3186 sed
290 3125 387 3208 prout
411 3123 511 3216 totam
532 3113 797 3184 communitatem
820 3115 937 3184 eximit
957 3114 1066 3205 alege
1087 3112 1213 3208 aliqua

73 3226 255 3296 communi.

120 3335 232 3404 Stante
247 3335 304 3403 illa
318 3332 513 3424 opinionum
529 3333 699 3420 varietate,
718 3333 778 3402 hoc
793 3339 921 3401 tantum
937 3331 1088 3420 concludi
1102 3355 1196 3423 posse

73 3443 233 3514 videtur:
262 3446 294 3509 1ο
318 3447 405 3510 carto
423 3439 548 3532 requiri
567 3439 681 3508 saltem
701 3437 919 3518 decennium
945 3441 978 3506 2·
1000 3448 1088 3508 certo
1102 3437 1193 3508 suffi-

72 3573 147 3618 cere
162 3549 380 3641 quadraginta
394 3569 517 3628 annos;
541 3551 574 3615 3⁰
591 3548 752 3616 incertum
767 3567 947 3632 remanere,
964 3544 1067 3614 donec
1082 3545 1194 3637 praxis

73 3657 228 3726 Ecclesia
251 3665 308 3724 aut
329 3655 451 3724 decisio
469 3655 577 3747 aliqua
598 3655 690 3724 litem
705 3654 852 3739 dirimat,
868 3661 980 3721 utrum
995 3651 1195 3722 consuetudo

72 3788 150 3856 quae
176 3765 250 3857 plus
270 3762 382 3832 decem
401 3761 509 3851 annis,
531 3769 563 3830 et
582 3762 692 3831 minus
713 3759 929 3854 quadraginta
943 3758 1090 3849 duravit,
1107 3760 1195 3851 legi-

72 3874 153 3942 time
169 3871 364 3963 praescripta
377 3869 559 3962 reputanda
574 3869 629 3938 sit.
