3072 4948
1515 219 1526 244 q

1525 255 1526 310 l

341 471 403 537 lot
693 487 868 535 resonares
891 489 930 534 na
951 487 1106 534 ramerus
1524 453 1526 498 3

335 633 435 701 latam
457 635 490 698 et
515 627 715 697 annullatam
738 628 841 698 fuisse
864 629 960 698 istam
985 626 1255 698 consuetudinem
1277 651 1299 696 a
1326 631 1462 700 concilio

335 737 529 809 Tridentino
556 739 735 830 reponebat
763 737 954 833 Episcopus.
982 738 1077 822 Quod
1111 747 1283 831 postquam
1311 743 1462 832 exposuit

336 869 438 918 sacru
467 846 741 938 Congregationia
770 847 976 936 secretanus,
1005 844 1119 916 addit:
1146 847 1272 930 oculeus
1301 851 1463 918 neruine

329 956 588 1052 ponderandum
606 956 680 1039 erit,
703 979 786 1025 num
807 945 905 1028 uenia·
925 981 947 1026 n
972 955 1163 1026 Tridentino
1178 958 1305 1049 spendo
1324 983 1463 1029 eonsue-

336 1067 464 1137 tudines
501 1078 532 1135 et
557 1064 737 1158 priuilepe'a
771 1067 904 1136 suitam
935 1067 1069 1158 penitus
1099 1069 1246 1158 sermm,
1279 1067 1396 1136 eadem
1426 1069 1465 1138 de

329 1173 587 1269 precedestiben
604 1197 644 1243 ac
656 1171 697 1243 de
711 1174 888 1243 subsecutis
903 1173 1192 1244 consuetudinibus
1206 1176 1296 1244 ratio
1311 1176 1463 1246 hedmdc

333 1285 388 1354 sit.
412 1281 498 1353 Citnt
522 1289 632 1374 postea
651 1281 848 1352 decisionem
868 1284 1066 1352 annuerem
1080 1283 1115 1351 in
1130 1283 1234 1352 simili
1246 1305 1360 1368 caum,
1379 1286 1460 1354 suh-

327 1393 471 1487 jiciem:
498 1390 623 1476 Quiben
644 1390 730 1460 illud
750 1404 994 1461 consectaneum
1017 1413 1082 1460 esse
1103 1391 1234 1461 uidene
1261 1405 1302 1461 ut
1327 1395 1460 1485 quales-

332 1521 470 1591 cumque
484 1497 739 1581 consuetudines,
751 1499 853 1568 etiem
866 1499 1052 1569 Tridentum
1062 1501 1264 1591 posteriores
1275 1501 1465 1594 improbari

333 1608 480 1678 cenea.
510 1609 673 1676 Ceterum
696 1631 737 1676 ne
763 1607 841 1676 ulte
867 1606 1021 1676 aduena
1049 1607 1255 1676 Tridentinae
1277 1610 1462 1678 sautiorees

330 1715 533 1806 recipiantur
553 1715 812 1798 caueretudines‚
831 1714 917 1786 illud
932 1715 1031 1810 jubet
1056 1715 1157 1808 quod,
1178 1717 1251 1784 licet
1272 1740 1313 1785 ea
1334 1718 1462 1788 meto
1528 1695 1529 1754 ἶ

329 1837 464 1896 careant
484 1824 640 1894 irritante
659 1837 690 1894 et
711 1826 863 1895 clausula
883 1825 1026 1908 aalma,
1052 1847 1091 1893 ee
1114 1836 1225 1894 tumen
1247 1849 1316 1895 non
1335 1827 1460 1897 deside

330 1945 451 2004 rantra
480 1933 515 2002 in
540 1931 640 2002 Bulla
668 1933 722 2001 Pii
744 1936 764 2002 1
769 1935 796 2002 V
817 1956 890 2025 que
914 1933 1145 2002 Trideetr'num
1168 1935 1394 2026 confirmauit,
1423 1948 1461 2004 ut

328 2041 493 2134 sapienter
522 2039 663 2110 oduernt
692 2041 884 2110 Benedictus
909 2043 991 2110 XIV
1015 2055 1045 2110 et
1076 2042 1239 2111 Pitonius.
1278 2043 1385 2112 Porro
1418 2043 1459 2110 ad

330 2151 454 2244 duplex
471 2172 572 2243 snpra
585 2149 772 2241 expositum
793 2148 932 2219 dubium
949 2151 994 2218 sic
1011 2149 1093 2221 lacte
1106 2158 1155 2219 est
1169 2173 1189 2219 a
1205 2173 1297 2220 secra
1309 2151 1460 2242 Congre-

330 2259 461 2351 gutierre
488 2257 658 2351 rmponsio
690 2285 697 2325 :
731 2256 783 2326 Ad
810 2259 972 2350 primum,
1005 2259 1206 2350 affimeutioe
1234 2259 1283 2328 ad
1303 2261 1458 2350 primurn

324 2381 471 2462 partera,
490 2367 641 2458 nepetive
653 2366 701 2436 ad
711 2365 898 2448 secumdam,
917 2367 1111 2458 etamplius
1137 2368 1197 2458 (1).
1215 2367 1268 2436 Ad
1280 2367 1458 2437 emendum

329 2474 878 2568 sentatnrlipescopoadmentcm.
892 2474 1102 2544 Menseutem
1115 2473 1460 2566 illaCoagregationis

329 2585 391 2654 luit
411 2584 459 2674 (ut
472 2605 512 2652 ex
528 2582 601 2651 aliis
614 2582 817 2653 documentis
832 2582 1025 2675 reperimus)
1040 2591 1078 2650 ut
1089 2583 1269 2674 Episcopus
1281 2582 1459 2652 llerdensis

330 2700 478 2762 moneret
494 2692 677 2762 cathedrale
697 2693 890 2785 capitulum,
907 2702 1002 2763 extra
1014 2713 1146 2764 omnem
1160 2695 1302 2766 formam
1312 2697 1459 2789 jndicia—
1530 2731 1531 2748 π

328 2801 405 2888 lem,
432 2800 644 2870 deserendam
672 2823 743 2870 esse
771 2803 1041 2872 consuetudinem
1065 2803 1208 2896 ucujrrs
1224 2811 1375 2896 poteram
1402 2829 1458 2897 pa-

327 2908 477 2979 rochiani
522 2909 661 2980 alierum
703 2909 920 3002 paroeciarum
966 2909 1192 2978 communioni
1236 2909 1382 3001 paschali
1425 2913 1457 2978 in

328 3015 504 3086 cathedrali
519 3015 715 3086 satisfacere.
732 3016 935 3107 (Thesaurus
950 3017 1063 3101 reseis,
1079 3027 1104 3084 t.
1126 3021 1180 3102 tl,
1197 3039 1230 3109 p.
1252 3019 1319 3108 62.)

371 3127 410 3194 ln
429 3147 528 3194 cansa
549 3124 738 3214 Engnbins,
767 3129 803 3192 tl
833 3126 940 3194 martii
968 3130 1052 3194 1729
1076 3126 1123 3217 (in
1152 3127 1314 3195 Thesauro
1342 3131 1454 3212 recol,

328 3244 351 3303 t.
380 3238 412 3321 l,
434 3255 467 3324 p.
493 3233 584 3324 27³),
606 3232 822 3325 disceptatum
844 3241 893 3302 est
914 3233 954 3302 de
974 3233 1221 3322 consuetudine,
1238 3233 1273 3302 vi
1286 3235 1384 3328 cujus
1399 3261 1457 3330 pa-

328 3341 448 3412 rochus
469 3339 664 3410 cathedrelis
685 3352 888 3411 mrameuta
915 3343 1121 3413 ministrabat
1143 3343 1269 3413 clericis
1290 3355 1458 3436 agrotan-

328 3452 416 3520 tibue
436 3451 470 3518 in
495 3450 567 3520 aliis
588 3450 751 3542 parochiis
773 3451 912 3520 civitatis
930 3451 1135 3542 degentibus.
1158 3453 1238 3521 Haec
1252 3455 1457 3524 consuetudo

328 3561 522 3629 confirmata
539 3560 637 3628 etiam
659 3559 767 3628 inerat
790 3560 826 3628 iu
844 3559 970 3653 synodo
989 3560 1167 3651 Eugnhina
1184 3583 1271 3631 anno
1289 3565 1389 3650 1632,
1406 3585 1457 3632 se-

329 3671 442 3762 quenti
466 3669 641 3762 episcopali
655 3669 784 3738 decreto
802 3697 809 3738 :
829 3669 920 3740 Illud
936 3671 1039 3740 etiam
1058 3669 1224 3740 decretum
1243 3671 1457 3762 limandum·

330 3790 362 3844 et
384 3776 609 3846 renouandum
635 3775 803 3860 ducimrcs,
830 3777 948 3870 sepius
967 3779 1001 3846 in
1029 3777 1162 3869 εφιοᾱίε
1177 3778 1456 3870 predecessorum

289 4065 291 4070 ¹
316 4039 318 4044 Ι
361 4083 394 4148 (t)
403 4084 454 4133 late
466 4094 518 4131 vox
530 4079 677 4142 etamplius
690 4079 717 4130 in
730 4081 797 4146 stylo
808 4079 1025 4146 congregationis
1035 4078 1145 4130 concilii
1158 4077 1359 4144 significahnon
1373 4095 1453 4146 posse

327 4162 446 4214 mundam
466 4159 681 4212 comanitarum
699 4160 840 4226 introduci,
863 4161 896 4213 ad
917 4161 1039 4214 effectam
1060 4161 1133 4212 illam
1154 4159 1248 4211 iterum
1265 4161 1396 4212 tractandi
1419 4163 1454 4214 oh

330 4259 398 4296 nere
413 4243 546 4309 proposita
557 4241 665 4293 motiva.
