3064 4952
278 487 338 551 160
629 503 802 552 rntcrarns
826 504 863 550 ns
885 503 1039 551 sarsurus

272 646 428 738 principe.
453 645 639 712 Auctoritas
663 653 772 714 autem
788 644 846 712 illa
866 645 952 713 Petri
967 643 1079 714 eadem
1093 653 1141 712 est
1154 667 1230 714 cum
1250 645 1393 715 Romani

273 753 439 821 Pontificis
464 751 643 842 legislativa
670 759 843 844 potestate,
869 773 944 820 cum
959 751 1000 820 de
1014 753 1079 822 tide
1093 753 1153 840 sit,
1171 775 1242 821 eam
1259 754 1299 821 ad
1315 777 1394 822 suc-

272 883 413 931 cessores
437 881 596 928 manasse.
624 857 719 928 Unde
738 859 828 951 quod
849 859 937 927 intra
955 861 1187 930 concludemus
1207 860 1247 930 de
1262 860 1395 952 legibus

272 968 495 1039 ecclesiasticis
518 991 538 1036 a
559 965 685 1059 synodo
708 966 908 1034 oecnmenica
921 967 1013 1056 latis,
1035 991 1089 1037 eas
1114 991 1232 1061 nempe
1256 969 1396 1038 ultima-

271 1077 331 1146 tim
359 1073 499 1146 Romani
525 1073 708 1160 Pontificis,
733 1075 803 1142 sine
832 1073 927 1165 cujus
952 1075 1197 1146 confirmatione
1223 1077 1291 1148 vim
1322 1100 1395 1146 non

273 1184 441 1272 haherent,
458 1181 640 1252 auctoritati
661 1203 730 1250 esse
753 1179 954 1271 tribuendas,
982 1183 1014 1250 id
1041 1183 1138 1253 etiam
1159 1183 1334 1254 dicendum
1349 1185 1396 1254 de

273 1293 444 1385 disciplina
470 1291 511 1360 ab
533 1289 699 1383 Apostolis
723 1291 939 1360 conciliariter
964 1293 1098 1360 sancita.
1125 1293 1235 1362 Verus
1256 1315 1335 1384 ergo
1358 1305 1395 1362 et

271 1402 405 1496 proprie
430 1400 535 1469 dictus
555 1398 629 1468 fons
648 1398 733 1491 juris
757 1398 903 1468 canonici
927 1398 989 1468 hoc
1015 1400 1112 1469 modo
1134 1399 1246 1469 statuti
1262 1400 1324 1468 luit
1338 1411 1396 1470 to-

272 1514 336 1582 tius
362 1507 512 1578 Ecclesiae
536 1507 687 1599 pastoris,
713 1529 771 1576 scu
792 1507 932 1576 Romani
955 1505 1121 1576 Pontificis
1134 1507 1317 1598 legislativc
1330 1531 1395 1600 pn-

272 1631 381 1692 testas.
409 1619 445 1688 Si
460 1627 569 1687 autern
593 1626 711 1710 agatur
724 1619 765 1685 de
784 1617 911 1706 legibus
926 1615 1004 1704 illis,
1021 1609 1141 1709 quibus
1157 1619 1393 1710 Apostolorum

273 1731 411 1824 quisque
433 1749 521 1813 suas,
542 1747 623 1817 quas
647 1723 797 1794 fundavit
820 1723 981 1813 ecclesias,
1005 1724 1173 1812 instruxit,
1195 1749 1249 1794 eas
1272 1727 1314 1794 ad
1335 1725 1395 1817 jus

273 1837 462 1907 canonicum
488 1834 598 1902 stricte
622 1841 789 1924 sumptum
813 1855 879 1902 non
915 1831 1108 1925 pertinuisse
1133 1833 1308 1904 dicendum
1328 1845 1392 1904 est.

272 1949 331 2018 Jus
357 1944 444 2013 enim
475 1943 670 2011 canonicum
699 1943 808 2008 stricte
832 1949 1001 2030 sumptum
1028 1939 1110 2010 illud
1138 1950 1204 2028 est,
1225 1965 1267 2012 cx
1291 1965 1394 2035 snpra
1435 1957 1438 1963 '

272 2057 444 2144 discussis,
468 2053 555 2147 quod
578 2051 795 2121 universalem
816 2050 991 2118 Ecclesiam
1016 2051 1170 2140 attingit,
1197 2060 1229 2119 et
1252 2076 1312 2143 pro
1339 2076 1394 2122 re-

272 2166 379 2258 genda
404 2162 579 2233 universali
600 2159 742 2229 Ecclesia
762 2159 945 2227 ordinatur.
966 2159 1114 2250 Apostoli
1139 2182 1237 2247 vero,
1260 2161 1333 2230 licet
1348 2185 1393 2231 ex

272 2273 492 2368 prerogativa
515 2269 680 2338 aChristo
705 2275 834 2358 accepta
851 2275 947 2360 atque
969 2265 1010 2334 ad
1032 2266 1208 2359 Episcopus
1229 2269 1305 2336 dein
1324 2293 1393 2338 non

272 2382 464 2466 transitura,
490 2374 750 2469 jurisdictionem
776 2374 811 2441 in
826 2381 930 2442 tntum
945 2373 1057 2442 orbem
1073 2377 1282 2466 accepissent,
1305 2377 1395 2469 leges

262 2501 380 2558 'tamen
405 2509 487 2579 quas
511 2485 650 2576 quisque
674 2481 845 2573 separatim
873 2504 892 2549 a
917 2481 1013 2550 Petro
1039 2491 1071 2550 et
1094 2485 1135 2551 ab
1158 2483 1230 2552 aliis
1251 2484 1392 2572 ferebat,

273 2621 337 2666 non
367 2592 522 2664 omnibus
548 2589 707 2674 ecclesiis,
735 2591 792 2656 sed
819 2587 861 2655 iis
890 2595 1038 2678 tantum,
1070 2613 1151 2683 quas
1181 2593 1396 2663 constituerat

272 2709 353 2798 ipse,
379 2700 577 2793 imponebat.
603 2698 703 2765 Plura
720 2697 853 2788 quidem
874 2697 1062 2789 hujusmodi
1088 2699 1229 2788 decreta,
1253 2700 1294 2769 ad
1315 2703 1396 2771 uni-
1530 2715 1531 2754 t

272 2812 430 2882 versalem
452 2817 562 2901 postea
580 2806 755 2876 Ecclesiam
783 2815 917 2876 extensa
940 2807 1060 2894 fuisse,
1085 2809 1142 2878 vix
1165 2809 1310 2878 dubitari
1330 2833 1395 2903 po·

272 2931 333 2991 test
348 2950 356 3002 ;
379 2931 412 2987 at
438 2940 516 2986 vero
536 2916 621 2985 utin
642 2916 696 3006 jus
713 2916 896 2984 universale
913 2916 1105 3006 transirent,
1120 2916 1320 2986 intercedere
1334 2919 1393 2986 de-

272 3033 346 3100 buit
364 3028 452 3097 Petri
474 3035 529 3096 aut
552 3047 774 3094 successorum
796 3025 868 3114 ejus
885 3025 1082 3111 auctoritas3
1108 3044 1174 3117 qua
1188 3027 1321 3114 scilicet,
1339 3029 1393 3097 vel

272 3161 444 3232 expresse,
472 3137 559 3205 intra
587 3142 643 3203 ant
672 3141 765 3204 extre
793 3133 1026 3202 oecnmeniccm
1059 3134 1248 3226 synodum,
1279 3138 1392 3206 omni·-

270 3251 333 3320 bus
360 3246 502 3317 ecclesiis
532 3245 758 3336 injungeretur
785 3241 874 3334 quod
904 3241 997 3310 initio
1026 3241 1062 3309 in
1092 3242 1202 3334 aliqua
1232 3253 1392 3314 statutum

271 3358 312 3428 ab
335 3355 491 3449 Apostolo
518 3353 691 3423 fundatore
705 3352 830 3440 luerat,
848 3351 900 3422 vel
920 3352 1014 3420 tacito
1028 3373 1188 3420 consensu
1203 3352 1392 3423 firmaretur

270 3464 358 3558 quod
392 3486 451 3556 per
480 3462 613 3531 modum
641 3457 889 3544 consuetudinis
927 3459 1113 3528 universale
1138 3458 1192 3550 jus
1218 3460 1387 3530 evadebat.

270 3575 365 3644 Unde
395 3573 524 3641 mndem
552 3578 698 3639 remanet
724 3569 779 3659 jus
809 3567 1002 3636 canonicum
1027 3567 1068 3635 ab
1093 3568 1258 3659 Apostolis
1283 3570 1390 3639 intro·

270 3683 426 3770 ductum,
460 3682 512 3751 vel
536 3679 577 3748 ad
603 3679 658 3770 jus
683 3678 874 3746 canonicum
897 3677 1005 3745 stricte
1026 3685 1195 3769 sumptum
1209 3683 1388 3772 nonperti·

269 3795 394 3880 nuum,
425 3790 476 3859 vel
503 3791 545 3858 ab
573 3787 762 3856 auctoritate
787 3785 935 3854 Romano
961 3783 1112 3854 Pontifici
1140 3791 1284 3880 propria,
1315 3805 1389 3859 ran.

268 3925 367 3996 quam
382 3903 424 3972 ab
439 3903 617 3992 originario
633 3902 720 3969 fonte
734 3924 803 3968 esse
818 3901 1040 3994 repetendum.
