3068 4948
524 543 607 588 sums
630 541 782 589 cononici.
1149 527 1211 590 289

88 677 177 767 juris
206 677 353 748 canonici
381 679 548 750 studiosus
578 681 745 770 aregulis
772 681 973 750 cancellarie
994 685 1126 772 sanciri,
1152 689 1212 754 mi-

88 786 219 854 rabitur
246 787 328 855 forte
357 809 415 856 cur
436 787 622 881 apostolica
647 787 747 856 Sedes
772 788 961 880 hujusmodi
980 791 1214 863 beneficiorum

88 893 295 981 provisiones
321 893 497 963 ordinariis
524 895 669 965 locorum
694 893 903 964 collatoribus
925 918 991 965 uon
1019 897 1213 992 reliquerit;

88 1003 274 1090 praesertim
289 1025 364 1072 cum
379 1012 453 1073 ante
467 1005 627 1073 Joannem
643 1003 750 1090 XXll,
774 1025 832 1072 seu
845 1013 919 1072 ante
933 1006 1069 1098 scriptas
1084 1008 1215 1076 cancel-

88 1109 181 1177 lariae
211 1113 351 1200 regulas,
385 1113 573 1205 hujusmodi
607 1114 776 1202 generales
802 1115 1051 1202 reservationcs,
1080 1125 1215 1206 excepte

87 1219 211 1310 prima,
229 1231 350 1290 constet
364 1222 398 1289 in
412 1231 479 1290 tota
493 1233 580 1290 retro
595 1222 788 1314 antiquitate
805 1221 841 1289 iu
857 1245 919 1290 usu
934 1243 1000 1290 non
1014 1223 1129 1293 fuisse.

133 1329 183 1397 De
204 1353 270 1421 quo
289 1332 316 1398 si
337 1331 602 1422 protestantibus,
622 1331 822 1424 jansenistis,
852 1339 883 1398 et
898 1331 1048 1422 pluribus
1063 1331 1214 1422 gallicani

88 1437 276 1528 systematis
298 1440 489 1530 sequacibus
512 1439 672 1507 rationem
695 1437 924 1524 sciscitabitur,
952 1439 1214 1530 eloquentissimo

88 1555 188 1636 atque
216 1547 409 1613 immensam
439 1546 600 1615 librorum
627 1546 746 1614 molem
776 1546 919 1637 replente
945 1568 1095 1615 sermone
1122 1569 1216 1638 repe-

86 1655 152 1722 riet
180 1653 395 1722 declamatum
414 1681 421 1720 :
441 1654 641 1745 deploranda
660 1655 693 1721 id
722 1656 865 1722 novitate
888 1663 985 1756 atque
1012 1656 1215 1726 intolerando

87 1764 209 1842 abusu,
238 1763 423 1832 laventibus
446 1763 537 1832 falsis
561 1764 789 1844 decretalibus,
815 1764 916 1834 luisse
944 1789 964 1832 a
990 1765 1215 1835 Romsnoruru

87 1871 290 1940 Pontificum
312 1872 489 1940 ambitione
511 1883 542 1940 et
563 1872 700 1940 avaritia
719 1871 909 1941 inductum:
933 1881 1029 1964 atque
1049 1875 1215 1964 generales

87 1977 280 2070 hujusmodi
306 1979 538 2049 beneficiorum
558 1981 793 2047 reservationcs
814 1981 927 2070 procul
954 1979 1054 2048 dubio
1082 1981 1215 2072 pontifi-

87 2087 173 2153 ciam
190 2095 380 2178 potestatem
399 2086 565 2154 excedere.

130 2194 200 2262 Nos
227 2218 301 2262 curn
329 2195 483 2265 omnibus
508 2196 653 2286 probatae
673 2195 832 2262 doctrinae
848 2195 1062 2286 scriptoribus
1077 2195 1214 2264 catholi-

86 2304 146 2388 cis,
174 2325 344 2371 monemus
365 2313 430 2372 tam
450 2325 539 2372 acres
559 2303 632 2371 illos
651 2311 765 2371 contra
786 2303 1021 2372 reservationcs
1034 2303 1217 2395 pontificias

86 2410 248 2478 clamores
263 2419 360 2500 atque
379 2411 550 2491 tumultus,
574 2433 641 2486 non
661 2410 725 2478 alio
742 2433 841 2502 quam
859 2411 986 2500 egregii
1010 2411 1214 2503 multiplicis-

86 2541 152 2610 que
175 2516 335 2585 mendaeii
354 2518 566 2586 fundamento
582 2520 653 2587 niti.
673 2518 766 2599 Quod
791 2526 965 2609 antequam
982 2519 1089 2610 palam
1110 2519 1213 2588 facia-

86 2649 176 2714 mus,
206 2625 336 2717 aliquod
357 2626 565 2716 querelarum
588 2625 768 2717 dequibus
792 2626 922 2714 egimus
937 2627 1102 2717 specimen
1118 2627 1214 2696 exhi-

85 2735 235 2803 beamrm.

130 2843 187 2912 Sic
198 2865 216 2911 e
227 2843 399 2912 lutherana
414 2852 498 2912 secta
508 2833 702 2912 Boehmerus'
718 2844 786 2932 (lus
796 2842 1045 2912 ecclesiasticum
1056 2856 1209 2936 protest,

84 2952 106 3019 l.
123 2952 185 3036 111,
202 2959 225 3017 t.
244 2956 275 3037 5,
293 2973 324 3041 p.
351 2951 427 3042 338)
446 2979 453 3018 :
477 2979 494 3016 u
508 2951 621 3042 Neque
638 2951 842 3042 animusque
858 2949 1072 3020 adsaeoulum
1088 2953 1150 3020 Xll
1173 2975 1211 3021 eo

84 3085 102 3128 a
131 3071 330 3153 processerat
352 3061 530 3152 praesulunt
551 3060 774 3130 Romanorum
796 3069 943 3146 conatus,
967 3071 1002 3129 ut
1023 3062 1210 3131 collationes

88 3195 106 3234 a
129 3168 316 3236 ordinarias
341 3168 460 3235 directe
479 3167 648 3235 turbarent
672 3175 703 3234 et
726 3165 882 3234 beneficia
910 3169 1057 3236 vacantia
1079 3170 1207 3238 confer-

89 3305 105 3340 «
129 3289 215 3346 rent.
242 3303 258 3340 s
274 3275 426 3368 Loquens
440 3284 549 3366 postea
564 3274 603 3342 de
621 3274 781 3341 mandalis
795 3275 978 3364 apostolicis
995 3276 1055 3366 (l),
1069 3276 1208 3368 subjun-

84 3385 133 3472 git
153 3412 160 3451 :
182 3411 200 3448 a
223 3384 330 3452 Etiam
346 3382 416 3450 haec
434 3381 525 3450 luere
534 3403 657 3473 preces,
676 3391 708 3448 et
721 3381 853 3472 quidem
870 3381 948 3450 olim
964 3383 1063 3450 semel
1078 3391 1204 3452 tantum

86 3519 103 3558 a
128 3493 170 3560 ad
194 3492 324 3582 singula
343 3491 483 3583 capitula
507 3490 650 3578 directae,
665 3490 706 3558 ab
725 3489 819 3558 initio
834 3497 961 3557 tantum
974 3490 1203 3580 obligationem

87 3599 353 3690 «imperfectam
387 3599 596 3667 continentes.
625 3625 640 3660 n
672 3596 723 3664 Ad
755 3596 849 3688 cujus
878 3596 1100 3688 probationem
1128 3600 1207 3668 citat

83 3707 280 3776 Boehmerus
300 3705 469 3798 epistolam
497 3709 535 3772 te
564 3704 722 3773 Hadriani
747 3705 792 3774 lv
817 3704 857 3770 acl
884 3705 1080 3795 Episcopum
1104 3707 1203 3776 Pari-

82 3817 235 3884 siensem.
266 3841 284 3880 u
306 3813 382 3899 Ubi,
411 3812 529 3904 inquit,
553 3835 618 3880 non
640 3811 772 3880 mandat
795 3812 895 3901 Papa,
919 3811 976 3878 sed
994 3821 1084 3899 orat3
1110 3825 1204 3884 vocat

118 4128 151 4186 tt)
168 4122 289 4176 uenuste
300 4139 394 4188 nempe
412 4121 506 4188 qulbus
525 4122 619 4174 summi
634 4119 772 4172 Pontifices
788 4119 918 4187 Episcopo
933 4122 974 4172 vel
991 4123 1105 4186 capitulo
1119 4125 1202 4190 injun-

86 4207 191 4272 gebant,
212 4211 240 4255 nt
263 4212 396 4258 vacantem
417 4207 457 4256 vel
482 4207 728 4272 primo-vacaturam
753 4203 920 4268 praebendam
941 4203 985 4254 tali
1008 4207 1035 4254 et
1052 4219 1106 4256 non
1129 4208 1202 4259 alteri

86 4289 243 4340 conterrent.

1005 4373 1043 4432 lt
