3064 4952
289 483 350 550 176
642 501 816 550 rnicrnrns
838 503 877 549 nn
898 503 1051 550 rnrncnns

286 645 402 713 Statim
421 649 529 712 autem
557 664 594 711 ac
617 641 787 713 Cornelius
812 644 901 735 Papa
925 643 966 712 ad
989 663 1156 712 summum
1176 639 1404 710 Pontificatum
1519 651 1521 666 ⁴

283 762 414 823 evectus
439 761 499 840 est,
525 752 668 823 decrevit
689 751 729 821 de
753 753 823 822 istis
845 753 945 846 lapsis
968 753 1048 845 qnid
1069 759 1152 821 esset
1175 751 1353 840 agendum,
1371 759 1405 818 ut
1519 757 1521 798 ὲ

284 870 397 932 narrat
409 861 570 932 Eusebius
583 862 682 953 (Hist.
700 862 829 948 eccles,
846 863 867 930 l.
887 886 933 948 v1,
950 885 979 931 c.
1000 861 1069 952 ta).

331 973 421 1040 Arma
435 975 510 1040 stt.
528 1011 571 1024 -
588 975 724 1041 Decreta
735 971 901 1063 pancratio
913 970 1155 1062 adproninoias
1162 969 1261 1038 missa
1275 993 1296 1037 a
1311 971 1406 1061 Papa
1518 981 1521 1069 j

286 1080 426 1161 Liberio,
444 1080 561 1172 quidm
568 1080 809 1172 prohibebatur
824 1079 1051 1148 barctieornm
1064 1077 1112 1147 ad
1119 1077 1221 1170 fidem
1238 1099 1407 1146 convaca-
1518 1085 1521 1125 2

286 1210 361 1256 rum
383 1188 613 1282 rebaptizatio.
631 1227 676 1242 -
690 1189 756 1257 Ista
781 1188 917 1280 quidem
944 1185 1073 1256 decreta
1096 1187 1241 1278 periere;
1264 1184 1320 1254 sed
1342 1207 1406 1254 non
1520 1194 1521 1238 t

286 1295 382 1386 periit
403 1296 539 1389 epistola
567 1298 580 1363 1
602 1295 714 1365 Siricii
736 1296 834 1387 Papa
863 1295 904 1363 ad
929 1293 1125 1379 Himerium,
1150 1295 1185 1362 in
1204 1317 1269 1386 qua
1287 1292 1329 1362 de
1343 1293 1409 1362 illis

225 1417 226 1420 ’
286 1404 408 1474 Liberii
441 1404 578 1473 decretis
603 1403 827 1472 authenticum
857 1411 946 1471 extat
974 1402 1227 1471 testimoninm:
1263 1399 1408 1469 «Prima

182 1504 187 1515 '
291 1537 309 1578 o
330 1512 440 1602 itaque
470 1511 599 1603 paginae
628 1519 693 1579 tnae
714 1511 821 1578 trente
853 1509 1002 1598 signasti,
1031 1510 1209 1601 baptizatos
1231 1507 1273 1576 ab
1297 1507 1409 1599 impiis

290 1644 307 1683 a
330 1618 449 1686 arianis
464 1619 623 1711 plurimos
638 1616 679 1686 ad
696 1617 795 1688 fidem
812 1617 1004 1687 catholicam
1018 1616 1183 1704 festinare,
1201 1622 1233 1685 et
1247 1615 1408 1708 quosdam
1520 1609 1521 1620 ’

291 1754 307 1793 «
331 1724 371 1794 de
386 1725 542 1795 tratribus
556 1726 678 1795 nostris
705 1724 836 1796 eosdem
859 1725 967 1795 denno
992 1725 1156 1818 baptizare
1178 1725 1262 1795 velle
1286 1752 1294 1791 :
1319 1722 1408 1816 qnod
1520 1741 1521 1782 t

290 1860 307 1899 o
330 1855 396 1901 non
418 1833 503 1920 licet,
521 1854 596 1902 cum
611 1831 672 1902 hoc
685 1831 757 1902 fieri
777 1841 810 1901 et
824 1833 1000 1926 Apostolus
1015 1842 1113 1921 vetet,
1131 1841 1163 1902 et
1174 1854 1314 1902 meones
1329 1854 1408 1902 eon-
1520 1851 1521 1858 ¹

291 1967 307 2005 a
331 1939 505 2027 cradicant,
528 1948 559 2008 et
581 1948 654 2032 post
674 1949 837 2010 omentum
863 1941 1071 2010 Ariminense
1094 1943 1287 2030 concilium,
1309 1941 1410 2010 missa

291 2049 371 2117 aad
396 2049 583 2141 provincias
607 2050 844 2121 evenenandos
874 2053 1039 2120 memoriae
1070 2050 1307 2143 predecessore
1336 2073 1408 2118 meo
1520 2087 1521 2096 .

292 2184 309 2222 o
336 2156 488 2249 (liberio)
511 2157 676 2246 generalia
695 2161 824 2226 decreta
841 2157 1044 2249 prohibeant.
1063 2183 1080 2224 n
1098 2158 1268 2250 (Epistola
1285 2161 1409 2226 Itoma-
1520 2181 1521 2186 ¹

287 2288 404 2334 norum
422 2264 630 2356 Pontificum,
646 2287 665 2332 a
680 2264 807 2333 Damno
820 2265 977 2333 Constant
995 2265 1151 2354 collectae,
1166 2266 1227 2334 ool.
1246 2265 1338 2355 ott.)

332 2375 425 2442 Anno
454 2377 530 2440 385.
553 2412 597 2425 -
617 2375 760 2440 Sanctus
786 2371 925 2440 Siricius
951 2375 1062 2465 Papa,
1090 2373 1289 2440 anctoritate
1313 2372 1410 2441 Sedis
1520 2403 1521 2428 κ

287 2481 490 2573 Apostolica,
504 2479 671 2548 interdicit
684 2501 781 2548 nsum
794 2480 1003 2548 matrimonii
1010 2479 1209 2572 presbyteris
1221 2492 1252 2548 et
1262 2479 1409 2550 diaconis
1511 2498 1518 2520 ¹

288 2601 365 2656 ante
379 2587 620 2656 ordinationem
636 2587 797 2655 uxoratis.
816 2627 861 2640 -
876 2587 978 2656 Erant
991 2587 1025 2654 in
1040 2588 1196 2679 Hispania
1211 2588 1334 2676 clerici,
1350 2589 1410 2680 qni

288 2717 330 2764 ex
354 2697 488 2786 antiqua
509 2694 580 2784 lege
605 2694 667 2762 sibi
691 2717 788 2764 usum
814 2695 1015 2763 matrimonii
1039 2696 1135 2764 licere
1156 2694 1406 2766 contendebant.
1520 2777 1521 2780 Ἴ

288 2802 460 2872 Consuluit
481 2800 636 2870 Sicinium
663 2801 784 2893 Papam
805 2802 972 2870 Himerius
997 2803 1249 2872 Tarraconensis
1273 2803 1409 2896 Episcn-
1520 2799 1521 2804 ’

289 2935 361 3004 pus.
383 2936 400 2977 o
422 2912 511 2980 Licet
532 2921 640 2980 autem
663 2912 835 2981 laudabilis
860 2913 1061 2982 consuetudo
1081 2913 1242 2982 contraria
1263 2913 1299 2980 in
1314 2912 1409 2984 Occi·

293 3047 310 3086 n
334 3021 429 3089 dente
451 3027 483 3087 et
507 3020 604 3088 etiam
618 3020 654 3088 in
678 3018 811 3088 Oriente
825 3021 1054 3091 universaliter
1067 3021 1271 3108 invaluisset,
1286 3021 1408 3090 nibilo-

162 3189 163 3192 ,
293 3130 463 3215 ominus,
491 3135 566 3196 ante
599 3126 706 3196 Siricii
743 3136 907 3221 tempora,
947 3128 992 3196 ait
1028 3129 1175 3198 Zaeearia
1214 3128 1405 3221 (antipam,

182 3327 184 3330 Ι
292 3244 416 3328 «part.
445 3235 486 3316 ll,
504 3235 528 3302 l.
546 3259 581 3322 n,
604 3257 632 3302 c.
651 3259 674 3319 1,
691 3242 726 3302 n⁰
750 3238 795 3326 b),
824 3236 915 3305 nulla
939 3244 1008 3304 erat
1032 3237 1087 3305 lex
1113 3235 1265 3324 stabilita,
1295 3236 1409 3306 nullus

291 3369 308 3412 o
331 3343 436 3412 editus
457 3363 573 3427 canon,
596 3342 716 3433 quibus
736 3343 798 3412 snb
821 3352 984 3436 praecepte
1008 3353 1039 3412 et
1062 3365 1159 3436 poena
1181 3343 1338 3413 canoniea
1354 3344 1406 3411 in-

290 3480 308 3520 «
328 3454 523 3546 pungeretur
541 3451 709 3521 coelibntns
728 3452 853 3520 clericis
874 3453 911 3519 in
930 3451 1108 3542 majoribus
1122 3450 1294 3521 ordinibus
1309 3475 1407 3520 eons-

292 3588 309 3626 a
333 3561 449 3630 titutis.
475 3585 492 3624 u
512 3559 650 3628 Sinicius
662 3568 770 3628 antem
794 3559 937 3629 decrevit
951 3559 1012 3627 hoe
1033 3559 1154 3628 modo:
1177 3585 1194 3626 o
1217 3561 1243 3627 li
1257 3581 1335 3629 vero
1349 3561 1409 3652 qni

292 3670 437 3738 «illiciti
469 3667 632 3761 privilegii
661 3668 868 3738 excusatione
899 3667 1067 3752 nituntur,
1104 3675 1140 3734 ut
1169 3667 1231 3734 sibi
1261 3677 1409 3736 asseram

293 3805 310 3844 n
333 3778 434 3846 veteri
458 3776 519 3844 hoc
542 3776 613 3866 lege
636 3797 835 3862 concessum,
860 3773 1010 3844 noverint
1032 3795 1067 3840 sa
1085 3773 1125 3841 ab
1139 3774 1409 3843 omniecclesias-

157 3885 161 3890 ’
292 3913 310 3954 o
333 3889 396 3956 ticc
420 3889 556 3971 bonore,
572 3908 638 3979 quc
655 3885 788 3975 indigne
804 3885 854 3952 nsi
870 3896 958 3968 suist,
975 3882 1171 3976 Apostolieae
1186 3882 1280 3951 Sedis
1293 3893 1410 3956 aucto-

294 4022 311 4060 «
334 3996 429 4064 ritate
452 3993 614 4085 dejectns‚
636 4014 861 4083 necunquam
896 4013 989 4083 posse
1021 3989 1206 4060 veneranda
1239 4000 1408 4062 attrectare

295 4130 311 4168 a
336 4104 502 4194 mysteria,
524 4102 643 4195 quibus
666 4122 700 4168 sa
723 4101 800 4193 ipsi,
828 4101 907 4169 dnm
930 4101 1090 4170 obsetenis
1106 4100 1340 4191 cupiditatibus
1356 4103 1408 4169 in·

295 4240 312 4280 n
337 4213 438 4298 hiant,
463 4211 719 4302 privaverunt.»
740 4208 851 4300 (Apud
870 4209 1039 4296 Constant,
1063 4209 1221 4299 Epistola
1240 4213 1407 4279 Romano·
