3022 4950
285 511 324 576 32
639 503 814 578 reseramus
837 531 875 576 mr
898 531 1052 578 cernemus

286 672 556 758 confutationem,
585 670 659 740 vide
683 671 770 764 apud
799 671 1090 762 Schmelzgrueber
1124 671 1294 762 (Prooem.,
1326 669 1407 762 §Q

286 803 319 848 n.
339 778 407 870 56).
432 778 483 846 Ex
507 778 681 870 partitione
704 787 812 848 autem
834 781 932 849 totius
954 779 1040 872 juris
1062 779 1097 849 ir
1120 777 1267 848 naturale
1292 787 1325 846 et
1349 801 1411 870 po-
1495 795 1496 836 t

286 893 420 962 sitivum
449 891 595 984 sequitur
618 890 660 959 ed
681 890 736 984 jus
760 893 906 960 naturale
929 892 1090 984 pertinere
1118 914 1248 962 omnem
1278 890 1411 980 obliga-

287 1003 408 1070 tionem
423 1023 497 1093 quae
517 1024 583 1070 nou
607 999 708 1068 libera
723 1000 778 1069 sed
797 1001 978 1069 necessaria
991 1001 1050 1068 Dei
1073 1000 1240 1070 voluntate
1263 999 1413 1090 imponi·
1494 1045 1496 1060 .

287 1117 352 1178 tur.
371 1108 460 1198 Ergo
475 1108 544 1178 sive
559 1129 600 1176 ex
616 1105 779 1178 evidentis
794 1107 959 1196 intuitiva,
977 1111 1045 1180 sive
1061 1135 1103 1180 cx
1121 1111 1272 1182 discursu
1285 1117 1414 1181 constet

287 1215 429 1308 aliquam
460 1215 693 1306 obligationem
722 1217 882 1305 existere,
914 1217 1010 1287 modo
1038 1220 1136 1289 simul
1166 1227 1289 1290 constet
1317 1219 1413 1287 illam

288 1324 470 1392 necessario
484 1322 610 1392 homini
634 1324 837 1412 incumbere,
852 1325 894 1394 ad
912 1326 967 1417 jus
989 1326 1137 1397 naturale
1152 1328 1316 1420 pertinere
1332 1349 1414 1396 cen-

289 1433 389 1502 senda
404 1441 464 1501 est.

331 1540 372 1608 ll.
397 1539 456 1610 Jus
481 1539 628 1608 naturale
649 1549 698 1608 est
719 1540 934 1632 immutabile,
958 1546 1106 1636 sequitur
1127 1565 1169 1612 ex
1192 1565 1231 1613 eo
1251 1543 1340 1635 quod
1368 1545 1413 1612 ab

182 1631 188 1651 ’
288 1649 361 1741 ipsa
388 1671 501 1718 rerum
523 1653 661 1722 essentia
683 1652 772 1722 fluat.
797 1653 892 1736 Quod
918 1655 1004 1724 enim
1030 1655 1222 1747 prohibetur
1247 1656 1323 1747 jure
1348 1677 1414 1723 na-

289 1757 400 1846 turali,
432 1757 505 1828 ideo
535 1760 739 1851 prohibetur,
765 1761 843 1854 quia
878 1785 920 1832 ex
950 1785 984 1832 sc
1012 1763 1147 1832 malum.
1177 1763 1265 1832 Deus
1298 1771 1412 1831 autem

290 1893 459 1962 uunquam
491 1879 596 1963 potest
626 1892 692 1938 nou
725 1868 898 1961 prohibere
930 1869 1018 1962 quod
1045 1893 1086 1938 ex
1120 1893 1154 1939 se
1184 1894 1241 1940 scu
1271 1872 1413 1940 essentia

291 2003 350 2049 sua
371 1979 493 2049 malum
514 1987 572 2048 est.
599 1978 640 2048 Et
659 1964 790 2069 ⁴periter
814 1999 984 2069 uunquam
1011 1987 1116 2069 potest
1139 2001 1206 2047 nou
1235 1978 1412 2069 injungere

289 2088 324 2158 id
341 2090 436 2181 cujus
459 2089 592 2158 omissio
612 2109 654 2155 ex
675 2110 709 2155 se
733 2088 818 2156 mala
840 2097 898 2156 est.
925 2087 1020 2156 Unde
1043 2087 1242 2179 impossibile
1262 2097 1310 2156 est
1328 2111 1412 2156 mu·
1497 2087 1498 2166 i

289 2198 353 2266 tari
383 2197 438 2289 jus
474 2196 633 2266 naturale.
672 2194 834 2288 Objicitur
866 2194 1042 2287 aliquando
1080 2197 1199 2266 mutari
1238 2197 1412 2265 materiam

289 2307 442 2398 praecepti
464 2303 632 2390 naturalis,
657 2313 689 2372 ει
708 2313 785 2372 tunc
799 2325 924 2372 cessere
946 2327 982 2372 ac
1006 2304 1142 2395 proinde
1168 2305 1286 2374 mutari
1310 2307 1411 2374 eliam

289 2422 488 2508 praeceptum
506 2440 513 2480 ε
528 2412 759 2502 obligationem
771 2413 851 2500 voti,
869 2411 963 2482 verbi
980 2413 1096 2502 gratie,
1120 2435 1188 2481 esse
1204 2411 1243 2482 dc
1257 2412 1332 2504 jure
1349 2437 1411 2481 ue·
1498 2480 1499 2524 ,

290 2524 406 2611 turcii,
424 2532 577 2591 ettamen
593 2521 620 2589 si
641 2521 776 2590 materia
797 2521 866 2590 voti
885 2521 1001 2590 evadat
1019 2521 1243 2613 impossibilis,
1256 2520 1325 2612 jam
1341 2543 1412 2592 non

291 2632 449 2724 obtigere.
468 2632 533 2701 Sed
549 2632 765 2723 respondetur
787 2629 1018 2720 obligationem
1039 2632 1107 2700 voti
1123 2639 1283 2723 quatenus
1304 2639 1353 2698 est
1368 2630 1411 2699 de
1498 2705 1499 2724 ἦ

287 2740 362 2832 jure
377 2741 530 2826 naturali,
548 2763 615 2809 nou
639 2741 797 2831 respicere
819 2748 933 2810 votum
960 2739 1127 2831 quodlibet
1149 2749 1181 2808 et
1201 2741 1236 2808 in
1262 2740 1411 2833 qualibet
1498 2765 1499 2768 ¹

291 2851 546 2938 circumstantia,
564 2850 620 2919 sed
631 2858 742 2918 votum
760 2859 921 2942 quatenus
940 2859 971 2918 ει
986 2849 1132 2941 quandiu
1147 2858 1195 2918 est
1211 2849 1252 2919 de
1266 2850 1408 2937 meliori,

292 2969 323 3027 et
339 2958 468 3050 impleri
491 2968 607 3050 potest.
628 2957 665 3026 Si
685 2980 776 3047 ergo,
797 2957 928 3026 mutatis
946 2957 1208 3044 circumstantiis,
1222 2968 1336 3027 votum
1350 2958 1411 3048 de-

291 3067 375 3135 sinat
388 3089 458 3135 esse
474 3065 513 3135 de
527 3065 668 3153 meliori,
687 3073 742 3134 aut
760 3064 890 3156 impleri
906 3073 1056 3156 nequeat,
1078 3073 1180 3134 cessat
1194 3064 1326 3157 quidem
1349 3087 1411 3134 seu

290 3177 399 3270 potius
414 3197 584 3269 uunquam
600 3173 708 3245 extitit
729 3174 883 3265 obligatio
906 3176 1080 3266 respective
1096 3175 1136 3243 ad
1153 3174 1215 3243 tale
1233 3182 1347 3267 votum
1372 3177 1411 3243 in

290 3285 342 3354 his
363 3283 596 3377 posterioribus
624 3282 874 3352 circumstantiis
899 3282 1152 3368 consideratum,
1178 3281 1312 3350 minime
1328 3305 1410 3352 vero

290 3402 392 3462 cessat
405 3390 511 3484 quoad
527 3400 639 3461 votum
654 3390 689 3458 in
705 3390 869 3482 prioribus
883 3375 1146 3458 circumstantiis.
1165 3389 1258 3459 Unde
1274 3389 1357 3457 nihil
1372 3391 1409 3458 in

291 3510 451 3595 praecepto
465 3499 606 3569 naturali
629 3497 829 3592 exsequendi
846 3507 920 3568 vota
937 3507 1094 3587 mutatur,
1110 3497 1166 3566 sed
1180 3506 1306 3568 tantum
1323 3499 1409 3591 perit

293 3608 467 3702 aliquando
479 3609 630 3701 prcecepli
648 3608 793 3677 materia.

337 3720 393 3788 Ill.
408 3719 563 3810 Superest
578 3718 716 3810 quaestio
732 3726 844 3785 utrum
857 3703 911 3807 ju's
927 3714 1074 3784 naturale
1090 3715 1214 3808 aliquos
1236 3723 1327 3784 actus
1341 3737 1410 3784 non

292 3836 418 3896 tanturn
444 3827 614 3919 prohibeat
628 3825 683 3895 sed
699 3827 795 3894 etiam
817 3825 933 3892 irritet.
959 3824 1016 3890 Est
1038 3824 1221 3892 communis
1237 3823 1408 3894 doctorum

293 3935 452 4004 sententie
465 3934 592 4025 aliquos
613 3943 704 4003 actus
724 3935 800 4026 jure
822 3932 963 4001 naturali
985 3931 1151 4023 prohiberi
1167 3940 1306 4019 tentum,
1325 3933 1409 4002 alios

295 4041 459 4134 prohiberi
485 4040 583 4108 simul
605 4049 636 4106 et
655 4040 792 4108 irritari.
821 4039 1084 4128 Matrimonium,
1108 4062 1142 4109 v.
1170 4063 1218 4129 g,
1235 4041 1409 4110 contractis

294 4171 369 4217 cum
391 4149 456 4215 alia
477 4145 698 4237 sponsalibus,
721 4156 769 4214 est
786 4144 860 4237 jure
885 4146 1026 4214 naturali
1040 4146 1193 4234 vetitum,
1212 4169 1279 4217 nou
1297 4157 1408 4220 tamen

294 4255 433 4330 nullum.
448 4254 475 4322 E
491 4262 603 4324 contra
615 4262 745 4346 pactum
760 4277 800 4323 ex
819 4261 906 4323 melu
920 4263 975 4323 ant
997 4254 1150 4322 violentie
1164 4265 1342 4346 extortum,
1358 4268 1406 4328 est
