3068 4948
589 545 671 596 unus
694 549 845 598 clnomcr.
1212 529 1274 596 tls

156 709 212 766 ses,
233 685 408 754 Lusitanos
429 699 527 778 atque
549 687 701 768 Gallicos,
725 687 831 778 eisque
854 685 1027 756 concilium
1049 686 1165 779 synodi
1181 711 1277 779 qene-

157 794 236 862 ralis
258 792 451 862 indiximus.
469 793 521 863 Aa
536 797 610 864 Tua
625 794 811 863 Dilectionis
824 793 1078 864 sollicitudinem
1088 795 1274 888 pertinebit,

157 915 194 970 ut
208 915 326 972 nostra
340 901 559 972 ordinationis
575 904 755 972 aumoritas
770 902 817 971 ud
828 904 1070 995 predictarum
1086 907 1277 996 provincia-

79 1091 84 1099 ·
157 1031 231 1078 rum
253 1011 433 1103 Episcopus
457 1009 624 1101 deferatur
650 1011 755 1103 (epist.
779 1015 833 1098 lb,
856 1010 933 1079 edit.
964 1011 1071 1098 Uace,
1098 1036 1131 1104 p.
1149 1015 1216 1103 73).
1232 1052 1278 1067 -

157 1117 289 1187 Similia
305 1119 465 1188 habentur
480 1121 516 1187 in
532 1120 665 1211 epistola
691 1123 730 1187 53
746 1119 890 1211 ejusdem
907 1119 1077 1190 Pontificis
1089 1122 1130 1190 ad
1145 1122 1278 1192 Raven-

156 1227 262 1297 nium.

200 1338 296 1403 Anno
328 1340 403 1404 453.
435 1375 479 1388 -
508 1336 622 1404 Exstat
652 1337 848 1428 praeclarum
883 1346 1135 1406 monumentum
1166 1347 1276 1431 aperte

155 1445 421 1515 consuetudinem
449 1453 570 1516 testans
596 1445 725 1536 legendi
752 1447 786 1514 in
809 1446 950 1515 ecclesiis
970 1447 1172 1536 generalium
1197 1469 1277 1516 con·

155 1553 307 1624 ciliorum
337 1563 418 1624 acte.
452 1554 506 1622 Sic
541 1555 628 1624 enim
662 1553 776 1622 scribit
812 1556 994 1646 Imperator
1022 1555 1208 1623 Marcianus
1236 1555 1277 1623 ad

153 1671 301 1730 sanctum
317 1662 486 1731 leonem:
509 1662 718 1730 Vehementer
745 1660 957 1730 admiramur
979 1661 1069 1753 quod
1093 1662 1215 1754 synodo
1240 1665 1277 1730 in

157 1768 360 1839 Chalcedone
382 1771 555 1852 celebrata,
583 1781 614 1838 et
639 1769 756 1838 litteris
779 1770 1012 1838 umerabilium
1038 1770 1278 1862 Episcoporum

154 1876 201 1945 ad
215 1879 377 1970 pietatem
392 1891 486 1947 tuam
501 1879 620 1964 missis,
640 1901 703 1970 per
718 1900 800 1970 quas
815 1879 967 1946 omnium
979 1901 1091 1946 rerum
1105 1879 1141 1948 in
1154 1879 1276 1970 synodo

154 1997 323 2075 qestarum
341 1988 456 2056 seriem
483 1999 715 2078 eaposuerunt‚
740 1987 935 2076 neutiquam
962 1986 1029 2054 illae
1045 2009 1066 2052 a
1089 1987 1277 2055 Sanctitate

158 2095 226 2161 Tua
241 2093 367 2184 premnt
388 2095 523 2174 ernissa,
549 2117 621 2184 quae
644 2106 755 2161 tamen
771 2093 807 2160 in
820 2092 955 2182 sinqtdis
972 2092 1107 2160 ecclesiis
1125 2094 1224 2175 lecta,
1244 2095 1277 2161 in

154 2201 360 2291 sinqulorum
380 2202 536 2269 notitiam
557 2201 738 2292 peruenisse
753 2199 910 2269 debebant
916 2224 929 2280 ‚·
942 2198 1028 2266 unde
1042 2199 1205 2290 aliquibus
1221 2201 1279 2293 qui
1316 2269 1317 2276 ,

155 2309 317 2399 Eutychis
338 2310 464 2400 salsum
485 2308 710 2400 opinationem
725 2319 755 2374 et
775 2305 977 2397 pravitatem
992 2304 1175 2374 etiamdum
1195 2329 1277 2398 per-

156 2431 347 2508 sequuntur,
373 2441 514 2508 maquus
537 2429 582 2485 est
609 2417 748 2507 injectus
770 2415 952 2507 scrupulus,
970 2427 1085 2496 utrum
1100 2415 1276 2486 Beatitudo

160 2529 228 2593 Tua
244 2549 317 2617 qua
331 2525 471 2618 synodus
486 2525 636 2606 demerit,
659 2524 913 2614 confirmaverit.
935 2521 1058 2591 Idcirco
1080 2524 1190 2592 Pietas
1208 2528 1277 2594 Tua

158 2636 303 2705 emittere
327 2637 454 2705 litteras
480 2636 633 2726 diqnetur
662 2635 751 2725 queis
769 2657 880 2702 omncs
896 2646 927 2702 et
952 2634 1087 2703 ecclesie
1116 2646 1148 2703 et
1155 2636 1278 2727 populi

159 2752 352 2830 coynoscant
375 2751 450 2807 acta
476 2738 593 2830 synodi
616 2761 637 2805 a
664 2736 874 2806 beatitudine
897 2739 966 2804 Tua
990 2736 1170 2828 approbari
1195 2738 1277 2830 (loco

159 2849 267 2935 citato,
285 2871 318 2940 p.
341 2850 430 2938 tte).

201 2965 299 3031 Anno
312 2965 393 3030 357.
416 2961 506 3030 Idem
529 2969 660 3030 sanctus
679 2962 745 3029 Leo
770 2961 928 3028 mandans
943 2983 1035 3030 suam
1049 2962 1218 3053 epistolam
1234 2959 1275 3030 ad

158 3069 366 3140 Theodorum
393 3070 602 3163 Episcopum,
626 3070 802 3138 transmitti
821 3070 861 3138 ad
885 3070 1184 3162 Metropolitanum,
1202 3073 1272 3140 ait:

158 3182 206 3248 Ne
226 3179 356 3270 aliquid
370 3179 573 3248 contrarium
589 3179 648 3247 sub
662 3180 861 3268 iqnorantire
876 3178 1084 3248 excusatione
1097 3192 1274 3268 qereretur.

162 3289 201 3354 Ut
223 3287 323 3377 siqui
334 3289 422 3378 sorte
435 3300 512 3356 sunt
524 3295 673 3376 fratrum
693 3288 751 3378 qui
764 3286 869 3354 debis
884 3298 982 3354 antea
995 3286 1188 3376 putaverint
1201 3309 1278 3353 am-

158 3393 345 3483 biqendum,
367 3394 556 3487 peripsum
582 3395 712 3485 (nempe
734 3393 1032 3484 Metropolitanum)
1066 3393 1106 3461 de
1129 3393 1278 3461 omnibus

158 3524 229 3591 qua·
242 3501 289 3570 ad
302 3513 333 3570 te
347 3503 468 3593 scripta
490 3514 575 3582 sunt,
599 3504 819 3570 instruantur.
847 3500 961 3590 (Epist.
989 3503 1042 3586 84,
1069 3500 1146 3568 edit.
1167 3501 1274 3588 Gaea,

158 3632 190 3701 p.
211 3609 302 3700 330.)

202 3719 300 3787 Anno
322 3721 397 3786 trs.
412 3755 457 3770 -
471 3719 560 3810 Papa
579 3718 670 3786 Felix
695 3719 739 3784 lll
761 3718 794 3783 in
811 3737 870 3783 sua
887 3716 1038 3784 decretali
1054 3716 1094 3784 ed
1108 3717 1279 3785 universos

158 3829 333 3920 Episcopos
351 3855 358 3896 :
378 3829 437 3896 His
458 3829 569 3919 itaque
590 3829 653 3896 rite
671 3826 846 3918 dispositis,
870 3840 902 3894 et
923 3825 970 3893 ad
988 3826 1194 3894 ecclesiarum
1209 3849 1277 3894 ues-

159 3948 288 4003 trarum
316 3935 471 4004 notitiam
499 3948 613 4004 nostra
638 3933 870 4003 deliberatione
895 3935 1045 4026 perlatis,
1072 3955 1194 4024 parere
1221 3957 1276 4003 uos

160 4046 317 4112 convenit.
339 4047 446 4132 (Conc.
462 4043 637 4130 Hardnini,
654 4051 677 4112 t.
696 4043 739 4129 ll,
756 4067 789 4135 p.
809 4046 898 4134 839.)

205 4161 302 4227 Anno
315 4163 391 4226 tet.
406 4198 451 4210 -
465 4159 612 4228 Gelasius
631 4159 719 4249 Papa
737 4157 848 4225 Piceni
868 4156 1035 4248 Episcopis
1054 4183 1061 4223 :
1080 4157 1130 4228 Ne
1143 4179 1277 4226 eantsa-

165 4267 259 4338 tionis
285 4268 324 4336 de
347 4281 461 4338 caetero
488 4268 692 4359 relinquatur
719 4267 854 4345 occasio,
875 4269 904 4334 si
923 4278 998 4358 post
1012 4280 1180 4362 praceyna
1188 4287 1279 4359 prte-
