3048 4954
264 499 303 562 76
615 519 791 565 rascraros
812 519 852 565 nc
874 520 1026 568 rnrncrrns

262 659 358 728 etiam
373 657 518 750 generali
542 656 645 727 latum
661 659 701 728 dc
714 659 887 729 eximenda
902 659 1013 752 aliqua
1026 661 1156 731 natione
1172 664 1276 757 ajure
1292 685 1379 733 com-

264 767 367 854 muni,
388 789 454 834 nou
479 767 650 836 accedente
669 789 728 860 per
747 767 1026 838 confirmationem
1051 770 1242 840 auctoritate
1262 771 1375 863 Papae,

263 895 398 966 prorsus
412 873 594 943 invalidum
609 885 802 944 remaneret.
819 877 892 945 Non
909 877 1085 946 concilium
1101 879 1261 948 nationale
1276 907 1283 948 :
1300 902 1377 948 nam

263 980 434 1050 concilium
464 981 667 1074 hujusmodi,
698 989 810 1074 utpote
839 983 1055 1076 particulare,
1085 984 1207 1055 nedum
1237 985 1380 1080 potnerit

263 1090 352 1180 leges
365 1088 594 1158 ecclesiasticas
606 1092 806 1162 universales
823 1101 962 1179 mutare,
980 1104 1011 1162 et
1024 1117 1065 1162 ex
1080 1103 1182 1187 parte,
1198 1094 1302 1183 idest,
1319 1118 1380 1189 pro

264 1199 373 1292 aliqua
387 1199 536 1290 regione,
563 1200 706 1289 irritare,
729 1202 939 1271 constrictum
957 1202 1019 1272 luit
1040 1226 1058 1272 e
1080 1211 1193 1274 contra
1206 1205 1382 1298 ipsummet

265 1311 317 1379 his
338 1311 477 1402 legibus,
505 1310 682 1402 debuitque
710 1309 789 1402 ipsis
815 1331 941 1402 parere,
966 1332 1024 1378 nec
1043 1312 1148 1403 potnit
1163 1312 1266 1380 eximi
1282 1313 1379 1381 nisis

266 1427 419 1512 potestate
447 1443 522 1512 quse
548 1419 719 1487 universos
741 1417 843 1508 ligare
866 1417 979 1487 valuit.
1001 1418 1082 1500 Quae
1106 1421 1189 1488 ratio
1209 1443 1228 1489 a
1251 1420 1380 1489 lortiori

264 1535 361 1618 urget
375 1525 482 1620 quoad
498 1525 721 1594 Patriarcham
737 1552 744 1592 :
761 1535 808 1594 est
820 1525 907 1594 enim
921 1526 989 1617 ipse
1004 1527 1192 1596 Patriarcha
1204 1527 1273 1619 juri
1286 1550 1381 1596 eom-

267 1635 357 1705 muni
374 1635 534 1722 subditus,
549 1657 608 1702 nec
622 1635 777 1726 seipsum,
794 1633 916 1704 nedum
932 1641 1079 1723 caeteros,
1096 1637 1240 1706 eximere
1255 1644 1378 1728 potest;
1500 1723 1501 1726 Ἴ

265 1744 528 1836 Photianumque
551 1743 693 1811 schisma
710 1751 880 1811 renovaret
903 1741 1091 1812 Patriarcha
1113 1744 1170 1836 qui
1195 1743 1381 1833 legislativa

266 1853 380 1921 vicarii
394 1852 482 1922 Petri
498 1860 555 1920 aut
568 1851 696 1920 concilii
711 1851 900 1922 (acumenici
922 1875 942 1918 a
964 1849 1119 1921 Pontifice
1137 1850 1286 1921 Romano
1301 1874 1382 1922 con-

249 2039 251 2046 y
266 1960 387 2029 firmati
402 1967 556 2051 potestate
571 1982 605 2029 se
622 1959 737 2048 attingi
756 1981 849 2050 posse
864 1964 1008 2050 negaret.
1028 1959 1159 2051 Exque
1181 1961 1276 2030 etiam
1293 1970 1382 2053 patet
1505 1997 1506 2002 κ

265 2091 369 2160 neque
393 2090 412 2135 a
437 2067 574 2136 concilio
605 2066 800 2159 provinciali
834 2067 913 2153 ullo,
941 2089 1001 2136 nec
1029 2089 1048 2134 a
1080 2088 1286 2161 quacumque
1316 2067 1382 2136 alia
1506 2071 1507 2078 ’

262 2174 426 2244 inferioris
441 2173 569 2244 ordinis
586 2173 799 2243 ecclesiastica
823 2181 979 2266 potestate
999 2176 1097 2243 statui
1117 2175 1262 2266 legitime
1285 2198 1381 2268 posse

263 2281 330 2374 juri
343 2284 508 2351 communi
522 2305 582 2374 pro
596 2282 705 2374 aliqua
719 2289 816 2372 gente
830 2281 1085 2373 derogationem.

315 2399 346 2464 3ο
362 2397 427 2465 Nec
454 2420 473 2464 a
498 2395 742 2465 consuetudine.
759 2395 808 2464 lta
829 2395 960 2488 quidem
984 2393 1180 2464 invalescere
1200 2403 1304 2490 potest
1318 2395 1382 2464 ali·
1510 2373 1512 2464 ]

266 2503 360 2595 cnjus
374 2504 517 2595 regionis
539 2502 739 2573 consuetudo
762 2512 876 2572 contra
891 2504 947 2596 jus
962 2525 1147 2590 commune,
1165 2512 1200 2572 nt
1216 2503 1283 2571 vim
1298 2502 1382 2594 legis

269 2613 410 2680 obtineat
437 2623 470 2680 et
497 2613 664 2702 regionem
691 2611 781 2680 illam
808 2611 869 2679 sub
904 2611 1093 2704 particulari
1122 2611 1280 2680 canonico
1306 2612 1383 2703 jure

270 2720 443 2786 constituat
461 2746 469 2786 ι
484 2720 546 2788 hcc
571 2719 605 2786 in
624 2717 771 2788 confesso
789 2727 837 2786 est
860 2718 948 2810 apud
961 2739 1086 2801 omnes,
1104 2728 1136 2788 et
1151 2741 1210 2787 suo
1224 2718 1295 2787 loco
1309 2740 1383 2786 mu-

270 2827 380 2896 nietur
408 2827 664 2919 probationibus.
695 2827 759 2897 Sed
785 2825 981 2919 profitentur
1007 2827 1104 2895 simul
1133 2827 1279 2896 doctores
1309 2849 1383 2894 sen-

272 2933 371 3002 tentia
386 2934 547 3021 unanimi,
571 2933 645 3002 ideo
659 2943 786 3002 tantum
805 2933 838 3000 in
852 2933 907 3025 jus
925 2932 1008 3022 erigi
1027 2933 1195 3025 praelatam
1210 2942 1384 3002 consuetu·

272 3041 395 3130 dinem,
411 3042 488 3134 qnia
509 3041 631 3110 accedit
655 3041 849 3131 legislatoris
869 3061 1058 3128 consensus,
1083 3041 1140 3132 qni
1166 3040 1285 3110 scilicet
1306 3064 1384 3109 con·

272 3171 397 3236 sensus,
419 3149 569 3240 quamvis
588 3147 716 3216 silentio
735 3155 861 3214 tantum
888 3155 1050 3235 constans,
1071 3145 1108 3215 tit
1123 3153 1226 3216 totum
1250 3147 1327 3217 novi
1342 3171 1385 3216 ex

272 3256 505 3327 consuetudine
531 3256 618 3347 juris
646 3253 910 3323 fundamentum.
943 3255 1030 3345 Ergo
1060 3255 1155 3322 etiam
1184 3254 1316 3348 qnando
1344 3278 1387 3324 ex

274 3365 420 3432 moribus
450 3371 482 3430 et
507 3362 797 3431 consuetudinibus
827 3361 969 3430 nationis
999 3362 1148 3452 exsurgit
1176 3360 1307 3454 aliquod
1332 3362 1388 3455 jus

274 3471 520 3540 ecclesiasticum
552 3470 725 3556 nationale,
755 3469 909 3538 nonalia
932 3468 986 3560 jus
1015 3469 1097 3538 illud
1122 3491 1220 3560 quam
1246 3469 1389 3539 Rotnani

274 3579 443 3648 Pontifieis
455 3578 644 3646 anctoritate
659 3577 785 3646 nititur.
1030 3571 1031 3574 '

318 3689 481 3758 Caeterum
498 3709 557 3779 pro
574 3687 732 3755 suavitate
754 3709 830 3778 qua,
849 3707 888 3753 ex
906 3685 1049 3778 Spiritus
1065 3685 1167 3754 sancti
1180 3685 1292 3772 ductu,
1309 3687 1391 3756 solet

276 3818 427 3887 suprema
453 3795 607 3864 Ecclesiae
634 3803 775 3887 potestas
801 3794 864 3862 sibi
891 3817 910 3862 a
936 3794 1067 3863 Christo
1096 3794 1283 3863 commissas
1311 3817 1390 3864 oves

276 3925 400 3993 regere,
426 3903 606 3971 tolerantur
628 3925 714 3995 smpe
739 3901 989 3970 consuetudines
1012 3902 1185 3991 regionum
1208 3903 1389 3992 variarum,

276 4011 403 4100 legibus
429 4009 636 4100 generalibus
656 4009 826 4102 oppositae.
860 4007 962 4100 quue
992 4009 1106 4079 suadet
1133 4009 1309 4102 aliquando
1337 4034 1393 4081 re-

278 4119 384 4208 gionis
399 4119 504 4212 ipsius
523 4117 669 4210 specialis
691 4118 787 4203 ratio,
810 4118 851 4186 ob
865 4139 965 4210 quam
984 4119 1205 4212 exceptionale
1215 4119 1270 4212 jus
1286 4119 1393 4210 magis

278 4227 318 4297 ad
345 4227 470 4296 bonnm
496 4227 663 4318 spirituale
689 4227 901 4319 profuturum
930 4235 989 4316 est,
1022 4237 1053 4296 et
1080 4227 1274 4326 quandoque
1293 4229 1389 4298 etiam
