3022 4950
265 499 304 564 28
617 521 792 568 interitus
816 523 853 568 nr.
877 523 1031 570 narremus

263 661 305 730 sit
319 660 430 730 bomo.
453 661 493 728 Et
514 660 587 730 talia
607 669 655 731 est
675 662 736 732 ista
755 663 806 734 vis
828 664 1041 756 percipiendi,
1064 671 1100 734 ut
1124 665 1231 734 statim
1258 687 1295 733 ac
1317 663 1381 732 sibi

261 775 492 862 proponuntur
517 769 620 840 multa
642 770 725 862 legis
748 772 910 842 naturalis
937 773 1109 866 principia,
1141 773 1300 864 intelligat
1324 772 1380 840 illa

264 899 333 946 esse
356 900 443 946 vera.
467 877 559 946 Hanc
580 891 689 948 autem
710 881 879 950 veritatem
903 881 1099 972 assequitur,
1124 905 1191 952 non
1219 882 1297 974 quia
1319 904 1382 949 ex-

264 993 355 1054 terne
381 986 579 1074 affirmatur,
605 987 660 1057 sed
686 989 765 1081 quia
792 988 883 1058 illam
913 989 982 1082 ipse
1011 991 1158 1082 percipit.
1186 989 1282 1060 Unde
1304 1013 1381 1058 cum

263 1093 355 1163 illam
385 1095 585 1188 percipiendi
612 1097 680 1166 vim
707 1097 806 1166 homo
835 1121 901 1166 non
930 1097 1107 1168 adventitia
1138 1099 1291 1190 recipiat,
1323 1097 1381 1168 sed

132 1287 136 1298 ,
265 1203 353 1271 illam
369 1211 525 1296 tanquam
539 1205 622 1298 quid
639 1227 705 1275 suae
720 1214 846 1275 naturae
866 1229 923 1276 seu
940 1207 1088 1276 esseutiae
1102 1206 1279 1300 possident,
1298 1215 1383 1277 recte

266 1309 384 1379 dieitur
406 1311 571 1381 notionem
599 1312 682 1402 legis
707 1313 877 1400 naturalis,
907 1337 983 1407 quae
1010 1336 1029 1381 a
1054 1313 1088 1383 vi
1114 1313 1312 1407 percipiendi
1341 1315 1383 1384 ad
1499 1363 1500 1382 t

266 1425 373 1487 actum
399 1425 584 1490 transeunte
600 1423 779 1490 necessario
804 1422 923 1508 oritur,
950 1445 1018 1491 esse
1039 1422 1167 1492 bomini
1187 1423 1380 1510 naturalem,
1499 1495 1500 1500 ,

267 1549 324 1595 seu
350 1535 476 1596 naturae
502 1528 650 1599 inditam.
683 1531 725 1599 Et
754 1531 837 1600 bene
865 1531 1010 1599 sciebant
1042 1539 1172 1600 sanctus
1200 1531 1322 1601 Paulus
1352 1542 1384 1601 et

267 1635 387 1705 soholae
401 1637 561 1726 doctores,
579 1649 611 1709 et
627 1641 740 1710 Cicero
759 1651 789 1708 et
806 1641 941 1728 Seneca,
967 1641 1130 1710 notionem
1145 1639 1227 1731 legis
1248 1651 1384 1710 natura-

266 1743 307 1812 lis
322 1767 389 1812 non
404 1745 510 1816 adbuc
524 1753 652 1817 exstare
667 1749 854 1841 explicitam
871 1749 907 1817 in
921 1771 1023 1841 puero
1037 1772 1149 1818 recens
1164 1757 1256 1836 nato;
1283 1750 1384 1818 nihil-

267 1854 397 1924 ominus
412 1864 533 1945 tamen,
551 1858 628 1949 quia
646 1882 729 1950 puer
748 1859 802 1928 ille
824 1860 932 1928 statim
953 1882 990 1928 ac
1009 1860 1150 1930 reflectet
1163 1861 1205 1928 ad
1223 1859 1385 1951 principia

265 1961 347 2052 legis
372 1964 539 2052 naturalis,
570 1965 714 2035 inveniet
736 1967 793 2034 illo
817 1987 895 2036 vera
923 1989 1006 2054 esse,
1034 1967 1189 2036 dixerunt
1216 1967 1384 2036 notionem

267 2070 350 2140 hanc
364 2095 433 2142 esse
449 2073 497 2142 illi
512 2083 630 2145 natura
643 2076 794 2145 inditam.

313 2182 346 2247 3⁰
371 2179 521 2272 Systema
550 2181 889 2273 traditionalistarum‚
921 2206 1052 2254 omnem
1073 2184 1291 2274 cognitionem
1316 2184 1386 2254 bu-

268 2311 400 2358 manam
419 2290 461 2359 ad
485 2299 594 2360 aetum
617 2291 772 2362 credendi
791 2291 927 2362 reducit.
953 2293 1037 2362 Nam
1058 2291 1086 2360 si
1108 2291 1289 2384 requireret
1312 2299 1387 2361 lan-

268 2405 339 2465 tum
356 2398 552 2469 locutionem
574 2399 725 2469 socialem
745 2408 904 2493 tanquam
927 2400 1180 2470 excitamentum
1204 2398 1384 2492 quoddam,

268 2505 362 2595 cujus
376 2529 436 2598 ope
451 2515 482 2575 et
496 2501 663 2578 occasione
677 2508 815 2601 quilibet
836 2508 934 2578 homo
959 2507 1129 2578 attendens
1144 2507 1185 2576 ad
1201 2509 1387 2578 enuntiatas

269 2611 431 2700 veritates,
459 2614 532 2684 illas
555 2637 613 2706 per
636 2638 732 2683 suum
760 2616 930 2707 proprium
957 2616 1154 2684 intellectum
1175 2614 1329 2683 discernit
1355 2624 1388 2684 et
1500 2673 1501 2688 i

268 2719 417 2810 percipit,
435 2743 500 2790 non
514 2720 660 2790 differret
673 2729 815 2814 systema
828 2723 910 2792 illud
924 2746 944 2792 a
967 2724 1114 2792 doctrina
1130 2723 1308 2810 communi,
1327 2745 1387 2791 nac
1500 2727 1501 2788 3

269 2825 496 2897 adversarium
510 2828 643 2898 baberet
657 2853 866 2923 quemquam.
891 2830 955 2900 Sed
974 2830 1113 2900 ulterius
1131 2830 1239 2923 pergit
1260 2839 1291 2899 et
1306 2854 1387 2923 sup-

269 2935 361 3024 ponit
376 2936 462 3027 ipsas
484 2938 665 3007 notionesa
686 2939 796 3008 sociali
817 2939 980 3009 locutione
999 2948 1030 3008 et
1054 2939 1240 3030 magisterio
1261 2939 1387 3008 homini

270 3041 416 3132 infundi,
445 3045 490 3114 ita
513 3059 550 3115 nt
570 3047 717 3117 notiones
737 3048 911 3140 cujuslibet
932 3048 1098 3119 individui
1123 3071 1189 3117 non
1209 3049 1278 3117 sint
1298 3056 1389 3118 actus

267 3151 444 3242 perceptivi
457 3155 498 3222 ab
506 3154 644 3247 ipsomet
659 3157 769 3239 eliciti,
784 3156 840 3225 sed
852 3157 1075 3226 testimonium
1088 3155 1190 3250 quod,
1204 3179 1224 3225 a
1239 3157 1388 3226 socictate

268 3257 437 3347 traditum,
458 3271 614 3354 tanquam
641 3287 756 3333 verum
782 3265 920 3357 quilibet
944 3264 1072 3357 recipit,
1100 3263 1186 3333 idem
1208 3263 1389 3334 traditurus

268 3368 337 3458 ipsc
352 3371 501 3460 posteris.
519 3373 615 3443 Notio
629 3383 737 3444 autem
753 3398 796 3444 ex
811 3376 995 3445 testimonio
1009 3383 1041 3443 et
1054 3374 1217 3444 locutione
1231 3383 1386 3467 tanquam

270 3499 349 3545 vera
362 3486 490 3572 accepta
510 3490 542 3550 et
561 3505 627 3552 non
643 3483 777 3576 proprio
793 3483 959 3552 intellectu
974 3490 1144 3576 perspecta
1160 3491 1192 3550 et
1207 3483 1386 3574 recognita,

270 3591 318 3652 est
332 3585 421 3654 notio
436 3589 489 3656 cui
504 3589 659 3678 creditur,
684 3615 751 3661 non
773 3613 848 3685 quae
871 3591 1065 3685 percipitur;
1092 3599 1217 3661 etcum
1239 3590 1389 3661 traditio·

270 3691 396 3762 nalistae
409 3694 536 3786 fingant
554 3699 711 3769 rationem
726 3699 869 3769 bominis
883 3721 924 3767 ex
939 3697 1129 3791 hujusmodi
1143 3699 1333 3768 notionibus
1348 3699 1389 3767 ab

272 3802 454 3873 extrinseco
467 3808 605 3898 acceptis
619 3816 715 3876 totam
733 3808 924 3896 coalescere,
936 3807 1082 3900 sequitur
1093 3829 1134 3876 ex
1147 3807 1205 3876 illo
1216 3815 1390 3900 systemate

271 3931 401 3980 omnem
418 3914 634 4003 cognitionem
651 3915 829 3984 humanam
844 3915 886 3984 ad
900 3923 1009 3984 actum
1024 3913 1177 3984 credendi
1193 3916 1316 3986 reduci.

319 4021 352 4087 t⁰
372 4021 691 4111 Traditionolismus,
719 4025 752 4092 in
771 4033 931 4116 quantum
946 4047 1076 4094 omnem
1092 4025 1311 4115 cognitionem
1327 4026 1391 4094 hu-

272 4149 403 4196 manam
418 4130 459 4198 ad
475 4139 584 4200 actum
608 4131 760 4200 credendi
781 4131 919 4220 reducit,
946 4132 1062 4202 recidit
1083 4133 1116 4201 in
1140 4145 1283 4223 systema
1306 4133 1394 4203 illud

268 4233 389 4326 sullae,
407 4247 445 4305 ut
458 4239 585 4308 vocavit
601 4239 779 4331 Gregorius
794 4239 885 4326 XVI,
900 4263 919 4308 a
934 4241 975 4308 D.
992 4241 1032 4308 de
1048 4241 1245 4310 Lamennais
1264 4240 1390 4310 ultimis
