3042 4946
529 501 613 546 rums
634 499 788 546 canomcr.
1157 475 1217 541 513

94 637 235 706 rationis
256 637 380 706 lumine
403 640 610 731 conjunctam
637 661 701 708 uon
720 639 881 726 sufficere,
900 643 986 730 patet
1002 661 1043 706 ex
1057 635 1220 730 perpetuis

95 744 375 835 disputationibus
394 747 479 816 circu
495 769 627 816 sensum
643 745 821 838 Scripturae
841 767 899 837 per
916 749 954 812 18
970 743 1091 814 saecula
1104 744 1222 813 subor-

94 852 153 938 tis,
193 859 225 922 et
253 875 294 922 ex
325 854 476 944 plurimis
510 855 680 924 erroribus
709 877 792 946 quos
822 852 963 923 Ecclesia
990 852 1127 922 decretis
1155 852 1222 920 suis

93 957 263 1050 conligere
295 960 417 1030 debuit.
447 962 536 1052 Ergo
576 962 787 1032 revelationes
816 959 857 1030 ad
888 959 1035 1049 singulos
1059 960 1220 1043 homines,

93 1091 305 1161 quocumque
324 1070 421 1140 modo
446 1070 682 1161 intelligantur,
707 1093 775 1140 non
789 1071 948 1139 institutae
967 1078 1045 1138 sunt
1059 1091 1079 1136 a
1092 1069 1222 1138 Christo

94 1183 256 1267 tauquam
271 1178 415 1250 medium
430 1179 611 1260 sufficiens;
627 1202 708 1270 ergo
728 1179 881 1250 Christus
895 1200 961 1248 non
978 1177 1118 1246 instituit
1132 1178 1222 1246 aliud

93 1286 245 1358 medium
270 1288 435 1358 sufficiens
460 1313 560 1382 quam
581 1290 781 1374 Ecclesium
812 1311 891 1378 ergo
915 1287 1057 1357 Ecclesia
1080 1297 1129 1355 est
1153 1309 1220 1354 me·

93 1393 193 1463 dium
218 1396 260 1464 ad
286 1396 374 1489 quod
399 1421 513 1468 omues
538 1421 706 1468 recurrere
729 1405 881 1466 tenentur
896 1423 905 1484 3
922 1418 1001 1503 ergo
1020 1394 1161 1464 Ecclesia
1174 1404 1223 1462 est

93 1511 141 1580 ab
167 1513 319 1582 omnihus
346 1539 387 1583 ex
418 1515 616 1610 obligatione
644 1525 676 1584 et
702 1515 891 1584 necessitate
926 1513 1038 1582 salutis
1065 1510 1249 1581 ineunda·

92 1619 174 1688 Non
196 1629 321 1690 tantum
345 1622 385 1691 de
406 1623 490 1692 lacto
504 1621 662 1693 Christus
680 1623 892 1692 revelationes
913 1622 1054 1714 privatas
1074 1643 1138 1689 non
1154 1620 1221 1688 ins-

92 1728 200 1814 tituit,
236 1730 292 1798 sed
327 1732 459 1822 probari
495 1733 593 1802 ctiam
629 1741 736 1825 poseat
768 1731 956 1823 hujusmodi
987 1730 1220 1799 institutionem

93 1834 221 1904 divium
241 1838 408 1928 sapientiae
424 1862 620 1932 repugnare,
636 1865 696 1933 pro
718 1865 783 1934 qua
798 1841 1028 1932 disceptatione
1041 1839 1082 1909 ad
1097 1839 1221 1909 theolo-

92 1944 188 2033 gicos
205 1954 358 2017 tractatus
374 1951 581 2022 remittimus.

141 2051 325 2126 Psorosrno
348 2063 393 2126 5².
409 2097 453 2112 -
471 2061 617 2130 Christus
644 2061 824 2130 Ecclesiam
855 2081 951 2128 suom
976 2058 1120 2126 instituit
1146 2078 1221 2124 cum

90 2163 207 2252 fornae
224 2165 436 2236 monarchiae
451 2169 626 2236 remissive.
644 2169 761 2236 —Est
777 2168 816 2234 de
834 2167 908 2236 fide.
927 2166 1155 2235 Probationem
1169 2187 1220 2232 re-

94 2275 259 2346 mittimus
274 2277 314 2346 ad
329 2285 503 2346 tractatum
519 2276 558 2344 de
577 2278 684 2365 Papa.

552 2635 695 2705 CAPUT
719 2635 758 2702 ll.

140 2849 179 2893 DE
201 2847 387 2894 ntunattttttta
409 2845 493 2900 QUAM
519 2847 549 2892 ΙΝ
572 2846 710 2892 llCChllSlA
735 2845 792 2891 ΒΗΑ
814 2843 991 2892 consutum
1014 2845 1169 2890 CHRISTUS.

139 3135 373 3204 Praenotaada.
390 3175 433 3188 -
450 3139 481 3202 l.
507 3135 558 3204 Ex
578 3131 699 3224 duplici
722 3129 878 3201 vocabulo
895 3143 949 3217 ἱερά
963 3137 995 3196 et
1009 3141 1079 3220 ἀρχή
1095 3130 1215 3198 coales-

91 3241 138 3311 cit
166 3265 233 3312 voa
258 3259 388 3333 ῑιραρχια.
418 3243 539 3312 Graecis
564 3249 671 3311 autem
699 3255 761 3328 apoc
788 3236 874 3306 idem
900 3245 948 3304 est
977 3237 1066 3328 quod
1090 3237 1217 3304 Latinis

90 3373 202 3436 sarm
230 3359 262 3419 et
291 3362 363 3440 ἀρχή
398 3349 493 3419 modo
526 3347 661 3417 initium
693 3345 789 3414 modo
812 3343 1042 3436 principatum
1071 3343 1213 3431 denotat,

90 3457 226 3550 quaudo
247 3459 382 3527 seorsim
401 3464 600 3548 usurpatur;
619 3462 669 3522 ast
695 3453 729 3520 iu
751 3451 928 3543 composito
947 3450 988 3518 dc
1003 3473 1069 3540 quo
1084 3451 1213 3540 agimus

89 3567 263 3655 vocabulo,
301 3589 360 3658 pro
395 3563 609 3655 significando
646 3561 829 3653 principatu
863 3579 990 3649 semper
1024 3556 1209 3628 adhibetur.

90 3673 188 3742 Unde
209 3674 250 3742 cd
276 3673 509 3766 etymologiam
536 3677 664 3738 tantum
688 3663 896 3752 attendendo,
921 3663 1105 3733 hierarchia
1124 3665 1212 3733 idam

92 3792 184 3852 souat
202 3806 240 3853 ac
254 3805 344 3852 socer
365 3781 573 3874 praeteriretur
587 3800 644 3846 seu
662 3777 863 3868 praefectura
884 3795 991 3841 sacrm
1007 3773 1212 3865 Quicumque

90 3890 318 3981 praeiecturam
341 3887 501 3981 ejusmodi
523 3885 633 3977 aliquo
657 3882 764 3973 gradu
786 3880 992 3973 participant,
1016 3878 1055 3948 de
1083 3880 1210 3948 hierar-

88 3997 163 4067 chia
177 4025 187 4084 ς
203 3998 312 4068 careri
327 4020 406 4067 vero
420 3997 468 4065 eis
482 3993 607 4064 subditi
619 3992 677 4061 sub
693 3989 875 4059 hierarchia
890 3995 1074 4058 censentur.
1156 4003 1160 4012 ’

136 4111 168 4176 2.
193 4107 314 4176 Latiari
335 4106 477 4198 quodum
493 4113 524 4172 et
540 4101 720 4194 improprio
740 4121 838 4168 sensu
854 4096 1036 4166 hierarchia
1052 4119 1209 4167 nonnun-

92 4240 191 4310 quam
213 4215 332 4285 dicitur
355 4214 515 4304 generalis
537 4213 635 4280 totius
654 4209 806 4278 Ecclesiae
827 4205 1011 4276 constitutio
1032 4207 1210 4278 etordiua·

1014 4319 1052 4380 33
