3022 4950
298 457 337 524 ll]
648 481 822 526 rnrcrares
846 483 884 527 oc
907 481 1062 528 rumonus

171 629 175 646 ¹
300 647 316 685 «
341 619 492 709 proxime
504 618 663 688 fundetur
673 620 708 688 in
720 619 775 689 illo
790 619 949 713 principio
961 621 1046 713 juris
1058 621 1229 707 naturalis,
1241 621 1323 712 fides
1334 621 1418 692 dota

300 757 316 792 «
341 742 387 798 est
400 728 576 797 servando.
591 728 707 798 Fidem
719 737 828 798 autem
844 728 1003 798 dederuut
1015 739 1140 820 gentes,
1157 731 1239 800 dum
1255 753 1418 800 convene-

301 847 323 902 «'
341 846 419 904 runt
436 837 488 904 vel
511 837 673 928 expressis
698 837 808 905 verbis
835 837 867 904 in
892 837 1047 928 quaedam
1068 845 1184 906 mutus
1204 837 1415 922 commercia,

300 973 315 1010 α
341 945 392 1011 vel
408 943 500 1012 tacite
514 945 664 1012 moribus
678 953 709 1012 et
728 969 790 1012 usu
812 947 995 1014 constanti:
1015 969 1056 1014 ex
1078 947 1134 1015 teli
1155 947 1245 1014 euim
1265 947 1362 1036 praxi
1387 957 1419 1015 et

299 1081 315 1118 «
339 1077 402 1123 usu
413 1053 491 1122 satis
499 1053 666 1144 colligitur
681 1055 813 1128 animus
829 1053 1073 1123 introducendae
1089 1063 1122 1122 et
1134 1055 1313 1122 retinendae
1329 1055 1419 1123 obli-

298 1188 314 1227 «
339 1163 490 1252 gationis,
520 1162 703 1253 praesertim
723 1163 751 1230 si
777 1162 851 1231 data
869 1163 1036 1232 occasione
1054 1161 1233 1254 provocent
1257 1161 1297 1231 ad
1317 1163 1416 1232 telem

296 1299 313 1336 «
337 1269 606 1341 consuetudinem
622 1271 713 1340 velut
734 1270 774 1339 ad
786 1271 842 1363 jus
855 1271 918 1340 sibi
934 1294 1122 1352 commuue,
1141 1280 1198 1340 aut
1211 1294 1418 1365 conqueran-

296 1406 313 1445 «
336 1389 390 1447 tur
402 1379 458 1470 jus
471 1377 621 1467 gentium
635 1400 702 1446 esse
715 1379 873 1446 violatum
888 1379 929 1447 ab
942 1379 1000 1447 illo
1012 1377 1147 1471 populo,
1168 1379 1226 1470 qui
1239 1386 1353 1448 contra
1368 1387 1417 1446 ta-

296 1517 313 1554 «
336 1490 402 1558 lem
415 1487 547 1580 praxim
563 1508 661 1576 agere
673 1485 940 1578 deprehenditur.
959 1511 975 1550 »

342 1626 358 1662 c
382 1595 559 1665 Sciendum
575 1600 621 1678 2⁰,
635 1596 691 1687 jus
706 1595 855 1684 gentium
871 1595 959 1664 eliud
984 1617 1053 1663 esse
1077 1596 1207 1688 proprie
1230 1595 1306 1684 tale,
1324 1595 1417 1663 uliud

298 1734 314 1772 α
338 1704 528 1796 improprie.
546 1702 606 1772 lus
615 1704 766 1794 gentium
771 1704 949 1795 proprium
963 1714 1012 1772 est
1022 1703 1111 1796 quod
1124 1705 1211 1786 inter
1223 1711 1336 1794 gentes
1351 1727 1417 1796 qua

299 1843 314 1880 «
333 1813 415 1882 tales
429 1822 595 1904 receptum
612 1820 659 1879 ost
674 1835 750 1880 oum
763 1811 963 1902 obligatione
989 1821 1115 1880 mutua.
1135 1812 1244 1904 Hujus
1263 1813 1418 1903 exempla

298 1950 314 1988 «
338 1931 412 1990 sunt
430 1921 550 2012 primo,
563 1919 619 2011 jus
631 1918 847 2008 legationum,
864 1919 899 1986 vi
914 1919 1008 2009 cujus
1020 1919 1243 1988 admittuntur
1261 1919 1363 2008 legati
1386 1929 1420 1986 et

299 2059 315 2095 «
338 2029 558 2098 admittuntur
569 2027 762 2096 incolumes.
777 2027 938 2112 Secundo,
953 2027 1008 2118 jus
1023 2027 1110 2115 belli,
1129 2027 1169 2096 ad
1182 2027 1417 2096 vindicandam

299 2167 314 2206 «
340 2139 498 2232 injuriam
514 2137 565 2206 vel
580 2138 740 2205 damnum
754 2137 794 2204 ab
811 2137 873 2204 alio
887 2140 1008 2228 populo
1023 2137 1166 2224 illatum,
1189 2138 1222 2206 vi
1239 2136 1331 2227 cujus
1345 2137 1418 2204 bel-

299 2281 315 2318 «
338 2254 409 2321 lum
425 2251 519 2320 debet
545 2247 734 2315 solemniter
756 2245 947 2314 denunciari
971 2267 1029 2337 per
1051 2247 1212 2329 ferialem,
1238 2255 1415 2337 autequam
1498 2315 1499 2318 ,

299 2393 314 2428 «
341 2361 527 2436 inchoetur;
551 2377 610 2423 nec
630 2353 727 2422 etiem
756 2353 895 2422 durante
919 2354 976 2423 illo
994 2353 1099 2422 fontes
1121 2365 1176 2424 aut
1198 2355 1418 2424 instrumenta

300 2501 316 2538 r«
339 2471 453 2540 bellice
469 2487 595 2534 veneno
609 2461 786 2530 inficienda
803 2471 890 2546 sunt,
914 2485 971 2529 nec
989 2463 1090 2530 hostis
1108 2484 1167 2555 per
1187 2464 1343 2532 sicarium
1359 2489 1420 2532 su-

300 2607 317 2644 «
339 2580 515 2648 bornatum
542 2570 739 2640 occidendus
756 2596 764 2636 ε
779 2591 893 2637 rerum
922 2577 1032 2638 cutem
1064 2571 1098 2637 in
1130 2571 1216 2640 bello
1245 2581 1416 2662 captarum

299 2716 315 2755 «
339 2682 520 2776 acquiritur
540 2678 740 2762 dominium,
770 2678 818 2746 uti
838 2685 869 2746 et
892 2679 1073 2770 impunitas
1095 2687 1227 2771 propter
1252 2678 1358 2748 eaedes
1385 2689 1418 2748 et

299 2823 316 2861 ι(
338 2789 597 2884 depredationes,
614 2786 650 2852 in
664 2785 749 2854 bello
764 2787 862 2853 etiam
875 2784 996 2876 injusto
1010 2786 1121 2855 lactas.
1144 2787 1266 2872 Tertio,
1293 2786 1418 2856 federa

299 2931 316 2970 n
340 2901 427 2995 pacis
443 2907 474 2967 et
492 2895 700 2966 induciarum
723 2917 799 2964 oum
828 2894 1063 2964 rationabiliter
1085 2903 1252 2987 petuntur.
1277 2895 1415 2984 Quarto,

299 3039 316 3077 «
337 3012 392 3103 jus
405 3005 583 3089 servitutis,
597 3004 632 3071 vi
647 3003 741 3094 eujus
759 3003 910 3072 homiues
925 3004 961 3070 iu
976 3003 1060 3071 bello
1073 3004 1162 3093 justo
1178 3011 1288 3094 captos
1301 3013 1332 3074 et
1347 3027 1418 3074 ser·
1496 2999 1497 3093 l

299 3145 316 3184 «
340 3124 433 3186 vatos
448 3135 508 3206 pro
525 3111 629 3180 servis
645 3109 764 3178 babere
780 3110 864 3180 licet.
882 3110 1016 3198 Quinto,
1031 3110 1086 3202 jus
1098 3112 1289 3179 commercii
1305 3134 1418 3202 quaes-

300 3226 432 3296 «tuosiv
454 3221 541 3314 apud
571 3227 700 3289 exterus
726 3228 757 3286 et
784 3242 849 3288 non
886 3219 1018 3289 hostiles
1051 3219 1200 3288 nationes
1227 3221 1413 3290 exercendi.

299 3365 315 3404 «
339 3337 451 3420 Sexto,
467 3332 522 3424 jus
539 3329 730 3420 sepulture,
748 3329 783 3396 vi
797 3329 890 3419 eujus
907 3329 1065 3398 cadavere
1080 3337 1176 3398 terrae
1192 3330 1343 3400 mandari
1358 3330 1417 3398 de·
1495 3351 1496 3411 t

300 3446 427 3513 chent.

343 3578 359 3616 α
383 3544 607 3640 Improprlum
625 3542 758 3631 dicitur,
774 3543 863 3636 quod
888 3553 1056 3636 receptum
1080 3552 1128 3612 ost
1148 3546 1232 3613 iuter
1246 3555 1358 3634 gentes

299 3688 315 3724 «
339 3659 420 3727 citra
443 3653 676 3742 obligationem
702 3659 876 3737 mutucm;
899 3653 948 3719 uti
967 3675 973 3715 :
991 3652 1113 3742 primo,
1136 3675 1217 3720 usus
1239 3654 1333 3745 panis
1355 3676 1416 3745 pro
1494 3677 1495 3730 i

298 3795 315 3834 «
338 3767 411 3835 cibo
429 3791 436 3832 :
454 3761 609 3846 secundo,
631 3761 828 3829 constructio
850 3759 995 3828 aedium:
1017 3762 1123 3848 tertio,
1140 3762 1280 3830 munitio
1299 3763 1416 3831 civita-

299 3905 316 3941 «
341 3885 412 3944 tum
432 3897 439 3937 :
462 3879 591 3963 quarto,
616 3861 875 3937 rerum'divieio
897 3891 958 3938 seu
978 3868 1202 3938 dominiorum
1230 3871 1413 3940 distinctio:

297 4012 313 4052 «
337 3984 465 4076 quinto,
483 3987 666 4046 contractus
680 3998 747 4044 non
760 3976 868 4066 pauci,
885 3985 922 4043 ut
937 3978 1074 4068 emptio,
1100 3978 1257 4064 venditio,
1283 3979 1411 4066 locatio,
1493 3968 1494 4050 l

297 4086 521 4169 «conductio,
545 4093 622 4168 etc,
646 4092 678 4150 et
696 4082 843 4176 plerique
863 4081 955 4151 modi
980 4084 1181 4175 acquirendi.
1202 4085 1284 4167 Quae
1308 4087 1409 4176 leges,

298 4226 313 4260 «
337 4197 410 4265 licet
424 4192 511 4284 apud
531 4190 641 4281 plures
663 4197 775 4277 gentes
796 4189 1023 4276 observentur,
1045 4193 1122 4284 qnia
1144 4201 1253 4260 tamen
1270 4215 1331 4284 pro
1346 4195 1410 4262 fine
1492 4265 1493 4268 ,
