3048 4954
351 542 390 604 ltl
701 563 874 608 rasa-raros
896 563 934 608 oa
957 562 1110 608 rarrcrrrrs

353 732 368 770 κ
390 705 422 773 la
435 707 584 798 pratiquc
606 703 651 774 du
670 703 748 774 code
767 703 903 773 siculier
925 705 1007 774 dans
1022 704 1054 772 ta
1073 704 1187 794 region
1212 703 1402 798 snpdrieure
1417 705 1461 772 du

351 810 488 900 «droit,
512 812 628 906 jamais
647 812 669 882 il
699 809 892 882 n'atteindra
917 815 935 879 i
959 811 991 880 la
1012 810 1152 880 hauteur
1175 812 1218 881 οὺ
1237 820 1314 904 pout
1338 811 1369 880 le
1383 835 1462 881 oon-

349 945 366 984 a
388 919 482 988 doira
497 919 527 988 le
541 920 627 990 droit
641 941 793 990 canon.»
821 917 1031 1010 (Traduction
1058 917 1098 988 dc
1119 919 1164 988 tt.
1186 919 1290 988 l’abbi
1308 919 1460 1007 Crouzat,

343 1025 420 1095 edit.
440 1029 537 1113 1850,
556 1033 578 1094 t.
595 1029 622 1114 I,
639 1051 672 1120 p.
692 1027 759 1119 16.)

387 1135 453 1204 Has
465 1135 646 1206 maluimus
660 1135 809 1204 virorum
832 1134 989 1226 gravium
1016 1133 1167 1204 collectas
1187 1135 1363 1204 sententias
1375 1137 1465 1228 juris

341 1243 487 1313 canonici
513 1242 667 1311 studiosis
692 1242 861 1330 exhibere,
887 1265 989 1335 quam
1008 1241 1104 1311 facila
1117 1243 1308 1314 encomium
1325 1245 1463 1337 proprio

340 1351 534 1420 concinnato
549 1350 686 1418 calamo.
713 1350 923 1441 ceteroquin
944 1351 978 1419 in
1000 1350 1143 1419 dublum
1165 1352 1310 1420 revocari
1327 1352 1459 1444 nequit,

341 1483 400 1529 nec
414 1460 454 1528 do
467 1460 552 1528 facto
568 1466 740 1527 revocatur
755 1480 890 1527 summa
905 1459 1088 1550 disciplinae
1112 1481 1277 1527 canonum
1293 1467 1460 1550 praestan-

342 1567 396 1635 tia.
426 1567 527 1658 Cujus
548 1564 695 1634 studium
724 1565 804 1632 viris
830 1564 1054 1635 ecclesiasticis
1078 1565 1221 1634 Ecclesia
1242 1587 1308 1636 non
1328 1573 1459 1635 tantum

342 1673 596 1760 commendavit,
614 1672 669 1741 scd
686 1681 717 1740 ct
732 1672 907 1766 imperavit
926 1701 933 1740 :
952 1674 1055 1742 sciant
1068 1673 1247 1744 sacerdotes
1267 1675 1461 1766 Scripturas

340 1805 449 1851 sacras
464 1797 494 1850 et
507 1805 654 1862 canonas,
673 1794 704 1850 et
713 1804 807 1850 omne
820 1805 901 1873 opus
916 1805 1028 1850 aarum
1042 1781 1075 1849 ia
1086 1781 1321 1874 prudentiore
1335 1795 1366 1849 et
1377 1781 1461 1850 doc-

342 1889 430 1957 trina
448 1890 602 1957 consistat
617 1890 732 1978 (canon
746 1913 756 1956 r
771 1887 989 1957 distinctionis
1013 1891 1066 1976 38,
1084 1888 1276 1982 desumptus
1289 1911 1307 1957 e
1320 1889 1459 1958 concilio

339 1996 493 2067 Toletano
509 1995 569 2083 IV,
586 2018 658 2064 can.
675 1997 742 2086 26).
760 1995 854 2066 Nulli
866 1995 1072 2064 sacerdotum
1092 1995 1189 2065 liccat
1203 2017 1339 2065 canones
1353 1996 1457 2086 iquo-

340 2127 415 2174 rarc
432 2102 589 2195 (ejusdem
604 2102 819 2172 distinctionis
831 2126 902 2172 can.
921 2103 966 2194 l).

702 2353 732 2403 n.
750 2361 785 2403 an
802 2361 919 2402 raasrrr
934 2361 991 2402 ruer
1007 2361 1095 2402 mnus.

382 2544 472 2614 luris
523 2541 668 2611 canonici
718 2561 816 2630 supro
853 2540 908 2630 jus
945 2540 1038 2608 civile
1082 2543 1306 2632 prostantium
1344 2547 1457 2636 arguit
1512 2553 1513 2574 ¹

339 2649 630 2741 Sohmalzgrueber
653 2647 706 2716 his
728 2647 838 2716 verbis
856 2675 863 2715 ε
883 2651 947 2714 «1⁰
961 2647 1100 2716 Praestat
1123 2650 1267 2740 oriqinc,
1282 2652 1360 2744 qnia
1375 2676 1454 2745 pro·

342 2791 359 2831 a
384 2771 495 2832 manat
517 2761 644 2852 abipso
660 2758 802 2845 Christo,
820 2767 851 2827 at
868 2781 887 2827 a
906 2766 1063 2852 potestate
1078 2781 1168 2828 mere
1182 2758 1342 2853 spirituali
1356 2763 1455 2832 Patro
1510 2756 1511 2775 ¹

220 2879 222 2888 “
342 2873 514 2964 «ejusque
552 2869 588 2936 in
624 2866 799 2958 apostolica
828 2865 911 2934 Sede
947 2867 1185 2936 successoribus
1215 2868 1405 2940 immediate
1435 2899 1454 2940 a
1509 2863 1510 2872 ’

341 3009 359 3047 a
381 2979 511 3051 Christo
532 2975 784 3046 communicata.
809 2979 841 3042 2⁰
859 2976 1128 3058 Unioarsatitata;
1144 2976 1221 3067 quia
1236 2977 1359 3068 obligat
1374 3004 1451 3049 om·
1508 2956 1509 2977 Χ

339 3117 357 3156 a
381 3111 438 3158 nos
452 3086 574 3158 Christi
589 3083 700 3154 fideles
715 3107 774 3178 per
794 3084 959 3154 mundum
981 3085 1176 3153 universum
1192 3108 1364 3177 sparsos...
1384 3091 1452 3158 To-
1506 3151 1507 3176 ,

339 3223 357 3265 a
380 3211 432 3267 tus
446 3195 536 3265 enim
563 3193 652 3263 orbis
678 3202 841 3262 terrarum
869 3192 980 3261 subest
999 3191 1223 3262 conditoribus
1239 3193 1338 3286 hujus
1349 3197 1451 3288 juris,
1505 3227 1506 3277 t

341 3335 357 3372 a
380 3306 510 3376 Christo
526 3301 699 3388 nimirum,
718 3302 853 3394 ejusque
875 3301 909 3369 in
932 3307 1018 3368 tarra
1040 3299 1213 3368 vicariis...
1239 3305 1271 3368 3ο
1290 3304 1454 3388 Materia·
1503 3301 1505 3394 l

230 3453 231 3456 =
339 3441 356 3481 a
378 3414 456 3507 quia
471 3413 541 3480 haec
556 3408 737 3501 spiritualis
750 3416 799 3484 ast
813 3407 866 3476 vel
882 3406 1046 3498 spirituali
1057 3429 1197 3498 annexa.
1216 3412 1249 3476 4⁰
1265 3409 1363 3494 Fcire,
1374 3414 1454 3504 quia

338 3551 355 3587 a
379 3519 519 3592 intendit
534 3539 593 3610 pro
609 3516 674 3584 fine
689 3515 808 3583 ultimo
831 3522 989 3582 aeternam
1003 3513 1249 3602 beatitudinem,
1267 3527 1299 3585 ct
1312 3517 1453 3590 salutern

336 3656 353 3697 a
376 3629 498 3698 animae
513 3622 717 3717 spiritualem
732 3645 769 3690 ac
787 3620 1082 3713 supernaturalem,
1099 3623 1249 3713 parvitas
1269 3631 1301 3691 ct
1311 3623 1451 3715 justitia

336 3767 353 3802 a
376 3734 562 3806 christianas
575 3752 674 3823 opera
688 3725 911 3797 obtinendam.
929 3752 946 3792 o

379 3871 396 3910 a
419 3843 553 3926 Contra,
565 3838 621 3929 jus
638 3835 734 3906 civile
753 3837 783 3902 1⁰
799 3842 972 3926 promanat
988 3841 1175 3924 apotastato
1194 3858 1329 3927 prorsus
1342 3860 1452 3911 saecu-

334 3981 350 4019 a
375 3951 448 4035 lari,
465 3946 613 4040 prolana,
640 3951 671 4011 et
689 3941 845 4035 apopulo
861 3941 1013 4033 proxima
1033 3942 1161 4031 collata,
1176 3943 1398 4039 translataque
1415 3951 1451 4018 in

332 4055 577 4151 «principes...
611 4055 643 4118 2⁰
681 4049 843 4139 Astringit
879 4054 1005 4117 certum
1037 4048 1211 4120 dumtaxat
1241 4053 1448 4144 populum...

333 4195 350 4234 a
375 4171 408 4233 3⁰
422 4159 558 4232 Materia
584 4157 673 4228 illius
692 4179 782 4225 mera
800 4156 937 4247 profana
958 4165 1017 4245 est,
1035 4157 1113 4250 quia
1126 4159 1272 4251 profana
1288 4171 1366 4230 sunt
1380 4187 1447 4254 res,

333 4305 348 4342 «
372 4291 520 4367 personae
548 4275 579 4336 et
602 4267 743 4337 actiones
758 4265 844 4334 circa
858 4288 940 4358 quas
958 4275 1119 4336 versatur.
1139 4272 1171 4336 4⁰
1186 4267 1277 4337 Finis
1292 4269 1446 4361 ejusdem
