3068 4948
320 461 382 526 274
671 479 844 528 reimarus
868 481 905 528 os
933 480 1085 530 rnrnurns

319 619 457 712 aliquid,
475 643 574 688 consa
589 621 787 690 necessitatis
801 635 861 690 aut
879 622 1036 690 utilitatis
1052 624 1207 714 inspecto,
1226 618 1444 712 dispensative

319 730 451 799 dauni!
465 728 688 798 statuendum.
711 730 759 820 (C.
777 734 831 818 29,
849 731 888 799 de
904 735 1055 800 Sentent.
1074 747 1104 800 et
1119 755 1153 800 re
1160 730 1256 822 jod.)

364 869 397 932 l·
412 865 594 956 Encyclicoe
616 865 771 934 dicuntur
793 866 959 958 praedictae
981 867 1238 952 constitutiones,
1255 888 1314 935 seu
1329 865 1444 934 deere-

316 972 407 1054 tales,
427 983 588 1064 quatenus
604 973 795 1063 diriguntur
814 973 856 1041 ad
876 973 1055 1066 Episcopus
1076 974 1176 1043 totius
1197 973 1298 1054 orbis,
1316 971 1368 1040 vel
1383 971 1444 1038 ali-

317 1080 408 1172 cujus
432 1081 589 1170 regionis;
613 1080 701 1172 quod
724 1081 879 1172 usurpari
902 1081 984 1151 solet
1006 1105 1026 1150 a
1047 1083 1189 1151 summis
1214 1079 1442 1160 Pontificibus,

316 1187 448 1278 quando
465 1187 515 1255 vel
536 1188 576 1256 de
598 1187 710 1278 aliquo
726 1197 846 1279 puncto
861 1188 1033 1274 doctrine,
1052 1188 1103 1258 vel
1120 1188 1160 1257 de
1173 1189 1282 1280 aliquo
1300 1186 1444 1255 tollendo

316 1295 434 1381 abusu,
452 1296 503 1364 vel
524 1295 565 1362 de
585 1295 698 1387 aliqua
715 1296 887 1387 disciplina
909 1297 950 1365 ab
971 1297 1116 1366 ecclesiis
1138 1298 1350 1366 uniformiter
1369 1319 1443 1364 ser-

316 1402 424 1472 vanda
444 1402 635 1471 decernunt.

360 1538 401 1604 ll.
421 1537 490 1605 Sub
504 1536 749 1606 ordinationum
764 1539 1027 1630 particularium
1050 1541 1200 1610 membro
1214 1541 1354 1608 veniunt
1376 1538 1442 1607 illa

316 1645 476 1736 epistole,
487 1646 607 1736 quibus
623 1647 765 1714 Romani
782 1648 956 1718 Pontifices
972 1647 1169 1740 respondent
1182 1659 1239 1717 aut
1253 1648 1443 1739 supplican-

318 1753 405 1820 tibus
426 1776 487 1845 pro
502 1754 612 1843 aliqua
631 1757 750 1842 gratia,
766 1764 823 1825 aut
839 1757 1054 1826 referentibus
1071 1757 1110 1826 de
1127 1757 1316 1848 particulari
1330 1756 1443 1846 aliquo

316 1861 456 1948 negotio,
474 1870 530 1927 aut
551 1861 800 1952 dispositionem
816 1864 961 1956 aliquam
978 1887 1038 1956 pro
1055 1887 1089 1932 re
1109 1864 1296 1934 transitoria
1310 1874 1369 1932 aut
1384 1887 1443 1955 pro

317 1974 445 2062 privata
464 1995 601 2064 persona
622 1975 873 2065 postulantibus.
891 1974 1089 2066 Hujusmodi
1111 1975 1256 2066 epistolar
1274 1975 1443 2066 Rescripta

316 2089 483 2148 vocantur.
512 2081 673 2151 Dicuntur
703 2083 802 2150 etiam
831 2083 1029 2174 diplomata,
1059 2106 1097 2152 eo
1121 2083 1207 2174 quod
1237 2081 1442 2150 membranae

317 2187 437 2278 quibus
453 2187 677 2256 inscribuntur
691 2191 725 2256 in
742 2191 824 2258 dues
839 2190 937 2281 plicas
951 2190 1100 2259 contrahi
1113 2190 1248 2258 soleant.

843 2475 919 2566 gn.

656 2663 740 2714 Varie
756 2663 858 2728 speclea
878 2662 963 2726 quoad
980 2661 1099 2712 turmam.

365 2841 400 2908 Si
415 2839 455 2908 ad
479 2840 622 2908 formam
638 2841 834 2924 attendatur,
852 2863 968 2910 omnes
990 2839 1220 2909 Romanorum
1244 2837 1442 2928 Pontificum

317 2949 434 3017 litterae
450 2948 490 3016 de
511 2949 608 3018 rebus
630 2949 855 3018 ecclesiasticis
877 2956 1066 3033 statuentes,
1084 2946 1207 3039 duplici
1232 2947 1333 3014 classe
1350 2971 1444 3016 com-

318 3057 580 3149 prehenduntur,
608 3057 774 3125 bullarum
805 3058 926 3126 scilicet
953 3067 984 3124 et
1014 3055 1170 3124 brevium.
1201 3053 1326 3124 Omnes
1352 3055 1442 3123 enim

317 3166 434 3234 litterae
459 3165 633 3257 pontificiae
655 3185 730 3256 quae
751 3189 816 3233 uon
839 3176 917 3234 sunt
936 3165 998 3232 sub
1021 3164 1128 3233 lorma
1148 3162 1261 3249 buttae,
1278 3172 1356 3230 sunt
1382 3163 1444 3230 sub

317 3273 426 3340 forma
439 3272 561 3360 brevis,
576 3281 608 3339 et
622 3273 692 3340 vice
708 3295 813 3341 versa.
832 3273 878 3340 De
894 3282 1033 3362 utraque
1049 3271 1157 3338 forma
1170 3270 1326 3361 quadam
1340 3291 1443 3360 expo-

318 3402 436 3449 nemus
451 3404 526 3471 quae
540 3380 624 3470 juris
640 3380 786 3449 canonici
797 3380 959 3449 studiosos
975 3379 1127 3470 ignorare
1144 3401 1210 3445 nou
1226 3375 1328 3445 decet.

869 3656 895 3725 1.

320 3824 355 3876 De
368 3805 474 3876 nomine
488 3823 575 3888 bullis,
588 3823 620 3874 de
637 3821 720 3873 torma
736 3821 820 3872 bullas
837 3821 1022 3884 constituente,
1035 3823 1061 3871 et
1073 3833 1089 3870 a
1103 3835 1153 3886 quo
1162 3777 1285 3886 ¹tompore
1303 3821 1446 3874 invaluerit

800 3911 856 3962 lroeo
871 3912 960 3961 torma.

365 4093 395 4156 1.
411 4089 461 4158 lle
476 4084 677 4180 etymologia
692 4084 780 4153 vocis
799 4083 899 4152 huuae
923 4083 1091 4174 disputant
1111 4083 1245 4154 eruditi.
1265 4084 1333 4152 Alii
1350 4086 1445 4154 illam

318 4197 469 4268 derivant
484 4221 502 4265 a
516 4194 676 4266 vocabulo
695 4203 909 4283 gramenta,
926 4194 1084 4285 uuusper
1099 4193 1276 4284 depravato
1300 4217 1361 4286 per
1382 4197 1446 4266 ad..
