3048 4954
772 819 915 890 CAPUT
943 821 985 888 11.

470 1031 603 1086 QUEM!
632 1031 679 1077 Sl'l'
713 1032 807 1077 suern
834 1031 917 1077 tuma
941 1030 1104 1077 anacteum
1129 1031 1220 1077 NOTlO
1247 1033 1284 1090 ET

800 1142 963 1188 numatam.

356 1326 450 1396 Circa
471 1325 605 1396 modum
630 1323 835 1416 intelligendi
857 1324 912 1415 jus
934 1324 1128 1393 canonicum
1155 1323 1296 1394 ecclesiis
1316 1323 1434 1393 Galliae

309 1436 493 1527 proprium,
510 1433 674 1526 plurimus
696 1432 837 1501 invaluit
851 1453 956 1501 error.
979 1431 1122 1514 Quidam
1145 1432 1234 1502 enim
1249 1435 1433 1518 tinxerunt,

312 1545 346 1608 1ο
357 1541 411 1632 jus
426 1541 626 1632 gallicanum
650 1563 717 1610 non
741 1540 801 1608 niti
816 1540 1005 1609 auctoritate
1020 1540 1140 1608 summi
1167 1540 1347 1628 Pontificis‚
1375 1543 1435 1610 sed

312 1655 396 1718 stare
421 1650 642 1742 perseipsum
668 1650 822 1735 firmum3
848 1651 881 1716 2⁰
908 1647 1004 1716 ulem
1030 1671 1099 1716 csse
1124 1647 1219 1717 istius
1239 1648 1324 1740 juris
1349 1647 1432 1736 vim,

310 1766 347 1825 ut
361 1780 427 1826 uon
443 1757 547 1849 possit
561 1779 581 1824 a
594 1757 685 1848 Papa
701 1756 864 1824 infirmari
878 1783 887 1842 ;
908 1759 941 1823 3⁰
954 1757 1034 1825 huic
1054 1755 1124 1848 juri
1141 1756 1244 1826 multa
1259 1780 1435 1826 annexue-

265 1921 268 1934 ,
312 1874 403 1954 runt,
420 1889 495 1958 quae
520 1887 584 1934 non
606 1865 695 1957 jura,
717 1863 773 1933 sed
799 1863 931 1955 injuriae
952 1887 1031 1956 erga
1049 1865 1226 1936 Ecclesiam
1251 1871 1435 1957 reputanda

314 1983 407 2070 sunt5
427 1977 460 2040 4⁰
476 1973 608 2042 tandem
624 1972 705 2042 falso
719 1972 844 2064 opinati
860 1981 950 2061 sunt,
967 1974 1008 2043 ad
1028 1973 1088 2065 jus
1108 1973 1305 2064 gallicanum
1328 1976 1435 2066 perti-

312 2102 390 2150 nere
405 2091 546 2173 quatuor
560 2080 715 2150 articulos
731 2080 865 2150 lamosae
879 2079 1105 2151 declarationis
1118 2082 1197 2148 anni
1213 2085 1309 2150 1682.
1329 2082 1436 2152 Porro

312 2189 567 2281 haecquatucra
582 2195 667 2257 recta
690 2189 822 2257 notione
841 2188 927 2279 juris
955 2188 1106 2278 gallicani
1129 2189 1328 2258 removenda
1342 2201 1431 2260 sunt.

360 2302 390 2364 1⁰
403 2298 464 2367 Jus
479 2296 675 2388 gallicanum
700 2304 785 2365 recte
809 2295 1010 2366 intellectum
1033 2320 1099 2366 non
1120 2297 1209 2366 aliud
1228 2321 1297 2367 esse
1313 2305 1432 2390 potest,

312 2429 412 2499 quam
432 2406 488 2498 jus
509 2405 700 2474 auctoritate
726 2405 849 2474 summi
872 2405 1040 2474 Pontificis
1055 2406 1183 2474 nixum
1206 2405 1290 2476 Nam
1306 2429 1365 2498 per
1376 2407 1435 2498 jus

310 2515 508 2605 gallicanum
539 2535 605 2582 nou
633 2522 736 2604 potest
764 2522 849 2582 recte
879 2513 1019 2604 intelligi
1046 2515 1109 2582 nisi
1129 2515 1184 2607 jus
1207 2515 1340 2606 aliquod
1359 2515 1434 2606 juri
1514 2585 1515 2592 χ

311 2623 476 2692 communi
491 2621 653 2710 derogans
667 2631 697 2689 et
712 2621 882 2713 proprium
898 2620 1042 2721 ecclesiis
1055 2621 1170 2691 Galliae
1188 2646 1197 2686 t
1216 2623 1243 2690 si
1261 2623 1348 2691 cuim
1364 2647 1433 2693 non
1514 2637 1515 2644 ’

312 2731 483 2820 derogaret
507 2728 577 2820 juri
603 2729 782 2816 communi,
813 2751 888 2798 cum
917 2730 988 2822 ipso
1017 2729 1284 2816 contunderetur,
1311 2739 1342 2798 et
1364 2754 1433 2800 uon

311 2847 419 2933 posset
434 2838 501 2907 dici
526 2837 742 2906 Gallicanum.
772 2837 837 2906 Sed
860 2862 960 2931 supra
983 2840 1156 2932 probatum
1182 2848 1241 2928 est,
1264 2841 1436 2932 quodlibet

309 2949 365 3040 jus
378 2947 540 3035 derogans
552 2945 621 3037 juri
634 2947 801 3014 communi
823 2948 1004 3017 necessario
1028 2949 1089 3016 niti
1111 2949 1298 3018 auctoritate
1311 2950 1435 3018 summi

314 3054 493 3140 Pontificis,
510 3062 541 3122 et
557 3054 619 3122 nisi
635 3053 760 3121 nitatur
786 3055 848 3124 hac
872 3057 1074 3144 arroteritae,
1096 3079 1167 3125 esse
1188 3057 1249 3126 hoc
1273 3057 1344 3149 ipsc
1357 3057 1437 3125 uul-

315 3165 404 3252 lum;
421 3187 500 3254 ergo
512 3174 544 3232 et
555 3164 610 3255 jus
624 3162 821 3253 gallicanum
840 3188 879 3234 ex
894 3165 954 3234 hac
970 3167 1170 3254 auctoritate,
1188 3165 1222 3234 id
1242 3177 1301 3254 est,
1318 3189 1358 3234 ex
1373 3165 1437 3234 dc·
1514 3181 1515 3214 r

315 3275 424 3362 cretis,
442 3274 493 3342 vel
505 3295 664 3342 consensa
679 3294 834 3364 expresso
849 3282 906 3341 aut
921 3274 1017 3343 tacito
1033 3275 1153 3343 summi
1170 3273 1346 3361 Pantilius,
1365 3275 1436 3344 vim

315 3408 409 3454 suam
426 3383 557 3453 haurire
571 3381 771 3451 censendum
786 3391 844 3452 est.

362 3503 395 3566 2·
413 3497 521 3588 Supra
540 3496 636 3564 etiam
653 3495 828 3587 probatum
854 3503 914 3583 est,
937 3495 1060 3587 Papam
1083 3518 1175 3588 posse
1194 3494 1250 3587 jus
1271 3495 1436 3564 nationale
1514 3491 1515 3556 l

316 3606 545 3701 quodcumque
568 3603 709 3673 irritare.
737 3604 807 3672 Imo
835 3603 962 3671 etiamsi
981 3603 1222 3671 intercesserint
1241 3604 1439 3672 concordata

313 3717 367 3808 jus
394 3711 555 3782 nationale
575 3709 708 3803 aliquod
736 3710 976 3799 constituentia,
1005 3710 1120 3780 docent
1148 3719 1294 3780 auctores
1325 3711 1435 3798 multi,
1514 3723 1515 3804 t

315 3827 439 3915 Papam
455 3820 623 3913 promissis
647 3818 716 3887 suis
734 3842 799 3888 uon
819 3819 934 3904 teucri,
952 3818 991 3907 si,
1012 3819 1143 3888 mutatis
1165 3819 1435 3906 circumstantiis,
1514 3805 1515 3820 ¹

316 3931 544 4002 rescissionem
559 3927 830 3996 concordatorum
845 3950 883 3995 ex
888 3935 999 4019 poscat
1013 3925 1183 4017 religionis
1197 3927 1331 3996 utilitas.
1346 3925 1438 4017 Ergo
1514 4005 1515 4026 χ

314 4045 370 4133 jus
398 4037 597 4130 gallicanum
622 4044 706 4103 recte
733 4034 932 4102 intellectum
964 4043 1109 4103 remanet
1132 4057 1260 4127 semper
1287 4035 1437 4104 aarctori-
1514 4029 1515 4032 '

317 4151 373 4218 tati
388 4154 507 4216 sanctae
528 4141 623 4210 Sedis
647 4139 826 4233 subjectum
853 4151 884 4210 et
906 4165 963 4234 per
987 4165 1058 4212 eam
1074 4143 1295 4212 auctoritatam
1313 4142 1437 4210 rescin·
1514 4217 1515 4232 χ

318 4256 429 4330 dibile.

626 582 630 593 ,
668 533 841 582 cancarrus
864 533 901 580 cn
924 533 1078 581 rnrnmrus

1514 2593 1515 2636 t
