3022 4950
419 967 880 1094 PROOEMIUM.

137 1669 182 1737 In
200 1664 296 1738 votis
314 1663 409 1736 mihi
433 1671 511 1736 erat
534 1661 868 1759 quamplurimum,
893 1664 1099 1736 secundam
1125 1684 1211 1760 pro-

87 1802 168 1874 dire
193 1801 351 1896 hujusce
377 1807 554 1872 tractatus
582 1797 804 1892 editionem;
830 1821 873 1872 ea
898 1797 1039 1871 scilicet
1061 1797 1212 1894 potissi-

87 1963 198 2012 mum
215 1941 261 2013 de
278 1961 402 2027 causa,
425 1961 538 2034 quarn
559 1937 600 2010 in
622 1935 754 2034 prioris
772 1937 945 2010 editionis
963 1937 1138 2035 prooemio
1160 1937 1211 2007 sic

88 2077 323 2176 exponebam
349 2101 355 2148 :
388 2103 404 2142 «
435 2077 517 2148 Non
544 2083 589 2166 te,
613 2077 726 2148 lector
751 2075 942 2166 benevole,
965 2073 1213 2172 proloquendo

92 2243 107 2278 n
137 2209 358 2301 detinerem,
380 2209 455 2282 nisi
470 2209 642 2306 quendem
668 2215 801 2306 preeter
818 2208 1132 2308 exspectationem
1151 2231 1214 2281 co*

91 2379 106 2412 a
138 2353 247 2443 geret
273 2345 486 2418 necessitas,
507 2347 606 2418 Dum
630 2343 772 2418 scilicet
793 2343 944 2418 Parisiis
968 2345 1216 2419 excuderetur

95 2511 111 2546 r
142 2487 324 2555 tractatus
339 2481 412 2569 hic,
428 2503 496 2578 ego
511 2501 598 2554 vero
613 2483 737 2554 Romae
751 2479 937 2578 degerem,
956 2480 1094 2554 menda
1111 2487 1217 2576 typo-

95 2646 111 2684 «
141 2616 325 2714 graphice
342 2639 418 2688 non
434 2617 535 2713 potui
560 2615 639 2714 ipse
657 2616 857 2712 corrigere3
879 2637 948 2689 nec
970 2617 1015 2688 de
1041 2613 1216 2689 commit-

98 2781 113 2818 «
145 2752 259 2825 tenda
285 2752 392 2825 alteri
417 2753 487 2825 hac
514 2773 616 2842 cura,
638 2757 681 2824 ut
706 2773 771 2848 par
793 2757 881 2841 erat,
911 2749 1001 2824 satis
1027 2751 1218 2849 provisum

99 2917 113 2953 r
144 2896 215 2961 est.
248 2919 263 2954 o
293 2890 519 2985 irrepserant
549 2893 675 2960 autern
703 2886 811 2960 istius
839 2887 938 2960 modi
966 2887 1114 2978 menda,
1143 2905 1219 2958 non

96 3045 218 3121 pauca
232 3029 268 3095 et
286 3023 396 3114 levia,
418 3023 483 3096 sed
509 3019 810 3118 frequentissima
827 3027 863 3094 et
881 3043 965 3117 quae
983 3020 1124 3119 passim
1142 3029 1221 3095 tex-

68 3221 73 3238 .
100 3171 180 3234 tum
209 3167 427 3234 truncarent
451 3181 678 3256 sensumque
704 3169 970 3257 perverterent.
998 3161 1071 3248 Qui
1097 3167 1223 3233 tamen

101 3299 282 3370 adversus
299 3319 419 3388 casus,
439 3319 515 3370 non
529 3297 672 3370 caeteris
688 3297 782 3369 meis
802 3297 1031 3387 tractatibus
1056 3297 1120 3369 sed
1134 3297 1223 3368 huic

99 3433 173 3505 soti
198 3433 345 3506 accidit.
370 3437 597 3531 Quapropter
620 3435 826 3530 scriptores,
846 3434 912 3530 qui
935 3456 1059 3508 meam
1084 3435 1223 3508 doetri-

101 3589 193 3639 nam
210 3567 257 3640 ad
274 3566 400 3640 crisim
420 3587 548 3641 vocare
568 3569 610 3642 in
626 3577 815 3668 posterum
832 3569 970 3660 volent,
991 3570 1101 3642 enixe
1121 3591 1219 3666 rogo,

101 3711 239 3778 utnon
258 3705 417 3800 priorem
439 3705 529 3800 jam,
549 3706 612 3778 sed
627 3706 866 3800 posteriorem
887 3706 986 3777 hanc
1006 3703 1219 3798 editionem,

103 3841 163 3912 oui
187 3839 494 3936 recognoscendae
521 3839 689 3912 sedulam
711 3839 852 3911 navavi
880 3861 1040 3936 operam,
1062 3840 1224 3934 allegare

105 3975 269 4046 faveant.
284 3975 334 4045 Eo
348 3974 409 4044 rei
421 3973 543 4069 magis
557 3973 665 4068 quod,
682 3981 762 4044 turn
777 3973 1013 4070 gravissima
1027 3977 1224 4070 questioni

107 4111 150 4182 de
169 4109 363 4203 antiquato
388 4130 452 4204 per
469 4109 731 4181 concordatum
755 4109 845 4181 anni
875 4109 981 4202 tem,
1004 4111 1122 4184 veteri
1143 4113 1229 4206 gal-

111 4245 232 4317 licano
255 4245 351 4338 jure,
379 4251 459 4316 tum
482 4243 666 4340 praecipue
691 4248 830 4340 quarte
853 4245 973 4340 parti,
993 4243 1057 4315 ubi
1081 4245 1125 4316 de
1143 4249 1231 4342 jore
