3042 4946
526 533 530 540 -
568 509 651 560 tants
674 513 824 562 canonici.
1194 495 1254 560 557

137 655 334 748 presbyterii
348 656 466 736 lomim,
480 668 517 722 ut
532 657 568 722 in
583 655 666 723 clera
676 675 813 746 prorsus
829 675 892 720 csse
906 653 1056 722 videatur
1069 681 1080 720 :
1092 677 1131 722 ne
1142 655 1175 721 in
1189 677 1257 723 una

140 764 273 832 ciuitate
286 762 351 831 duo
371 762 528 854 Episcopi
544 762 726 854 prodentur
741 763 885 830 existere.
905 761 968 831 Ubi
982 762 1112 831 videtur
1124 762 1256 853 Episco-

140 894 201 963 pus
215 870 413 940 Novatiauos
428 877 464 938 ut
483 869 590 939 valide
604 870 770 939 ordinatos
785 893 805 938 a
818 869 962 938 Concilio
977 869 1109 938 Nicaeno
1130 868 1256 939 habitos

140 979 253 1066 luisse,
269 987 302 1046 at
323 1000 389 1047 non
411 985 448 1046 ut
466 977 725 1068 jurisdictionem
746 977 846 1046 ullam
868 977 1033 1045 babentes.
1049 1015 1094 1028 -
1109 977 1173 1047 Sed
1188 978 1258 1046 cla-

140 1087 211 1154 rius
232 1087 339 1155 adhuc
362 1085 545 1156 Concilium
572 1085 811 1154 Antiochenam
835 1085 917 1175 (can.
944 1086 997 1170 10,
1023 1083 1144 1166 Labbe,
1166 1093 1190 1156 t.
1213 1088 1255 1172 ll,
1332 1155 1335 1161 ,

139 1217 174 1286 p.
196 1194 270 1283 566)
292 1222 299 1262 :
317 1194 344 1262 ii
357 1195 502 1285 quisunt
518 1193 554 1261 in
572 1193 649 1262 uicis
664 1195 716 1261 vel
725 1195 836 1286 papis,
853 1192 911 1284 qui
929 1191 1084 1260 dicuntur
1101 1192 1258 1285 Odorepi-

139 1301 240 1393 scopi,
263 1301 395 1369 etiamsi
414 1301 571 1393 Episcopi
589 1300 832 1370 ordinationem
854 1320 1053 1367 manuumve
1076 1300 1258 1392 impositio-

139 1433 217 1478 nem
243 1409 437 1503 acceperint,
458 1410 565 1478 ussum
590 1423 634 1478 est
656 1422 695 1479 ut
713 1432 810 1478 suum
839 1409 974 1478 modum
997 1409 1113 1490 sciant,
1139 1423 1169 1478 et
1195 1411 1258 1479 sibi

139 1518 303 1610 subjectas
316 1517 476 1586 Ecclesiae
491 1515 762 1587 administrent...
783 1521 848 1586 Nec
857 1517 1098 1609 presbyterum,
1112 1538 1169 1586 nec
1183 1517 1257 1587 dia-

140 1649 260 1694 conum
274 1625 427 1694 ordinare
437 1625 583 1695 audeant
596 1627 715 1717 absque
729 1625 818 1693 urbis
830 1625 1003 1716 Episcopo,
1018 1625 1072 1692 cui
1084 1625 1259 1717 subjicitur

140 1739 209 1828 ipse
224 1752 255 1806 et
270 1739 399 1829 cepio...
418 1741 493 1807 Fiat
518 1752 630 1808 autom
657 1737 908 1829 chorepiscopus
931 1737 973 1804 ab
992 1736 1154 1828 Episcopo
1179 1737 1257 1806 ciui-

141 1847 222 1914 tatis
236 1847 290 1914 cui
303 1846 489 1938 subjicitur.
507 1846 564 1916 Isti
579 1846 810 1938 Chorcpiscopi
832 1845 982 1915 ordinare
1001 1852 1147 1936 poterant
1167 1867 1257 1936 pres-

140 1955 288 2044 byteram
306 1976 385 2043 crgo
399 1962 491 2023 amnt
504 1976 580 2022 vere
594 1953 745 2044 Episcopi
761 1979 768 2020 :
787 1953 912 2020 nullam
928 1961 1037 2020 tamen
1049 1951 1257 2043 jurisdictio-

139 2085 216 2130 nem
230 2062 444 2154 episcopalem
459 2062 633 2148 habebant,
652 2059 814 2153 siquidem
829 2061 963 2127 omnino
982 2059 1141 2152 Episcopo
1166 2060 1258 2130 urbis

140 2171 406 2261 subjiciebantur.
423 2209 467 2224 -
480 2169 661 2239 Concilium
681 2167 899 2236 Laodiceuum
919 2167 987 2257 jam
1009 2177 1126 2257 quarto
1138 2169 1258 2239 saeculo

140 2277 186 2345 sic
202 2277 361 2348 statuebat
378 2305 385 2345 :
405 2279 478 2348 Non
505 2289 632 2369 oportet
654 2277 690 2344 in
710 2275 795 2344 uillis
817 2288 848 2343 et
870 2273 948 2342 aitis
971 2273 1147 2365 Episcopos
1167 2275 1257 2346 ordi·
1367 2371 1369 2374 Ι

140 2385 285 2468 nari...,·
297 2386 355 2453 isos
370 2399 482 2455 autem
493 2386 551 2476 qui
565 2385 705 2454 antebac
719 2382 865 2452 ordinati
877 2393 966 2463 sunt,
983 2381 1071 2448 ntttt
1082 2405 1178 2473 apere
1189 2385 1258 2454 sine

141 2495 337 2564 conscientia
373 2495 529 2587 Episcopi
557 2494 711 2563 ciuitatis.
753 2490 915 2560 Similiter
946 2490 1046 2559 ctiam
1079 2492 1262 2584 presbyteri

141 2602 230 2670 nibil
244 2603 311 2670 sine
330 2614 496 2694 praecepto
519 2615 549 2671 et
569 2600 702 2670 consilio
723 2598 879 2691 Episcopi
904 2610 1016 2688 apant.
1040 2599 1182 2689 (Conone
1204 2605 1257 2692 57,

141 2711 263 2797 Labbe‚
281 2719 311 2793 t.
327 2711 353 2796 l,
376 2709 435 2778 col.
464 2711 574 2801 1521.)
591 2747 635 2762 -
652 2710 723 2777 lmo
748 2706 881 2775 luerunt
906 2705 1085 2797 antiquitus
1108 2707 1259 2802 Episcopi

141 2817 184 2886 nd
197 2840 324 2886 merum
338 2818 494 2886 honorem
506 2819 620 2906 creati,
631 2817 711 2909 quin
724 2817 771 2884 eis
782 2814 834 2884 vel
850 2814 1024 2883 minimum
1040 2814 1260 2906 assignaretur

143 2931 342 2999 territorium
361 2930 396 2997 iu
411 2951 477 3020 quo
490 2925 751 3019 jurisdictionem
766 2929 964 2990 exercerent.
983 2919 1182 2994 &camenus
1197 2935 1262 2994 tres

142 3038 331 3130 hujusmodi
359 3044 517 3106 memorat
534 3034 647 3126 (nist,
668 3032 692 3099 l.
718 3036 749 3118 t,
776 3052 846 3121 cap.
875 3028 927 3119 31)
950 3056 958 3098 :
985 3033 1100 3099 Barses
1121 3032 1211 3115 item,
1230 3046 1261 3103 ct

142 3147 314 3238 Eutopius,
333 3144 538 3238 quiquidem
558 3142 655 3210 ambo
674 3139 887 3231 postmodum
902 3138 1059 3231 Episcopi
1072 3141 1174 3229 suere,
1193 3165 1259 3210 non

143 3241 287 3346 alicujus
302 3255 402 3336 urbis,
419 3255 476 3324 sed
493 3253 626 3322 donaris
650 3249 828 3319 dumtaxat
847 3270 958 3330 causa,
975 3260 1134 3340 tanquam
1149 3249 1196 3318 ad
1208 3273 1261 3318 re-

140 3363 313 3455 pensanda
322 3363 488 3455 preclara
503 3362 649 3452 ipsorum
658 3357 810 3449 [adnare
824 3355 860 3423 in
873 3355 939 3422 suis
952 3357 1158 3424 monasteriis
1171 3357 1262 3426 ordi-

143 3473 227 3540 nati.
249 3475 320 3556 Quo
338 3471 469 3563 quidem
493 3469 589 3538 modo
615 3468 715 3536 etiam
738 3470 897 3546 Lazarus,
915 3463 955 3532 de
974 3487 1037 3555 quo
1060 3487 1160 3557 supra
1176 3466 1258 3549 dici,

144 3581 325 3674 Episcopus
344 3580 423 3671 suit.
441 3617 486 3632 -
500 3579 581 3646 Item
602 3577 637 3643 in
660 3574 804 3644 Concilio
829 3571 994 3663 Ephesino
1013 3571 1143 3662 (Labbc,
1161 3583 1185 3642 t.
1204 3575 1260 3661 Ill,

144 3689 205 3757 col.
232 3689 306 3779 663)
325 3694 548 3756 memorantur
567 3683 718 3776 Episcopi
740 3681 808 3748 sine
829 3679 959 3747 dioeccsi
981 3688 1013 3748 et
1038 3681 1106 3747 sine
1128 3683 1261 3774 popula,

144 3819 227 3888 quos
242 3795 386 3888 synodus
404 3801 495 3864 vocnt
515 3805 670 3872 catones,
688 3791 817 3871 otiosos,
836 3785 1033 3877 cratonisque
1045 3800 1201 3858 carentes.
1218 3827 1263 3844 «-

146 3905 283 3974 Sanctus
312 3905 489 3973 Anselmus
517 3899 760 3971 Cantuariensis
790 3895 1056 3966 consuetudinem
1086 3899 1263 3989 reprehen-

146 4013 194 4081 dit
220 4014 300 4082 talcs
325 4011 543 4081 constituendi
565 4010 633 4078 sine
655 4007 747 4099 plebe
774 4005 967 4097 Episcopos;
991 4012 1041 4072 ast
1059 4027 1113 4073 eos
1131 4015 1168 4075 ut
1187 4031 1262 4076 vare

147 4122 323 4213 Episcopus
339 4119 554 4188 nihilominus
577 4115 673 4184 habet
691 4141 698 4181 :
715 4116 830 4182 Honor
844 4135 971 4204 quoque
992 4111 1181 4205 episcopalis
1201 4138 1265 4183 nort

141 4251 268 4326 parum
283 4229 416 4310 vilescit,
434 4227 514 4296 dum
539 4226 565 4293 is
587 4223 633 4292 ad
647 4221 882 4316 pontificatum
902 4219 1081 4288 assumitur
1094 4223 1152 4314 qui
1171 4222 1265 4314 ordi-¹
