3068 4948
570 512 652 558 struis
675 513 825 558 canonici.
1196 491 1256 554 317

142 650 240 719 elesia
259 651 403 744 jndicem
427 651 593 740 adeamus,
616 661 648 721 et
663 653 690 720 si
710 653 821 722 tulerit
834 651 1038 736 seutentiam,
1056 670 1184 718 causam
1200 672 1259 740 pro

143 759 237 827 linita
260 759 417 829 habeatis.
444 759 553 830 ludex
576 759 631 829 ille
653 783 827 853 supremus
850 782 917 829 non
939 767 1042 852 potest
1062 781 1132 827 esse
1151 758 1262 827 eonci-

142 865 226 934 lium
252 867 487 936 mrumeniuum
521 867 777 960 independenter
804 891 824 936 a
850 867 963 959 Papa;
993 865 1071 958 quia
1096 865 1260 936 decretum

143 975 261 1067 synodi
284 977 492 1046 aecumenica
517 978 580 1046 nisi
602 1001 622 1046 a
641 977 731 1070 Papa
751 979 963 1046 confirmetur
978 975 1045 1044 vim
1062 998 1128 1044 non
1142 975 1257 1063 habet;

143 1093 176 1151 et
198 1083 311 1154 saltem
335 1083 468 1154 dubiam
492 1106 660 1154 remanere
680 1085 748 1153 vim
769 1083 860 1152 illam
883 1091 994 1176 utpote
1018 1090 1259 1152 controversam

143 1192 292 1284 vosipsi
319 1192 533 1262 confitemini.
564 1193 652 1282 Ergo
673 1190 776 1284 judex
799 1191 853 1260 ille
883 1213 1056 1282 supremus
1086 1199 1133 1258 est
1157 1190 1259 1282 Papa,

142 1299 241 1368 etiam
267 1301 356 1370 solus
381 1303 428 1392 (ut
451 1300 524 1369 diso
545 1301 633 1390 ego),
658 1323 732 1368 eum
756 1300 891 1369 coneilio
914 1299 1113 1368 meumenico
1134 1307 1191 1367 aut
1211 1299 1260 1366 si-

142 1407 245 1476 lentio
268 1407 421 1477 Ecclesia
445 1409 614 1500 dispersas,
641 1414 678 1476 ut
704 1431 762 1477 vos
789 1407 924 1498 lingitis.
953 1407 1058 1476 Porro
1082 1429 1141 1498 per
1167 1429 1260 1476 suam

142 1516 263 1606 agendi
292 1517 451 1586 rationem
480 1526 512 1586 et
544 1517 672 1586 decreta
701 1517 803 1586 multa
833 1517 972 1587 Romani
999 1516 1171 1586 Pontifices
1199 1517 1261 1586 sibi

143 1624 354 1696 vindicarunt
376 1635 407 1694 et
430 1635 553 1696 eertum
579 1626 786 1696 declararunt
802 1627 857 1718 jus
879 1649 975 1695 suum
997 1625 1037 1694 de
1057 1625 1260 1694 conferendis

144 1731 325 1820 benefieiis,
353 1741 385 1803 et
407 1734 478 1802 haee
501 1732 648 1804 doctrina
670 1742 702 1802 et
722 1734 834 1826 praxis
856 1757 915 1826 per
937 1733 1033 1824 plura
1053 1733 1171 1803 saeeola
1186 1735 1260 1804 uni-

144 1843 316 1912 versaliter
341 1850 468 1934 recepta
488 1851 556 1922 est.
584 1851 615 1910 et
640 1842 673 1910 iu
699 1840 835 1910 concilio
859 1841 1059 1910 teeumeoiro
1082 1840 1261 1911 Viennensi

144 1973 334 2042 expressam
361 1973 460 2042 supra
486 1951 670 2020 retulimus.
698 1949 838 2018 Finitum
863 1971 932 2018 esse
956 1973 1086 2018 oausam
1112 1973 1170 2018 cur
1196 1973 1260 2019 non

145 2058 362 2128 concluditis‘.l

656 2267 676 2357 ἓ
699 2266 755 2334 nr.

226 2493 265 2541 tn
277 2489 393 2542 exitiales
405 2490 554 2556 reputandas
569 2490 619 2540 sint
632 2489 773 2554 pontificio
786 2489 973 2540 benafletorum
987 2489 1185 2540 susurrationes.

193 2723 331 2809 Quando
352 2725 392 2792 de
416 2725 587 2794 reservatis
610 2723 685 2792 Sedi
702 2713 897 2814 Apostolieas
917 2722 1149 2790 beneficiorum
1164 2723 1261 2790 eolla-

148 2834 292 2903 tionibus
325 2835 538 2925 quaestionem
568 2832 733 2921 attingunt
758 2831 943 2922 janseniani
972 2839 1135 2918 auctores,
1166 2840 1263 2924 atque

148 2942 245 3010 etiam
272 2940 421 3031 gallicani
447 2940 630 3031 systematis
655 2961 720 3007 non
747 2939 853 3030 panni,
878 2961 932 3006 eos
953 2939 1061 3007 statim
1084 2938 1194 3007 videre
1216 2948 1263 3007 est

149 3072 216 3118 non
239 3049 409 3133 disserere,
435 3047 491 3114 sed
517 3046 719 3114 debacchari.
749 3045 839 3114 Adeo
867 3046 912 3114 eis
938 3045 1127 3137 pestiferum
1154 3068 1264 3114 mons-

150 3167 238 3224 trum
263 3163 311 3224 est
332 3154 503 3246 disciplina
528 3154 594 3241 illu,
621 3161 656 3222 ut
679 3175 745 3222 non
763 3162 889 3220 matrim
905 3153 1037 3240 abusus,
1057 3153 1113 3222 sed
1128 3175 1196 3221 rem
1212 3156 1264 3245 ip-

151 3289 220 3334 sam
249 3265 289 3333 de
316 3261 422 3331 medio
449 3264 482 3329 in
511 3271 669 3330 aeternum
700 3260 874 3329 tollendam
904 3261 1090 3329 inclament.
1120 3261 1169 3328 Ex
1199 3285 1265 3353 quo

151 3373 277 3462 ingenti
293 3380 387 3456 aestu,
401 3369 469 3461 jam
485 3369 557 3437 viro
573 3368 729 3437 catholieo
744 3368 942 3437 subodornre
959 3368 1043 3454 lieet,
1059 3367 1182 3458 aliquid
1199 3391 1265 3437 non

153 3503 263 3574 parvae
279 3479 427 3548 utilitatis
442 3487 473 3546 et
488 3477 638 3544 efficacius
654 3477 714 3545 sub
730 3500 776 3563 re,
798 3477 1025 3567 systematihus
1040 3476 1183 3545 erroneis
1198 3486 1263 3545 tam

153 3612 273 3674 exosae,
297 3588 406 3656 latere.
433 3585 565 3653 Abusus
587 3583 718 3676 quidem
741 3607 799 3676 pro
815 3607 926 3653 rerum
942 3585 1089 3652 omnium
1105 3584 1265 3653 humana-

153 3721 227 3766 rum
244 3695 418 3785 fragilitate
434 3692 609 3784 aliquando
624 3692 790 3782 irrepsisse
805 3700 901 3782 negat
916 3691 1037 3759 nullus.
1054 3693 1173 3774 Quanti
1188 3715 1265 3762 vero

153 3804 286 3889 luerint,
310 3823 462 3870 cavense
482 3801 668 3868 memoratis
683 3799 870 3868 atretoribus
884 3799 1056 3884 seiseitari;
1080 3801 1265 3868 veritatem-

154 3935 216 4004 que
231 3911 338 4004 potius
351 3911 392 3978 ab
408 3910 486 4001 ipsis
503 3908 723 3977 monumentis
736 3907 879 3976 haurias.

198 4021 279 4090 Rem
304 4019 407 4110 ipsam
431 4041 500 4086 esse
521 4018 554 4085 in
577 4039 610 4084 se
630 4017 749 4084 bonam
772 4022 801 4084 et
822 4015 976 4084 Ecclesiae
996 4037 1123 4085 summe
1138 4018 1264 4107 utilem,

156 4127 292 4196 suadent
307 4126 447 4194 rationes
462 4124 685 4194 validissimae.

199 4233 351 4304 Ecclesiae
366 4253 570 4324 summopere
584 4231 716 4298 interest
730 4239 766 4299 ut
781 4230 890 4298 omnia
904 4230 982 4300 oleri
999 4231 1145 4300 membra
1159 4240 1267 4302 neutro
