3064 4952
275 461 338 528 '154
629 481 802 526 reserares
827 481 864 525 oa
886 478 1040 526 rnrncrrus

274 619 439 705 audacior,
456 629 487 688 et
502 619 600 687 nimis
614 621 762 688 tribuens
776 619 894 688 Joanni
909 618 1043 704 Dallaeo,
1059 617 1211 686 haerctico
1225 617 1308 704 viro,
1326 641 1396 710 quo

275 729 311 795 in
326 729 387 796 ista
400 730 620 798 controversia
633 751 712 798 usus
726 737 785 796 est.
800 729 900 796 Docet
914 727 974 796 bos
989 749 1128 796 canonas
1141 749 1207 795 non
1223 749 1293 795 esse
1306 729 1396 794 auti-

274 837 405 927 quiores
420 838 539 907 secuto
561 846 664 924 sexto,
683 859 861 929 omnesque
874 857 943 905 esse
958 837 1154 929 suppositos.
1182 836 1242 904 His
1261 858 1396 928 prauo·

274 946 361 1030 tatis,
379 947 446 1014 sit:

320 1054 506 1125 Pnoeos1r10
524 1059 566 1124 1¹.
584 1095 629 1108 -
653 1058 797 1124 Canaces
818 1058 876 1147 qui
890 1055 1046 1124 ittuntur
1074 1053 1249 1146 Apostolici
1267 1055 1400 1145 proba·

278 1165 373 1234 bilius
386 1178 464 1234 ente
489 1167 633 1235 medium
654 1168 744 1234 tertii
766 1168 877 1236 sacmrli
897 1168 1031 1257 ficorum
1054 1164 1221 1256 incogniti.
1239 1203 1284 1216 -
1308 1163 1398 1232 Nam

274 1284 349 1342 aute
370 1297 494 1344 annum
523 1279 585 1341 258
603 1275 714 1342 nullus
745 1275 905 1367 reperitur
927 1297 967 1343 ex
984 1273 1136 1342 Patribus
1151 1281 1208 1341 aut
1222 1273 1399 1364 scriptori-
1517 1346 1521 1363 Ι

274 1381 348 1469 bus,
367 1383 424 1473 qui
449 1382 567 1450 horum
595 1406 755 1452 canonum
780 1383 976 1468 meminerit,
993 1381 1067 1449 licet
1082 1380 1254 1472 multiplex
1270 1379 1401 1448 occasio
1515 1444 1522 1487 Ε

275 1497 307 1555 et
327 1490 420 1580 quasi
446 1489 620 1558 necessitas
641 1490 784 1558 extiterit
800 1489 840 1557 de
862 1489 904 1556 iis
925 1490 1092 1580 loquendi,
1116 1488 1144 1555 si
1160 1486 1228 1555 noti
1244 1487 1397 1554 fuissent.
1516 1499 1523 1539 Ξ

275 1596 371 1663 Circa
387 1599 484 1665 finem
503 1596 637 1665 secundi
652 1598 762 1666 saculi
779 1620 897 1686 magna
911 1597 1033 1665 exarsit
1058 1595 1238 1664 Orientales
1264 1596 1350 1662 inter
1363 1603 1402 1662 et

278 1703 500 1774 Occidentales
524 1708 745 1775 controversia
765 1705 805 1774 de
819 1705 1013 1774 celebrando
1029 1705 1192 1795 paschate.
1210 1701 1402 1772 Contende-

277 1813 356 1880 bant
371 1813 563 1903 Orientales,
582 1837 657 1883 snas
670 1813 843 1904 allegando
863 1812 1065 1896 traditiones,
1091 1812 1210 1903 pascha
1224 1811 1398 1879 celebran-

277 1921 356 1988 dum
384 1945 452 1990 esse
478 1945 566 1991 more
580 1923 773 1993 Judaeorum
789 1923 915 1990 decima
929 1930 1044 2012 quarta
1056 1921 1135 1988 luna
1149 1920 1270 1988 mensis
1284 1920 1398 2011 primi.

277 2028 496 2098 Occidentales
518 2055 593 2099 cum
608 2031 741 2100 Victore
769 2031 867 2121 Papa,
895 2029 1003 2096 innixi
1027 2029 1124 2096 etiarn
1153 2026 1396 2112 traditionibus,

279 2159 344 2206 non
361 2139 590 2208 celebrandum
605 2163 678 2207 curn
699 2139 836 2223 Judaeis,
851 2136 906 2205 scd
923 2145 995 2229 post
1010 2137 1243 2230 aequinoctium
1256 2157 1399 2204 vernum

277 2247 473 2315 asserebant.
492 2249 594 2317 Porro
617 2248 645 2315 si
661 2269 799 2316 canones
815 2245 1048 2337 Apostolorum
1063 2244 1200 2313 fuissent
1217 2252 1296 2311 tunc
1312 2253 1400 2312 tem-

278 2357 369 2446 poris
383 2359 519 2448 cogniti,
536 2359 630 2428 facile
641 2359 754 2427 fuisset
765 2357 1026 2426 Occidentalibus
1037 2355 1217 2425 Orientales
1228 2353 1400 2422 confutare

172 2463 174 2466 ’
278 2466 418 2537 decisivo
434 2471 627 2560 allegatione
643 2468 777 2538 canonis
792 2467 934 2559 septimi,
948 2467 1005 2558 qui
1021 2466 1067 2534 sic
1081 2487 1114 2532 se
1128 2464 1225 2532 habet
1243 2487 1251 2526 τ
1270 2464 1400 2554 Siquis

277 2578 460 2668 Episcopus
476 2591 535 2646 aut
544 2577 716 2669 presbyter
731 2589 791 2644 out
807 2575 963 2643 diaconus
982 2587 1132 2642 sanctum
1154 2572 1242 2640 diem
1262 2573 1399 2640 Paschae

278 2697 354 2752 onte
362 2707 497 2752 venum
510 2685 739 2776 aequinoctium
752 2707 827 2752 cum
838 2683 960 2751 radas
969 2681 1187 2762 celebraverit,
1199 2680 1396 2773 deponatur.

279 2792 376 2858 Anno
391 2792 518 2858 circiter
536 2796 598 2858 258
616 2800 686 2860 orta
701 2801 748 2860 est
773 2791 909 2858 celebris
930 2789 1152 2858 controversia
1172 2787 1212 2856 de
1236 2787 1400 2879 baptismo

279 2899 427 2967 iterando
443 2901 483 2967 iis
497 2902 554 2992 qui
572 2925 613 2969 ex
635 2900 751 2970 haeresi
765 2899 1051 2968 convertebantur.
1068 2896 1255 2965 lterandum
1268 2904 1400 2966 sanctus

277 3007 463 3099 Cyprianus
477 3031 552 3077 cum
567 3008 733 3076 Africanis
753 3018 785 3076 et
799 3008 950 3076 Asiaticis
965 3006 1076 3075 multis
1090 3005 1207 3072 acriter
1223 3005 1398 3074 contende-

277 3116 343 3184 bat.
368 3116 515 3206 Negabat
532 3125 661 3184 sanctus
678 3115 863 3207 Stephanus
877 3116 987 3206 Papa:
1007 3115 1159 3204 utrinque
1181 3115 1400 3183 excutieban-

277 3237 332 3294 tur
347 3225 530 3294 traditionis
543 3233 763 3293 monumenta.
783 3224 886 3292 Porro
898 3231 965 3290 tote
979 3222 1087 3290 statim
1106 3223 1301 3291 concertatio
1316 3222 1399 3291 luis-

278 3343 326 3401 set
339 3333 379 3401 de
395 3333 659 3423 interpretatione
673 3354 836 3401 canonum
853 3330 1098 3422 Apostolorum,
1124 3331 1151 3396 si
1173 3331 1294 3420 cogniti
1317 3331 1399 3400 fuis-

279 3452 350 3511 sent
365 3452 395 3511 et
410 3443 640 3533 Apostolorum
656 3441 756 3510 habiti
765 3468 773 3528 ;
793 3463 895 3510 canon
905 3441 993 3507 enim
1009 3443 1048 3506 47
1066 3439 1110 3506 ita
1120 3461 1157 3506 se
1173 3439 1270 3507 habet
1287 3467 1294 3508 ι
1315 3441 1400 3532 Epi-

277 3574 390 3643 scopus
406 3562 466 3618 arrt
477 3550 657 3642 presbyter,
673 3550 787 3617 sicum
803 3546 1045 3639 quiescendum
1060 3546 1234 3614 veritatem
1247 3547 1400 3616 babuerit

279 3661 443 3751 baptisma
458 3657 563 3727 denuo
576 3657 804 3752 baptizaverit,
819 3657 1050 3747 eatpollctcm
1063 3655 1105 3722 ab
1116 3655 1228 3746 impiis
1237 3679 1303 3723 non
1318 3656 1401 3747 bap-

279 3768 442 3848 tizaverit,
466 3767 662 3858 deponatur,
688 3779 849 3857 tanquam
878 3763 1027 3832 deridens
1047 3785 1176 3831 crucem
1201 3777 1231 3832 et
1260 3777 1402 3832 mortem

277 3878 425 3958 Domini,
454 3899 512 3944 nec
533 3875 713 3944 sacerdotes
726 3899 748 3944 α
763 3875 857 3967 salsis
870 3873 1090 3942 sacerdotibus
1103 3876 1186 3966 jure
1205 3874 1398 3943 discernens.

278 3986 363 4054 Nota
376 4007 474 4077 porro
488 3993 536 4052 est
551 3983 677 4072 regulo,
694 3982 782 4074 apud
797 3983 924 4052 criticos
943 3983 1058 4050 merito
1073 3992 1213 4075 recepta,
1234 3982 1401 4053 silentium

279 4115 396 4184 nempe
409 4101 571 4179 veterum,
588 4091 623 4158 in
636 4113 672 4158 re
689 4092 800 4182 magni
817 4090 972 4159 momenti
991 4099 1023 4158 et
1044 4091 1084 4158 de
1100 4114 1164 4182 qua
1189 4091 1403 4183 multiplicem

279 4223 415 4293 eamque
436 4207 605 4292 urgentem
632 4199 817 4268 habuerunt
835 4197 991 4291 loquendi
1012 4199 1224 4286 occasionem,
1241 4219 1308 4268 esse
1323 4221 1401 4290 pro-
