3064 4952
488 499 570 546 runis
592 499 742 548 mucurcr.
1110 483 1171 547 213

72 662 85 698 ιι
106 637 293 728 apostolicas
316 638 493 730 publicare,
509 639 661 708 intimare
687 649 743 709 aut
763 647 971 731 praesentare,
989 641 1052 710 nisi
1066 642 1172 734 primo

73 771 86 806 ιι
107 744 276 836 impetrata
289 768 308 815 a
323 746 393 816 Tun
407 746 605 818 Celsitudine
627 747 769 836 licentia,
786 745 914 835 audiat;
929 747 1019 818 aliud
1034 758 1172 842 praetcr-

72 881 84 914 ι
104 877 139 922 eu
163 854 257 948 cnjus
283 855 397 948 rigore
418 856 570 928 officiales
591 858 640 926 tui
664 857 800 945 litteras,
817 879 899 948 quas
913 857 1013 948 vulgo
1036 859 1171 929 tuitione

70 961 278 1054 «appellant,
299 965 334 1034 in
355 965 461 1034 causis
484 965 728 1036 beneficialibus
753 965 940 1054 concedere,
964 988 1001 1036 ac
1025 967 1064 1037 de
1080 968 1175 1039 dictis
1273 968 1276 990 '

70 1071 206 1139 resinis
228 1095 262 1140 sc
283 1073 498 1144 intromittere
522 1081 746 1168 praesumunt3
768 1067 910 1165 revocet,
929 1088 1044 1165 cesset,
1068 1081 1174 1150 irritet

71 1187 132 1244 «et
155 1180 342 1250 annullet...
371 1184 490 1253 Datum
513 1184 628 1254 Romm
644 1183 732 1254 dies
757 1184 914 1253 februarii
931 1188 1027 1254 1486.
1054 1188 1173 1258 »Huic

67 1287 186 1375 urgenti
222 1290 393 1361 monitioni
425 1300 456 1362 et
488 1292 682 1385 injunctioni
719 1292 827 1386 paruit
857 1293 1066 1384 portugalliae
1100 1297 1173 1366 Rex

67 1391 198 1464 ioannes
212 1398 254 1486 ΙΙ,
270 1400 357 1492 quod
374 1399 421 1468 sic
436 1408 570 1470 testetur
588 1401 705 1470 Geraia
719 1401 759 1470 de
776 1399 941 1471 Resinde:
971 1403 1013 1472 Ut
1032 1403 1174 1474 obediret

68 1525 184 1572 summo
208 1507 365 1600 Pontifici
383 1521 543 1602 tanqum
564 1509 715 1602 princeps
738 1509 916 1578 catholicus
936 1521 967 1578 et
982 1511 1013 1578 ei
1026 1514 1173 1604 compla-

69 1625 153 1694 cerer,
167 1615 246 1705 fecit
260 1618 375 1686 omniu
398 1639 469 1710 qum
482 1618 524 1686 ab
540 1619 610 1710 ipso
620 1617 791 1710 postulata
815 1619 991 1709 mount...
1018 1621 1065 1689 Et
1083 1623 1125 1690 ab
1137 1645 1172 1691 eo

70 1731 202 1813 tempore
217 1747 317 1817 usqrre
331 1749 430 1810 nunc,
448 1727 497 1795 ita
509 1729 638 1818 suctum
651 1738 698 1796 est
715 1727 771 1816 (t).

105 1829 166 1900 Sed
198 1836 287 1926 quod
321 1835 503 1905 schismatis
541 1859 637 1906 cansa
672 1844 828 1927 emptum,
865 1850 974 1929 postea
1011 1837 1174 1908 sublatum

69 1937 175 2027 iuerat,
201 1943 321 2014 iterum
353 1945 557 2036 politicorum
586 1943 722 2032 artibus,
755 1945 883 2014 favente
899 1945 968 2036 jum
993 1954 1175 2038 protestan-

70 2047 166 2134 tuma,
192 2059 241 2119 est
268 2061 466 2122 revocatum.
493 2052 547 2122 Sic
570 2051 713 2122 Zaiwein
732 2079 740 2120 ε
762 2081 778 2116 ιι
801 2053 980 2122 Hortamur
1003 2053 1176 2125 catholicos

73 2167 140 2224 «nt
166 2157 254 2228 hunc
279 2169 444 2230 auctorem
480 2161 566 2252 (Van
594 2161 712 2252 Espen)
743 2169 835 2230 caute
866 2161 988 2251 legant,
1016 2163 1075 2253 qui
1100 2187 1176 2232 sanc

73 2293 85 2324 ιι
106 2269 287 2337 excessivos
302 2277 350 2338 est
364 2268 398 2336 in
419 2270 608 2338 extensione
623 2267 723 2360 hujus
736 2268 859 2360 placiti
871 2267 966 2359 reqii,
984 2277 1015 2336 et
1026 2269 1101 2360 jure
1116 2293 1176 2362 op-

73 2403 86 2436 ιι
107 2376 180 2444 timo
205 2376 269 2446 iilis
292 2378 507 2469 scriptoribus
529 2377 738 2446 adnumerari
766 2385 921 2464 meretur,
946 2377 1003 2468 qui
1092 2379 1176 2447 inte-

73 2512 85 2544 ι
109 2507 188 2554 resse
218 2487 386 2579 politicum
416 2488 512 2556 etiam
540 2487 773 2578 imaginarium
803 2496 877 2554 ante
898 2487 1009 2556 oculos
1046 2487 1179 2574 habent,

73 2621 85 2656 ι
106 2605 196 2687 atque
223 2597 283 2665 hac
302 2597 427 2667 ratione
442 2605 630 2690 potestatem
653 2596 900 2666 ecclesiasticam
918 2596 1019 2666 ferme
1034 2596 1077 2664 ad
1093 2596 1176 2666 inci-

73 2731 85 2766 ιι
107 2715 150 2771 us
176 2707 350 2796 redigunt3
373 2715 516 2776 econtra
544 2707 711 2799 politicam
745 2706 832 2775 ultra
860 2727 936 2774 suos
966 2707 1048 2774 tincs
1077 2729 1175 2798 quem

73 2837 86 2872 ιι
106 2811 288 2903 longissime
303 2815 484 2884 extendunt
498 2815 679 2907 (Principia
688 2814 781 2907 juris
792 2814 881 2896 ecel„
899 2820 923 2880 t.
942 2814 969 2900 1,
983 2836 1017 2906 p.
1035 2815 1177 2904 105).-

72 2947 86 2980 ι
105 2919 209 2990 Faetus
224 2922 431 3014 politicorum
446 2935 493 2992 est
506 2923 593 2992 istud
608 2921 761 3014 placitum
777 2921 920 3011 regium,
938 2922 996 3012 qui
1006 2921 1175 3008 adulandi,

74 3031 262 3121 «placendi,
285 3042 382 3126 atque
403 3033 643 3125 jurisdictionis
667 3042 698 3100 et
723 3031 865 3123 propriae
889 3039 922 3099 ct
936 3053 1072 3099 suorum
1087 3031 1178 3124 prin·

74 3163 86 3198 ιι
105 3140 254 3232 cipalium
284 3141 482 3234 ampliandae
511 3141 642 3226 studio,
671 3149 702 3209 et
729 3138 876 3208 fortassis
907 3139 1032 3208 occulto
1061 3138 1177 3226 livore,

74 3271 86 3306 ι
106 3247 228 3317 invidia
249 3259 281 3318 et
309 3251 397 3334 odio,
425 3271 491 3340 quo
507 3249 541 3316 in
555 3247 780 3317 auctoritatem
801 3245 1048 3316 ecclesiasticam
1065 3247 1177 3316 ierun-

73 3382 85 3416 ι
105 3365 166 3444 tur,
188 3358 297 3427 nescio
319 3381 394 3450 quae
418 3356 573 3449 pericula,
605 3355 796 3448 praejudicia
819 3363 851 3423 et
867 3353 987 3422 damna
1007 3355 1093 3423 bono
1117 3377 1178 3446 pu-

72 3489 84 3524 ι
105 3463 184 3534 blico
210 3465 382 3534 metuenda
403 3465 546 3555 fingunt,
568 3471 600 3532 et
614 3463 685 3532 suis
707 3462 910 3554 principibus
931 3461 992 3530 sub
1009 3462 1180 3553 speciosis-

71 3597 84 3632 ι
105 3574 192 3642 simis
208 3575 389 3643 rationibus
403 3582 478 3642 ante
492 3573 603 3642 oculos
617 3581 755 3664 ponunt.
782 3599 799 3636 n
819 3571 931 3662 (Ibid,
945 3595 978 3665 p.
1000 3572 1091 3663 379.)

104 3685 295 3776 Lugendum
319 3693 427 3753 autem
451 3684 542 3753 iilam
565 3683 732 3776 potestatis
758 3680 925 3750 saeculnis
954 3681 1178 3772 tyrannidem,

69 3799 154 3882 sune
177 3793 212 3860 in
239 3791 316 3884 jura
343 3791 495 3860 Ecclesiae
517 3789 735 3877 invasionem,
759 3812 826 3857 non
853 3796 980 3857 tontum
998 3788 1180 3878 legitimam

70 3909 245 3992 propugnat
259 3899 334 3969 Van
357 3900 477 3992 Espen,
494 3900 549 3968 sed
565 3921 626 3991 pro
640 3921 700 3968 suo
714 3897 868 3967 audacter
883 3894 1061 3966 mentiendi
1078 3919 1180 3985 more,

99 4165 127 4224 itt
141 4167 207 4216 inco
218 4179 297 4230 supro
308 4165 396 4225 citato,
406 4169 432 4214 et
446 4165 515 4228 apud
528 4162 690 4226 datisebrorr.
704 4161 811 4222 vindic,
824 4162 885 4214 diss.
899 4165 938 4222 tt,
956 4175 980 4211 e.
991 4164 1015 4222 t,
1030 4175 1056 4210 n.
1073 4165 1097 4224 t,
1111 4163 1128 4212 t.
1140 4162 1183 4222 lv,

74 4255 88 4302 r
109 4249 158 4309 ur,
171 4247 231 4300 ecit.
245 4248 367 4313 cesena,
378 4249 449 4298 irre.
