3022 4950
519 523 602 572 Juins
623 525 773 572 canonici.
1166 507 1204 572 ta

86 661 145 741 tio,
162 675 293 732 notura
305 686 493 755 conqruens,
508 662 627 757 diffuso
642 666 678 733 in
693 687 814 748 omnes,
831 677 862 732 et
878 677 1038 748 constans,
1058 688 1131 758 quae
1146 689 1202 736 oo-

87 779 142 835 cot
157 768 204 838 od
215 771 360 862 officium
373 771 533 864 jubendo,
552 771 692 842 vetando
769 771 912 842 Sanctus
927 772 1070 841 Thomas
1097 773 1142 864 (in
1156 774 1203 844 lV

84 875 179 944 Seni.
196 876 270 947 dist.
288 883 343 967 33,
357 889 419 948 art.
439 879 468 972 1)
491 881 691 952 :Naturalis
711 880 876 973 conceptio
898 878 990 948 omni
1007 879 1138 950 bomini
1152 881 1204 950 in·

86 983 171 1066 dito,
189 1009 254 1076 quta
272 986 429 1078 dirioitur
441 987 488 1056 od
500 987 706 1080 operandum
719 988 953 1071 convenienter,
971 989 1024 1056 lec
1039 990 1205 1058 naturalis

16 1181 18 1194 ἱ
85 1093 352 1184 seujusnoturae
367 1095 498 1164 dicitnr.
517 1095 561 1164 Et
571 1095 605 1163 in
626 1099 656 1164 1.
675 1100 708 1185 2,
725 1119 758 1188 q.
777 1099 831 1181 at,
854 1105 915 1164 art.
942 1100 974 1184 6,
990 1094 1060 1164 heeo
1076 1095 1111 1164 S.
1130 1097 1204 1166 Au·

16 1205 18 1232 *
86 1202 207 1289 gustini
225 1203 382 1290 [Confess.
414 1210 444 1274 θ.
467 1204 498 1296 l)
516 1205 617 1274 verba
637 1205 755 1294 allegat
773 1228 780 1270 :
801 1204 854 1272 lea
875 1217 935 1272 tuo
956 1205 1081 1296 soniste
1099 1218 1145 1274 est
1167 1208 1202 1276 in

86 1306 233 1376 cordibus
247 1310 461 1382 bominum...
488 1313 569 1396 Ques
584 1312 673 1380 enirn
687 1311 798 1382 scribit
813 1311 847 1380 in
864 1311 1013 1382 cordibus
1028 1311 1201 1383 bominum

16 1413 17 1418 ’
86 1420 274 1488 naturalem
287 1422 401 1513 leqem,
419 1423 483 1492 nisi
496 1426 606 1492 Dens?

128 1527 178 1596 Ex
193 1553 285 1600 sacra
297 1541 408 1602 autem
427 1532 596 1626 Scriptura
618 1531 660 1602 ed
683 1533 850 1602 notionem
867 1531 955 1625 juris
970 1535 1129 1602 naturalis
1147 1558 1198 1604 re-

85 1635 160 1706 ierri
175 1640 279 1708 solent
292 1649 463 1733 sequentes
488 1647 622 1710 textus:
645 1639 724 1724 Quis
739 1638 879 1708 ostendit
902 1640 992 1710 nobis
1013 1641 1120 1710 bono?
1142 1643 1198 1712 Si-

85 1761 222 1836 onutum
237 1763 283 1818 est
304 1771 402 1840 snper
422 1773 480 1818 rios
504 1751 614 1818 tomen
638 1749 748 1818 vultus
764 1747 826 1832 tui,
846 1748 987 1816 Domine
1012 1749 1143 1838 (Psalm.
1163 1756 1196 1837 l,

16 1891 17 1896 κ
86 1879 116 1923 v.
133 1857 179 1946 6).
197 1859 376 1928 -Gentes
398 1880 471 1949 quse
496 1859 600 1948 leqem
615 1879 681 1926 non
703 1856 834 1938 babent,
850 1857 1050 1924 naturaliter
1064 1880 1102 1926 eo
1125 1881 1198 1950 qua

84 1963 157 2052 trois
170 1977 249 2032 sunt
261 1965 431 2056 faciunt...
454 1963 633 2056 Ejusmodi
653 1964 757 2055 leqem
780 1986 846 2032 non
865 1963 1031 2051 lubentes,
1050 1965 1115 2056 ipsi
1136 1965 1199 2034 sibi

84 2085 154 2140 sunt
176 2073 271 2140 lea...
299 2072 477 2142 Ostendant
500 2095 580 2162 opus
604 2073 683 2163 leqis
708 2073 868 2164 seriptum
888 2071 925 2138 in
946 2072 1095 2142 cordibus
1116 2073 1194 2156 sctis,

16 2181 17 2228 ἒ
85 2179 305 2250 testimonium
334 2179 485 2248 reddente
507 2179 585 2272 ipsis
609 2180 803 2250 conscientia
828 2178 975 2271 ipsorum
1006 2181 1121 2272 (Epist.
1155 2180 1196 2248 ad

83 2285 175 2356 Rom.
192 2292 226 2374 2,
246 2291 312 2378 ll).

122 2397 170 2465 Ex
188 2398 334 2466 textibus
355 2397 420 2466 illis
440 2399 518 2466 satis
538 2405 624 2490 putet
645 2397 700 2491 jus
715 2399 863 2467 naturale
879 2423 1008 2492 semper
1020 2407 1052 2468 et
1065 2399 1107 2468 ab
1121 2424 1194 2470 om-

81 2503 174 2572 nibus
194 2503 343 2574 habitum
366 2506 464 2574 luisse
487 2513 643 2598 tanquam
667 2505 794 2598 aliquid
818 2515 978 2577 aeternum
993 2514 1024 2576 et
1039 2506 1196 2576 immuta-

79 2611 153 2699 bile,
170 2621 325 2706 tauquam
340 2615 493 2683 omnibus
504 2636 563 2707 per
576 2615 689 2683 lumen
701 2615 849 2684 naturale
862 2616 996 2685 rationis
1012 2617 1192 2708 cognitum,

78 2731 107 2788 et
122 2731 278 2815 tanquam
302 2747 321 2792 a
345 2723 412 2794 Deo
433 2711 593 2816 quatenus
621 2731 747 2793 natura
771 2724 925 2794 humanae
948 2738 1079 2795 auctore
1099 2725 1192 2794 deri-

81 2853 169 2899 vans.

118 2940 257 3022 Quando
273 2963 351 3012 vero
366 2951 513 3012 auctores
530 2940 634 3031 magis
650 2941 865 3012 determinate
886 2942 1050 3012 disserunt
1065 2943 1104 3012 de
1117 2945 1192 3036 jure

79 3050 227 3138 naturali,
254 3049 412 3142 quasdam
435 3059 567 3120 movent
596 3049 708 3139 magni
737 3051 894 3120 momenti
916 3051 1123 3142 quastiones,
1151 3055 1191 3122 de

78 3160 192 3250 quibus
217 3182 284 3231 non
306 3183 373 3230 una
397 3171 443 3228 est
470 3160 617 3229 omnium
643 3157 801 3228 doctrina.
824 3161 951 3228 Harum
970 3163 1189 3253 quaestionum

78 3266 307 3340 discussionem
321 3268 382 3337 boe
396 3267 510 3337 ordine
528 3267 735 3337 absolvemus
751 3295 758 3335 :
774 3271 806 3335 1⁰
823 3267 863 3336 de
878 3269 1018 3337 essentia
1028 3269 1114 3360 juris
1128 3292 1189 3338 na-

78 3377 203 3464 turalis;
222 3382 256 3446 2⁰
272 3377 312 3446 da
336 3377 438 3467 ipsius
460 3375 741 3467 promulgation03
768 3379 800 3442 3⁰
818 3376 858 3444 de
882 3376 985 3468 ipsius
1007 3378 1142 3447 materia
1157 3389 1188 3448 et

76 3483 341 3554 immutabilitate.

592 3701 660 3792 §n

432 3905 468 3957 De
482 3905 683 3972 jin-isnatusalia
695 3907 815 3958 essentia.

114 4139 142 4202 l.
159 4136 275 4206 Plures
298 4136 383 4228 juris
404 4135 509 4205 civilis
526 4134 666 4204 consulti
686 4143 810 4204 veteres
830 4139 1001 4206 essentiam
1019 4139 1101 4230 legis
1122 4165 1180 4213 na-

77 4245 180 4312 turalis
195 4244 394 4336 reponebant
410 4245 443 4312 in
457 4241 598 4333 quadam
615 4240 822 4310 inclinatione
836 4243 986 4334 potentiae
1003 4269 1061 4316 seu
1079 4248 1181 4319 lacul-
