3072 4948
552 481 633 528 sums
655 481 805 528 canonici.
1172 460 1233 524 363

121 617 195 715 ipso
217 620 374 692 naturalia
394 620 528 692 rationis
546 620 720 692 dictamine
735 621 939 714 prohibetur,
957 623 1004 690 ita
1017 627 1054 692 ut
1065 626 1236 710 teneantur

121 752 235 799 omnes
257 751 342 815 mm,
369 735 478 822 utpote
505 729 721 821 eorruptelam
744 737 776 797 et
797 730 936 800 abusum
959 731 1121 816 illicitum,
1144 728 1236 799 dese·

122 859 207 908 rere.
233 835 449 920 Quandonam
472 857 550 906 vero
571 835 770 906 consuetudo
795 837 837 906 sit
858 837 1060 908 rationabilis
1078 845 1111 906 et
1128 857 1235 930 quan-

121 943 243 1016 donam
263 943 506 1033 urauouabilis,
530 944 705 1038 aliquando
727 953 816 1016 eerto
839 945 1045 1031 discernitur,
1067 945 1123 1014 sed
1147 967 1235 1037 sepe

121 1054 220 1124 etiam
241 1052 380 1124 dubium
399 1075 468 1124 esee
488 1062 602 1148 potest.
630 1055 666 1124 ln
688 1055 815 1126 easibm
832 1054 941 1124 dubiis
958 1053 1075 1124 donent
1089 1075 1236 1124 eommu-

123 1161 210 1230 nitsr
233 1161 408 1232 canonista
424 1161 617 1232 decisionem
635 1184 704 1231 esse
723 1160 890 1254 judieibua
905 1160 1165 1252 relinquendam.
1192 1161 1236 1228 At

123 1268 227 1338 multa
251 1277 406 1361 tanquam
432 1278 518 1340 oerta
542 1271 627 1340 eirea
652 1269 924 1341 consuetudinum
949 1266 1233 1338 rationabilitatem

123 1375 208 1446 tradi
233 1386 265 1446 et
287 1378 420 1469 probari
445 1387 591 1470 possum.
618 1378 744 1448 Horum
768 1377 933 1470 praeeipua
953 1384 985 1446 et
1005 1398 1081 1468 que
1104 1373 1235 1444 utiliore

121 1483 217 1553 nobis
233 1483 302 1554 visa
315 1493 392 1554 snut
405 1485 615 1576 sequentibus
629 1484 903 1578 propositionibus
916 1469 1169 1577 expenduntur!

168 1590 350 1661 Paorosrrro
373 1595 415 1659 1¹.
432 1595 598 1662 -Potest
620 1593 733 1697 aliqam
755 1593 949 1664 eoruuetuclo
971 1591 1141 1662 densari
1157 1589 1235 1682 juri

123 1699 290 1768 cmnmuni
302 1700 521 1782 ecclesiastico,
538 1702 618 1794 puin
632 1714 744 1772 tamen
757 1704 800 1770 sit
814 1703 906 1772 mdo
920 1703 973 1772 uel
983 1699 1233 1774 irrationabilia..

123 1845 169 1859 -
181 1807 237 1878 Fet
252 1807 399 1878 doctriua
411 1820 499 1880 oerta
513 1819 544 1880 et
557 1819 650 1880 extro
666 1813 919 1882 controversiam
934 1833 1076 1881 omnem.
1103 1809 1157 1879 Sic
1171 1831 1236 1878 au-

124 1923 187 1984 tem
214 1918 344 2008 probari
370 1927 483 2012 potest.
513 1919 602 1988 Talis
626 1917 825 1988 consuetudo
851 1919 1032 1988 necessario
1058 1917 1235 1986 irrationa-

123 2025 198 2094 bilis
215 2031 307 2096 'esset
328 2027 380 2096 vel
402 2049 460 2120 per
485 2049 531 2115 se,
557 2025 608 2096 vel
631 2035 755 2098 tantum
771 2047 811 2094 ex
830 2047 869 2094 eo
883 2024 971 2117 quod
985 2023 1053 2116 juri
1068 2023 1234 2092 communi

122 2134 370 2214 adversaretur:
391 2138 482 2226 atqui
497 2142 648 2204 neutrum
664 2135 726 2204 diei
741 2141 855 2226 potest.
879 2138 909 2199 1⁰
922 2134 996 2202 Non
1012 2155 1070 2225 per
1085 2155 1118 2200 ae
1136 2159 1142 2198 :
1160 2131 1235 2200 lieet

123 2241 210 2309 enim
237 2240 291 2310 lex
313 2241 423 2332 aliqua
444 2241 657 2312 ecclesiastiea
680 2242 766 2312 bona
791 2243 833 2309 sit
856 2249 888 2310 et
911 2239 999 2310 utilis
1021 2247 1168 2331 respectu
1192 2236 1235 2304 ad

123 2349 367 2439 generalitatem
395 2350 558 2436 Eoolesiae,
587 2359 689 2443 potest
716 2359 823 2420 tamen
849 2348 1048 2419 consuetudo
1073 2345 1235 2416 contrariu

122 2456 242 2528 alieubi
267 2458 380 2549 vigens
401 2479 469 2526 esse
493 2458 603 2528 utilior
625 2458 659 2526 in
681 2459 742 2526 ista
767 2459 911 2550 regione,
934 2457 976 2526 ob
996 2455 1148 2549 speciales
1171 2455 1234 2522 eir-

123 2569 335 2640 oumstantias
358 2571 499 2663 quesibi
521 2570 739 2662 reperiuntur.
770 2571 810 2638 Et
830 2569 903 2638 lieet
924 2591 988 2638 non
1008 2575 1091 2636 esset
1111 2565 1232 2652 utilior,

123 2685 227 2768 potest
248 2687 356 2746 temen
377 2701 443 2746 non
463 2677 583 2746 esseio
603 2701 636 2746 se
652 2678 747 2746 mab.
777 2675 1058 2758 Quemadmodum
1073 2675 1164 2742 enim
1178 2674 1232 2742 lex

124 2808 208 2853 nova
221 2785 382 2876 abrogans
398 2793 552 2872 veterem,
568 2807 634 2855 nou
648 2785 803 2878 supponit
815 2784 920 2875 legem
932 2783 1119 2873 abrogatam
1134 2780 1233 2850 tuisse

124 2894 256 2982 malum,
280 2895 335 2964 sed
359 2904 484 2965 tantum
507 2895 596 2966 illam
615 2918 684 2964 non
706 2895 848 2989 emplius
866 2919 934 2965 esse
956 2918 1050 2987 aeque
1070 2894 1181 2964 utilem
1196 2917 1233 2961 ac

123 3005 330 3094 eontrarium,
348 3006 448 3090 itaer
463 3029 501 3074 eo
516 3007 604 3098 quod
617 3007 673 3098 jus
686 3029 858 3076 commune
872 3005 1070 3075 eontrarium
1083 3005 1125 3072 sit
1136 3003 1233 3073 alieni

123 3112 359 3196 consuetudini,
381 3136 448 3184 nou
467 3113 614 3206 sequitur
637 3113 725 3204 illam
741 3114 1009 3185 consuetudinem
1030 3137 1099 3184 esse
1112 3135 1154 3182 ex
1170 3136 1233 3180 na-

124 3228 198 3290 tura
219 3243 279 3290 aua
299 3220 563 3290 irrationabilem.
592 3225 624 3288 2⁹
644 3221 710 3292 Nee
728 3223 907 3292 neeessario
926 3219 1156 3290 irrationabilis
1172 3220 1234 3288 erit

123 3327 279 3420 prasdietn
300 3328 498 3398 eonsuetudo
519 3351 561 3398 ex
585 3351 622 3398 eo
645 3329 714 3399 solo
735 3329 823 3423 quod
840 3329 909 3420 juri
931 3329 1097 3400 communi
1117 3327 1234 3398 adver-

122 3445 222 3506 setur.
246 3436 329 3507 Nam
352 3445 455 3528 potest
475 3437 641 3527 legislator
658 3437 717 3529 qui
733 3437 837 3528 legem
854 3461 1060 3508 communem
1075 3438 1148 3508 tulit
1162 3436 1234 3505 exi-

125 3568 213 3614 mere
235 3545 400 3636 regionem
423 3545 565 3638 aliquam
588 3547 630 3616 ab
651 3547 712 3616 ista
729 3545 814 3636 lege,
830 3555 862 3616 et
876 3547 1056 3616 consentire
1072 3555 1109 3616 ut
1125 3545 1158 3614 in
1172 3546 1233 3614 ista

123 3654 256 3744 regione
276 3663 423 3724 servetur
443 3658 642 3724 cousuetudo
665 3655 837 3741 contraria,
857 3663 889 3723 et
902 3652 1026 3724 dioetur
1043 3655 1128 3724 iufra
1141 3653 1233 3722 suffi-

123 3785 195 3831 eere
217 3784 410 3832 eonsensum
424 3761 586 3855 Principis
600 3762 744 3834 tacitum.
768 3763 856 3854 Ergo
876 3762 972 3832 modo
986 3763 1070 3832 adsit
1084 3765 1143 3833 iste
1157 3786 1235 3832 eon-

123 3893 250 3958 sensus,
270 3869 468 3940 cousuetudo
483 3870 551 3963 jam
574 3894 639 3940 non
658 3872 720 3940 erit
742 3872 825 3940 mala
844 3895 884 3940 ex
905 3894 943 3941 eo
962 3872 1050 3965 quod
1066 3872 1129 3962 legi
1145 3896 1234 3942 eom·

125 3979 217 4048 muni
232 3977 433 4048 adversetur.
452 3978 594 4048 Abunde
610 3989 736 4049 nonest
751 3979 932 4050 necessario
947 3980 1030 4050 malo
1041 3981 1075 4050 in
1088 4003 1139 4067 se;
1155 4005 1234 4073 ergo

124 4109 237 4156 revera
266 4099 401 4178 possunt
425 4087 496 4158 dari
518 4087 766 4158 eonsuetudines
788 4111 861 4179 quae
885 4089 958 4158 lieet
977 4089 1045 4180 juri
1067 4093 1233 4160 communi

125 4193 332 4264 adversantes
350 4193 482 4266 minime
496 4196 559 4264 sint
576 4194 821 4266 irrationabiles.
839 4197 922 4266 Hine
936 4197 967 4264 in
982 4197 1051 4288 ipso
1061 4196 1134 4287 jure
1146 4221 1234 4266 corrr-
