3042 4946
249 431 309 499 524
598 452 772 500 amaracus
794 451 833 498 nn
856 450 1008 498 camaras

247 601 283 662 ut
312 593 450 684 simplex
486 592 654 686 presbyter
691 591 946 663 confirmationis
983 598 1223 662 sememontnm
1257 593 1362 663 relide

247 701 419 790 ministret,
435 700 600 795 pontibus
614 699 815 792 delegatione
830 701 965 794 indiget.
983 701 1065 786 Quae
1083 700 1193 770 omnia
1209 699 1261 770 bic
1275 711 1363 770 certa

246 810 474 904 supponimus.
489 809 539 879 Ex
555 833 621 902 quo
635 817 722 902 patet
735 811 913 902 monadem
927 811 1164 904 Episcoporum
1180 817 1213 878 ot
1226 811 1363 903 presby-

247 926 390 988 tororum
406 918 531 990 ordinis
551 926 752 1011 potestatem,
769 926 880 1011 utpote
894 942 969 988 cum
991 916 1157 988 indelebili
1180 917 1365 988 charactere

247 1025 326 1118 ipsis
349 1049 369 1096 a
391 1025 521 1096 Christo
546 1023 684 1096 luditum
710 1033 742 1094 et
767 1026 1026 1110 inamissibilem,
1050 1026 1172 1095 summi
1198 1023 1364 1096 Ponuflcis

243 1133 377 1203 arbitrio
391 1135 498 1226 quoad
515 1133 659 1204 valorem
674 1143 807 1204 actuum
823 1155 889 1204 nou
905 1131 1034 1225 subjici.

288 1241 472 1312 Psorosrrro
487 1245 533 1310 4⁸.
549 1279 593 1294 ·-
611 1240 707 1325 Quod
718 1239 871 1334 quedam
892 1240 1015 1311 ordiar’s
1034 1253 1180 1333 potestas
1193 1242 1364 1334 Episcopi

244 1363 274 1420 et
296 1349 494 1441 presbyteris
516 1371 580 1440 per
606 1371 736 1417 sacram
765 1348 1011 1418 ordinationem
1040 1349 1199 1418 distentas
1225 1349 1361 1434 cauata,

244 1457 356 1550 quoad
368 1470 504 1527 actuum
519 1453 726 1526 validitatem
745 1479 767 1524 a
785 1459 935 1526 Romano
955 1457 1114 1548 Pontifice
1129 1479 1196 1526 non
1206 1457 1360 1550 pendeat,

244 1587 453 1658 nequaquam
464 1562 601 1656 impedit
616 1563 696 1656 quin
708 1585 783 1633 vero
794 1585 888 1632 amru
899 1563 995 1656 plana
1008 1562 1074 1634 dici
1085 1565 1194 1634 valeat
1205 1579 1238 1634 et
1250 1588 1363 1634 recem

243 1674 285 1742 sit
312 1672 455 1742 Romani
483 1671 651 1760 Pontificio
678 1671 896 1740 universalem
927 1672 1108 1740 Ecclesiam
1134 1671 1294 1764 pascendi
1323 1697 1364 1742 ae

243 1779 377 1871 rependi
395 1790 550 1870 potestas.
565 1815 614 1852 .-
632 1776 716 1846 Nam
737 1778 833 1870 plena
852 1778 924 1846 baec
945 1785 1085 1870 potestas
1114 1779 1308 1870 intelligitur
1330 1789 1364 1848 et

243 1887 361 1970 dicitur
380 1885 514 1956 relative
532 1883 575 1954 sd
596 1884 763 1954 momnis
785 1907 861 1977 quae
888 1885 1038 1956 Christus
1061 1908 1120 1978 per
1137 1886 1361 1957 auctoritatem

242 1994 489 2065 ecclesiasticam
513 1991 654 2083 regenda
675 1992 908 2086 atamandsque
928 1993 1076 2086 reliqnit3
1091 2015 1158 2062 nou
1178 2001 1288 2064 summ
1305 2017 1362 2062 re-

242 2104 339 2174 lative
353 2103 396 2172 od
409 2125 448 2172 ea
461 2124 536 2196 quae
555 2100 708 2171 Christus
729 2101 865 2194 ipsemet
883 2100 996 2171 diviua
1015 2125 1075 2171 sna
1089 2103 1278 2172 auctoritato
1293 2105 1362 2172 fixa

241 2223 273 2284 et
299 2210 516 2280 immutabilia
543 2209 693 2280 instituit.
725 2209 819 2280 Unde
849 2209 934 2280 sicut
963 2231 1029 2278 nou
1059 2210 1238 2304 impeditur
1258 2212 1361 2304 plana

241 2321 382 2390 Romani
396 2317 564 2389 Pontifiois
578 2325 729 2410 potestas,
747 2339 788 2384 ex
810 2339 847 2387 eo
870 2317 958 2410 quod
980 2339 1046 2387 uon
1062 2317 1166 2387 valeat
1180 2317 1360 2388 Ecclesiam

241 2429 456 2521 supprimere,
484 2449 542 2496 nec
572 2433 852 2495 sacramentorum
884 2425 1129 2496 substantialem
1155 2426 1296 2497 formam
1322 2450 1360 2495 ac

241 2536 408 2605 materiam
425 2543 562 2622 mutare,
579 2555 736 2604 eorumve
759 2555 935 2604 numerum
960 2555 1096 2624 augere3
1115 2534 1160 2602 ita
1182 2557 1242 2604 nac
1263 2557 1306 2604 ex
1320 2558 1360 2604 eo

241 2645 327 2738 quod
344 2653 483 2737 nequeat
493 2641 601 2712 valide
613 2641 822 2712 consecrandi
840 2649 1043 2734 potestatem,
1055 2641 1268 2734 presbyterali
1281 2644 1360 2714 cba-

240 2753 355 2822 racteri
380 2775 400 2819 s
418 2751 549 2821 Christo
573 2749 820 2820 immutabiliter
842 2748 1021 2840 alligatam,
1043 2771 1103 2842 pro
1123 2749 1259 2820 arbitrio
1280 2751 1359 2821 dare

240 2867 297 2928 aut
316 2858 492 2928 retrabere.

282 2968 448 3038 Nimirum
456 2965 629 3060 plenitudo
645 2966 820 3059 pontificiae
843 2967 1008 3058 potestatis
1028 2965 1148 3036 dicitur
1164 2967 1298 3037 relative
1317 2967 1358 3036 ad

240 3083 427 3168 patestatem
448 3072 594 3164 regendi,
611 3073 773 3142 statuendi
794 3095 832 3141 ac
854 3074 1073 3163 gubernandi,
1090 3097 1190 3166 quam
1208 3074 1358 3144 Christus

240 3185 274 3254 iu
295 3184 437 3255 Ecclesia
462 3206 521 3252 sua
544 3182 686 3251 instituit
713 3205 751 3252 ac
775 3181 919 3252 exerceri
946 3205 1040 3274 posse
1063 3183 1180 3252 voluit.
1205 3183 1240 3252 Si
1268 3183 1361 3252 nulla

240 3301 328 3362 extet
348 3293 382 3360 in
399 3289 542 3360 Ecclesia
558 3297 696 3382 potestas
719 3289 870 3379 regendi,
888 3289 1064 3378 statuendi,
1080 3290 1229 3378 docendi,
1246 3291 1358 3361 deuer-

239 3399 339 3469 nendi
359 3409 390 3468 et
408 3400 526 3492 quovis
547 3397 645 3466 modo
668 3397 944 3489 ordinandique
966 3398 1091 3467 nonsit
1115 3419 1214 3491 panes
1231 3399 1359 3468 Roma-

239 3533 320 3578 num
334 3507 537 3594 Pontificem,
554 3527 631 3574 vere
650 3505 747 3597 plena
767 3515 815 3574 est
828 3513 860 3574 et
875 3507 1021 3576 numeris
1043 3507 1196 3576 omnibus
1211 3509 1360 3578 absoluta

239 3619 343 3712 ipsius
358 3625 507 3708 potestas.
527 3616 553 3683 E
569 3623 693 3703 cantra,
710 3616 737 3683 si
757 3638 824 3707 qua
838 3625 981 3685 exstaret
997 3616 1033 3682 in
1050 3615 1194 3686 Ecclesia
1209 3626 1359 3687 statuen-

239 3727 284 3814 di,
302 3724 536 3796 decernendive
560 3732 617 3794 aut
636 3724 813 3794 ordinandi
835 3732 987 3817 potestas,
1007 3747 1073 3817 qua
1092 3734 1215 3793 careret
1235 3727 1360 3796 Roma-

239 3859 300 3905 nos
328 3833 492 3920 Pontifex,
520 3833 601 3904 falso
628 3844 827 3904 assereretur
853 3835 1019 3926 potestatis
1049 3834 1151 3926 ipsius
1174 3835 1356 3926 plenitudo.

237 3941 331 4025 Quod
348 3951 456 4010 antem
472 3963 539 4009 non
563 3941 663 4032 possit
678 3943 767 4033 Papa
779 3939 867 4034 quod
890 3963 910 4008 a
931 3941 1023 4010 nulla
1043 3941 1233 4011 anctoritate
1256 3943 1357 4012 eoele-

240 4049 366 4119 siastica
392 4049 464 4118 fieri
493 4070 587 4142 posse
616 4049 718 4118 voluit
750 4048 917 4137 Christus,
947 4048 981 4118 id
1011 4049 1195 4119 nullatenus
1222 4047 1359 4143 impedit

240 4159 405 4250 potestatis
424 4159 596 4251 pontificiae
616 4159 863 4250 plenitudinem.
888 4161 1027 4242 Quando
1050 4183 1166 4252 nempe
1189 4162 1299 4251 agitur
1315 4162 1355 4230 de

1484 4627 1498 4907 p
