3068 4948
318 479 383 545 278
675 501 852 548 rarcrrrus
875 505 913 548 on
936 505 1089 551 saturnus

320 641 447 734 «apud
480 641 679 710 cardinalem
717 643 1043 732 Vicecarrcollarium,
1073 645 1220 737 apposita
1249 666 1306 738 per
1337 666 1440 713 rmum

318 776 335 814 «
361 749 554 840 magistrum
575 749 718 840 Registri
795 751 901 820 littera
924 751 964 820 R.
984 759 1110 842 atergo
1135 752 1235 820 butte
1256 752 1298 844 (id
1317 761 1367 820 est
1382 757 1442 822 Rc-

316 885 333 923 «
356 859 522 948 patrata),
542 880 617 926 oum
635 859 766 927 nomine
780 869 811 928 et
825 861 1061 949 cognomine...
1076 859 1237 952 Expensae
1250 869 1328 928 suut
1340 862 1440 928 varia

314 993 331 1031 «
355 966 536 1036 secundum
560 967 749 1036 varietatem
779 969 937 1055 materiae,
963 968 1148 1061 praesertim
1175 967 1283 1060 quoad
1312 969 1438 1060 episco-

315 1102 331 1140 «
357 1083 450 1167 patus
464 1083 495 1144 et
509 1075 703 1144 monasteria
717 1075 879 1167 descripta
893 1076 927 1144 in
943 1076 1035 1144 libris
1051 1075 1208 1145 Comerae.

359 1187 463 1252 «Per
496 1184 675 1252 Camarum
698 1183 919 1275 expediuntur
941 1185 1123 1252 necessario
1151 1183 1381 1276 coadjutoriae,
1412 1194 1443 1252 et

315 1319 331 1357 «
356 1290 531 1383 aliquando
561 1291 738 1360 erectiones
769 1292 1027 1382 collegiatarum,
1058 1301 1090 1360 et
1121 1314 1234 1362 rerum
1264 1301 1441 1384 perpetua-

313 1429 330 1466 «
355 1423 430 1469 rum
452 1399 723 1469 monasteriorum
748 1399 1022 1470 consistorialium
1041 1399 1138 1492 juxta
1163 1408 1274 1469 texam
1296 1399 1331 1467 in
1347 1399 1444 1468 libris

313 1537 329 1573 «
353 1508 500 1600 ejusdem
521 1508 686 1594 Camerae3
720 1507 845 1600 hocque
874 1516 1019 1577 remanet
1048 1509 1083 1577 iu
1105 1508 1241 1577 arbitrio
1267 1507 1444 1599 expedito-

313 1645 330 1683 «
355 1639 441 1705 rum,
461 1617 569 1710 potius
584 1619 616 1686 in
631 1619 770 1688 Camers
784 1619 836 1687 vel
852 1619 888 1686 in
899 1619 1098 1688 Cancellaria
1113 1618 1350 1711 expediendi...
1367 1619 1443 1686 Ex-

314 1752 331 1791 «
355 1747 465 1817 peusae
482 1732 559 1794 suut
581 1725 725 1795 variae...

359 1863 376 1902 «
399 1838 462 1905 Per
483 1849 641 1905 secretam
662 1837 753 1905 viam
775 1837 999 1928 expediuntur
1014 1838 1222 1930 provisiones
1234 1859 1349 1906 omnes
1365 1861 1442 1930 qum

314 1972 331 2010 «
355 1945 439 2013 fiunt
463 1944 682 2014 familiaribus
707 1945 849 2039 propriis
875 1969 894 2014 a
921 1945 1022 2037 Papa,
1046 1952 1079 2014 et
1103 1967 1164 2036 pro
1184 1945 1225 2013 iis
1249 1945 1373 2036 quibus
1400 1969 1442 2014 cx

314 2079 331 2119 «
354 2052 485 2144 speciali
509 2053 613 2142 gratia
636 2054 845 2145 permittitur.
872 2053 932 2120 Hm
958 2053 1074 2123 litterae
1091 2075 1149 2130 seu
1169 2053 1269 2122 bullae
1287 2053 1442 2122 scribun-

314 2190 330 2228 «
355 2173 408 2231 tur
429 2186 448 2230 a
467 2163 624 2254 scriptore
647 2162 801 2255 deputato
826 2163 883 2255 qui
909 2161 1029 2231 dieitur
1050 2163 1198 2254 Scriptor
1220 2172 1376 2250 secretus,
1410 2173 1441 2232 et

313 2299 329 2336 «
353 2271 567 2364 plumbantur
585 2271 681 2362 juxta
704 2270 876 2363 praedicta:
901 2294 938 2339 ac
967 2270 1158 2340 recidentur
1187 2279 1298 2364 postea
1326 2295 1348 2340 a
1378 2272 1440 2340 mi-

314 2405 331 2444 «
355 2378 458 2447 nistra
492 2377 628 2470 praefato
661 2376 834 2446 cardinalis
871 2377 1160 2466 Vicecuncellarii‚
1191 2387 1223 2446 et
1251 2379 1438 2464 commista,

314 2514 330 2551 «
355 2509 472 2577 nempe
490 2485 660 2554 scribendo
677 2486 722 2552 sic
741 2512 748 2552 ε
771 2507 835 2576 pro
853 2485 1109 2554 eminentissimo
1124 2499 1155 2553 et
1173 2487 1438 2556 reverendissimo

315 2622 331 2658 «
355 2599 397 2663 D.
416 2593 582 2662 cardinali
595 2606 798 2661 summatem
812 2595 935 2676 NN...,·
952 2602 983 2661 et
1004 2603 1125 2686 postea,
1143 2594 1213 2662 aisa
1229 2597 1323 2677 NN.,·
1339 2604 1372 2663 et
1388 2617 1439 2662 re-

315 2728 332 2766 «
355 2701 538 2791 gistrantur
552 2701 586 2768 in
601 2701 783 2770 Secretaria
798 2701 962 2770 brevium.
979 2701 1141 2792 Expeusee
1157 2724 1236 2771 vero
1253 2711 1331 2772 suut
1348 2703 1439 2794 perri

316 2837 332 2874 «
358 2809 512 2879 momenti
527 2817 559 2878 et
572 2809 668 2901 juxta
684 2810 873 2878 varietatem
889 2810 1084 2899 gratiarum.

360 2944 378 2983 «
403 2919 545 2986 Dcmum
566 2916 789 3008 expediuntur
812 2917 912 2986 hulla
936 2939 998 3010 per
1021 2917 1111 2986 ciam
1131 2921 1251 3002 Caria,
1270 2944 1347 3012 quae
1364 2943 1440 2989 con-

315 3053 331 3091 «
355 3035 493 3096 cernunt
514 3025 602 3116 leges
629 3034 660 3093 ct
685 3026 932 3094 constitutiones
948 3025 1132 3118 pontificias
1146 3035 1178 3095 et
1191 3027 1270 3096 alias
1289 3030 1440 3098 materias

316 3161 332 3199 «
355 3158 398 3202 ex
425 3141 515 3203 motu
542 3133 675 3226 proprio
700 3133 810 3225 Papae,
836 3144 868 3201 et
883 3134 1060 3226 aliquando
1084 3157 1143 3226 pro
1158 3137 1256 3204 rebus
1280 3146 1437 3229 nepotum

316 3270 332 3307 «
357 3243 406 3312 vel
424 3242 565 3312 aliorum
581 3267 621 3311 ex
638 3243 744 3334 gratia
757 3243 1168 3335 specialissimaPontificis
1178 3272 1187 3332 ;
1204 3256 1235 3315 et
1251 3247 1440 3316 scribuntur

316 3379 333 3418 «
357 3374 415 3444 per
441 3350 565 3421 dietum
592 3353 783 3444 scriptorem
811 3363 971 3422 secretum
985 3381 995 3440 3
1023 3362 1053 3422 ct
1078 3364 1149 3446 post
1172 3355 1305 3425 solitum
1330 3357 1441 3449 plum-

316 3485 332 3522 «
355 3459 448 3545 bum,
474 3459 726 3529 subscribuntur
747 3460 788 3527 ab
815 3461 1040 3530 abbreviatore
1058 3462 1208 3533 Curiae...
1232 3463 1300 3532 Nec
1322 3465 1388 3532 ulla
1402 3464 1439 3531 fit

316 3593 332 3629 «
356 3589 511 3656 expensa,
529 3567 591 3634 nisi
607 3589 666 3658 pro
684 3565 829 3636 mercede
843 3567 1001 3659 simplicis
1016 3568 1147 3637 laboris.
1163 3595 1180 3634 o
1205 3570 1314 3661 (Card.
1331 3570 1436 3656 Petra,

313 3672 384 3743 loco
400 3673 508 3755 citato,
528 3697 560 3765 p.
582 3675 629 3766 8.)
