3068 4948
526 497 609 544 runa
632 496 783 558 canonici.
1153 473 1216 538 275

94 635 253 703 ditionem
270 635 371 704 unius
387 635 409 703 l.
429 649 509 724 βουλὴ
531 646 642 706 autem
665 636 753 704 idem
770 635 894 702 Graecis
912 643 960 702 est
981 633 1069 724 qrrod
1090 633 1218 701 Latinis

94 743 267 812 canalium
281 752 313 812 et
327 744 490 814 voluntas.
508 743 681 836 (Opnigh.,
694 742 824 812 delore
839 741 1038 832 sigillorum,
1055 764 1084 808 c.
1105 745 1137 828 3,
1149 741 1171 831 ξ
1185 745 1218 828 2,

94 861 131 918 n⁰
149 851 194 942 1.)
213 851 350 920 Carolus
371 853 546 941 llulresne,
563 853 597 921 in
622 876 682 922 suo
704 851 879 938 Glossario,
898 873 978 920 voce
992 849 1104 930 Bulla,
1122 849 1222 918 tradit

93 960 222 1029 bullam
238 961 346 1030 vocari
359 985 379 1030 a
391 961 495 1045 bovata
508 985 574 1056 quo
586 961 720 1031 nomine
737 961 1011 1054 nuncupabantur
1026 968 1221 1029 ornamenta

93 1067 247 1158 quaedam
279 1069 476 1138 orbicularis
507 1097 515 1136 ε
545 1092 644 1161 porro
675 1069 780 1159 sigilla
819 1069 961 1136 lormam
1002 1067 1218 1136 orbicularem

94 1175 226 1243 habent.
246 1173 309 1244 Sed
326 1175 486 1268 quidquid
501 1177 542 1244 sit
558 1177 597 1244 de
612 1177 702 1246 vocis
715 1176 928 1267 etymologia,

141 1285 173 1349 2.
191 1281 326 1350 &ctum
343 1292 392 1351 est
405 1283 531 1352 bullam
546 1284 678 1376 proprie
691 1283 771 1352 olim
788 1293 941 1353 vocatum
956 1284 1056 1352 luisse
1072 1282 1219 1373 sigillum

93 1391 334 1480 imperatorum
357 1400 389 1458 et
412 1411 546 1480 regum,
562 1391 651 1484 quod
668 1414 830 1483 apponere
853 1399 1092 1460 consueverant
1105 1391 1222 1459 litteris

94 1497 200 1566 ardua
227 1499 480 1568 continentibus.
512 1499 597 1568 lilino
626 1499 753 1568 bullare
784 1509 817 1567 et
844 1499 988 1590 sigillare
1024 1507 1101 1568 aunt
1128 1521 1222 1567 voces

93 1628 303 1697 synonymae.
329 1607 369 1674 Et
397 1608 431 1676 in
452 1630 561 1698 graeco
582 1608 681 1676 etiam
712 1608 866 1677 idiomate
890 1621 1034 1696 βιυλλιὺιιι
1061 1609 1223 1698 significat

94 1713 260 1802 sigillare,
283 1723 314 1782 at
336 1725 495 1782 tenattem
522 1715 644 1784 dicitur
669 1715 757 1808 quod
783 1717 875 1786 bulla
898 1739 955 1785 seu
981 1717 1089 1806 sigillo
1117 1725 1216 1785 caret.

93 1821 226 1889 Nomen
240 1830 350 1888 autem
362 1845 401 1890 ex
417 1821 525 1912 sigillo
538 1821 578 1891 ad
594 1823 717 1892 litteras
733 1823 820 1916 ipsas
837 1823 978 1909 transiit,
993 1824 1038 1892 ita
1053 1832 1088 1891 ut
1101 1823 1220 1892 littera

94 1933 169 1999 istas
192 1939 315 2000 vocata>
339 1932 404 2000 sint
428 1933 547 2002 littera
575 1934 721 2021 ballota,
744 1957 801 2003 seu
823 1932 1015 2026 simpliciter
1039 1934 1147 2003 dalla.
1170 1935 1220 2002 Ex

94 2038 272 2131 multiplici
298 2039 445 2128 materia,
469 2063 587 2132 nempe
611 2063 652 2108 ex
680 2063 773 2128 auro,
799 2049 949 2130 argento,
971 2039 1121 2130 plumbo,
1144 2049 1221 2126 etc.,

93 2148 196 2218 fiebat
217 2149 408 2240 hujusmodi
431 2151 591 2241 sigillum.
614 2151 754 2232 Quando
776 2149 993 2218 adhibebatur
1010 2173 1143 2239 aurum,
1165 2151 1222 2218 lit-

93 2268 175 2326 terae
191 2259 394 2327 vocabantur
408 2257 505 2328 balla
518 2281 638 2328 aurea.

142 2371 173 2434 3.
193 2367 241 2434 De
256 2375 403 2459 tempore
420 2390 496 2437 vero
510 2390 576 2459 quo
589 2367 747 2458 coeperiut
760 2366 902 2436 Romani
916 2365 1088 2436 Pontifices
1103 2365 1220 2457 hujus-

94 2477 188 2546 modi
210 2476 327 2566 sigillis
345 2477 405 2565 uti,
423 2479 469 2545 sic
490 2479 625 2570 exponit
647 2476 822 2546 cardinalis
847 2479 944 2546 Petra
959 2477 1158 2570 (Commeat.
1186 2475 1221 2542 in
1272 2466 1274 2475 ’

92 2587 224 2670 Const,
241 2591 265 2652 t.
284 2583 312 2669 l,
330 2607 361 2675 p.
380 2588 414 2671 l,
428 2584 505 2652 edit.
522 2585 652 2672 Roma,
672 2587 767 2674 1705)
788 2612 795 2652 :
820 2583 1060 2654 «Deveniendo
1076 2606 1164 2652 nunc
1177 2584 1218 2652 ad

97 2723 114 2760 ι
140 2693 247 2762 bullas
267 2717 478 2763 summorum
497 2694 710 2782 Pontificum,
728 2718 803 2787 quae
827 2706 905 2764 suut
925 2696 1043 2764 litterae
1069 2693 1219 2784 sigillata

96 2831 114 2868 ιι
140 2801 291 2893 plumbo,
310 2799 450 2870 recolere
473 2809 599 2892 oportet
614 2802 821 2892 Agathonem
849 2801 973 2893 Papam
993 2801 1050 2893 qui
1068 2801 1221 2890 regnavit

96 2939 114 2976 ι
140 2931 229 2978 anno
245 2911 323 2996 360,
340 2907 485 2997 signasse
505 2908 630 2976 litteras
649 2931 764 2977 omnes
783 2931 873 2995 cera3
892 2907 947 2977 sed
965 2909 1007 2977 ob
1029 2931 1222 2978 excrescen-

97 3045 114 3082 ι
139 3019 221 3085 tiam
234 3013 478 3106 pontificiorum
497 3013 727 3106 diplomatum,
739 3039 820 3084 usus
831 3015 972 3084 obtinuit
984 3014 1108 3084 litteras
1124 3039 1221 3109 apos-

97 3153 115 3190 ι
140 3123 257 3190 tolicas
273 3121 385 3211 magui
402 3123 562 3192 momenti
576 3121 733 3213 plumbeo
750 3123 858 3212 sigillo
873 3122 1013 3210 muniri,
1025 3131 1062 3190 ut
1075 3132 1222 3216 tempore

97 3263 114 3300 ι
139 3235 297 3326 Stephani
318 3235 364 3302 ΙΙΙ
383 3255 469 3303 auno
487 3237 563 3318 tto,
581 3233 632 3302 vel
653 3233 811 3301 Hadriani
833 3233 933 3324 primi
954 3257 1041 3302 anno
1062 3237 1125 3302 772
1149 3257 1222 3303 ser-

97 3373 115 3410 ι
139 3354 256 3414 vatum
271 3343 345 3430 fuit,
363 3343 522 3411 referente
539 3341 702 3433 Polydoro
719 3341 877 3431 Vergilio.
896 3341 1024 3411 Verum
1041 3340 1221 3433 diplomata

97 3481 116 3518 ιι
140 3451 321 3522 vetustiora
340 3473 374 3518 se
394 3450 514 3518 vidisse
533 3471 610 3516 cum
631 3448 739 3538 sigillo
758 3447 914 3540 plumbeo
937 3449 1064 3538 signata
1086 3455 1222 3518 testatur

96 3587 115 3626 ιι
139 3559 334 3629 Dominicus
355 3556 559 3648 Raynaldua,
578 3579 696 3647 nempe
718 3567 865 3647 tempore
888 3555 1048 3646 Sylvestri
1068 3555 1167 3647 Papae
1186 3557 1220 3624 in

98 3699 115 3736 ι
139 3668 284 3761 quadam
308 3666 398 3736 hulla
425 3689 500 3758 quas
526 3673 712 3734 asservatur
733 3665 766 3731 in
789 3663 934 3732 archivio
960 3663 1113 3750 Aretin03
1136 3666 1223 3732 etin

96 3807 114 3844 ι
138 3776 287 3847 archivio
313 3775 418 3844 Castri
442 3773 478 3843 S.
503 3774 623 3864 Angeli
645 3772 796 3841 similiter
816 3771 976 3842 asservari
1002 3771 1223 3842 vetustissima

97 3915 115 3952 ιι
138 3885 321 3977 diplomata
348 3885 382 3952 in
412 3905 536 3976 papyro
562 3905 602 3950 ex
633 3882 750 3950 frutice
775 3880 934 3966 conlecta,
959 3879 1096 3971 plumbo
1123 3880 1221 3949 etiam

98 4025 116 4062 ιι
139 3993 331 4084 obsignata,
360 4013 573 4060 summorum
613 3988 807 4058 Pontificum
850 3988 970 4057 Leonis
1007 3987 1040 4075 l,
1074 3988 1224 4078 Gregorii

99 4131 118 4168 ιι
140 4101 266 4193 Magni,
291 4123 328 4167 ac
355 4099 476 4190 Sergii.
504 4099 588 4166 Hinc
614 4097 837 4187 Bromptonus
859 4097 948 4188 (pag.
978 4096 1074 4186 1718)
1101 4095 1226 4164 dixerat

101 4235 242 4281 ausum
271 4208 402 4302 plumbi
434 4207 578 4276 extitisse
610 4219 756 4298 tempore
787 4205 855 4273 divi
885 4205 1057 4295 Gregorii3
1083 4205 1169 4298 quod
1198 4215 1229 4274 et
