3064 4952
479 561 563 611 suan
584 561 736 610 monim.
1099 545 1162 613 229

55 721 87 768 eo
103 700 170 770 solo
190 701 278 794 qnod
298 702 382 772 forte
401 704 503 797 (quod
524 703 611 774 Deus
632 703 768 796 avertat)
791 703 971 800 Episcopus
989 707 1091 778 officii
1114 711 1165 778 sui

54 807 216 882 immemor
230 817 262 879 et
275 817 388 881 contra
402 811 498 882 Sedis
511 812 708 906 Apostolicae
722 813 948 884 auctoritatem
962 815 1163 904 rebellando,

54 917 136 986 nulla
154 917 275 988 ducem
297 919 340 988 ad
362 921 522 992 vicarmm
545 921 667 994 Christi
694 921 940 1014 supplicatione,
964 924 1071 1017 legem
1086 926 1165 1020 reji-

54 1033 129 1094 ceret
144 1035 176 1095 ct
188 1036 419 1098 contemneret.

91 1134 274 1206 Psorosrmo
287 1139 374 1205 3.-
385 1141 463 1208 Toto
474 1139 725 1233 supplicationis
737 1150 893 1232 tempore,
907 1139 945 1208 id
958 1152 1016 1224 est,
1034 1141 1135 1212 donec
1144 1169 1166 1214 a

53 1243 128 1312 Sede
149 1245 335 1338 Apostolica
357 1249 566 1331 rescribatur,
587 1247 796 1342 suspenditur
811 1249 882 1342 ipso
893 1250 984 1341 facto
1006 1249 1165 1343 oblipatio

53 1351 132 1441 lepis
149 1353 294 1423 -Nam
309 1363 376 1426 toto
391 1357 454 1426 isto
467 1364 613 1449 tempore
628 1356 818 1426 verificatur
829 1356 972 1426 conditio
985 1379 1051 1449 qua
1064 1359 1169 1450 posita

53 1483 192 1530 summus
221 1462 375 1534 Pontifex
404 1488 471 1535 non
504 1465 577 1536 vult
603 1488 698 1536 suam
723 1465 829 1556 legem
860 1464 1018 1557 obligare,
1046 1488 1164 1560 nempe

52 1570 303 1662 non-acceptatio
326 1594 400 1642 cum
420 1573 668 1666 supplicatione.
696 1574 790 1644 Unde
808 1573 882 1644 licet
902 1598 1051 1646 summus
1077 1579 1164 1649 Pon-

52 1675 121 1744 tilcx
148 1679 340 1749 rescriberet
369 1703 403 1749 sc
432 1681 574 1750 rationes
594 1681 734 1774 objectas
756 1705 823 1752 non
844 1683 995 1776 probare,
1017 1685 1164 1780 velleque

51 1783 105 1874 legi
129 1786 347 1858 obedientiam
374 1789 537 1880 praestari,
570 1789 787 1860 nihilominus
809 1813 876 1860 non
897 1803 1081 1884 peccassent
1105 1797 1164 1887 qui

53 1900 184 1987 tempore
199 1896 445 1989 supplicationis
461 1897 567 1990 legem
581 1921 648 1969 non
663 1907 859 1969 servassent.

88 2009 272 2084 Prorosmo
288 2017 319 2084 l.
335 2051 380 2066 -
395 2013 437 2082 Si
454 2012 622 2082 dubitetur
641 2035 687 2081 an
707 2011 760 2079 lca
779 2011 822 2082 sit
837 2009 877 2080 dc
890 2034 1029 2082 numeru
1049 2035 1164 2084 aarum

54 2140 183 2206 pannem
212 2121 447 2214 oblipationcm
476 2143 624 2190 summus
652 2119 808 2210 Pontifex
830 2119 963 2212 subjicit
986 2120 1166 2191 conditioni

54 2229 281 2320 acceptationis,
296 2229 425 2299 videtur
439 2229 620 2322 Episcopus
639 2250 736 2319 apere
747 2249 845 2322 posse
870 2227 954 2298 sinet
969 2249 1047 2318 erpa
1062 2229 1165 2320 lepcm

54 2356 113 2422 prs
140 2348 228 2405 certe
257 2334 297 2405 de
321 2337 384 2406 isto
398 2359 535 2406 numam
562 2348 652 2406 esset.
669 2376 714 2389 -
728 2336 913 2406 Retulimus
927 2337 1050 2408 scilicet
1064 2361 1163 2432 supra

53 2445 222 2514 doctrinam
241 2445 410 2514 Benedicti
431 2445 510 2516 XIV
525 2453 557 2514 et
569 2445 607 2514 P.
626 2442 785 2514 Zaccariae
802 2444 1014 2514 asmrentium
1032 2445 1071 2515 de
1087 2469 1164 2516 om-

52 2548 136 2620 nibus
162 2553 292 2643 legibus
322 2553 497 2646 pontificiis
525 2551 592 2622 dici
622 2575 688 2622 non
715 2574 821 2645 posse,
853 2574 967 2622 earum
995 2553 1162 2646 obligandi

51 2659 109 2726 vim
135 2659 317 2729 conditioni
342 2660 571 2753 acceptationis
596 2658 726 2751 subjici.
749 2659 837 2728 Talis
853 2667 963 2730 auum
976 2684 1045 2730 esse
1061 2673 1165 2755 potest

52 2767 175 2835 materia
206 2766 345 2858 alicujus
381 2766 464 2857 legis
499 2776 537 2837 ut
570 2766 766 2837 dubitationi
796 2767 838 2836 sit
866 2767 971 2857 locus,
1001 2769 1164 2862 subjaceat

52 2894 138 2942 necne
168 2873 337 2968 praedictas
362 2875 590 2967 acceptationis
618 2873 807 2944 conditioni.
840 2873 892 2942 Illi
922 2882 1031 2944 autem
1062 2877 1163 2948 dubio

51 2981 195 3072 applicari
211 3003 305 3074 posse
332 2981 465 3051 videtur
489 2983 606 3074 regula
627 2980 726 3074 juris,
743 2981 777 3048 in
800 2979 908 3050 dubiis
928 2981 1005 3051 odia
1018 2996 1095 3052 sunt
1109 3008 1161 3054 re-

51 3089 240 3181 strinpenda.
260 3089 384 3158 Poterit
405 3110 484 3180 crgo
500 3090 597 3158 etiam
613 3096 690 3159 tunc
704 3089 767 3158 ista
779 3087 834 3156 lex
849 3089 976 3157 censeri
991 3112 1057 3159 non
1076 3092 1161 3161 obli-

51 3215 132 3284 gans,
161 3196 228 3264 nisi
252 3203 447 3288 acceptetur.
480 3196 544 3266 Sed
567 3205 655 3284 tunc,
684 3205 721 3263 ut
748 3201 849 3287 patet,
874 3196 1009 3286 gravius
1031 3202 1164 3291 urgebit

52 3299 221 3394 dirigendae
233 3303 275 3372 ad
289 3311 433 3372 sanctam
445 3303 564 3373 Scdem
580 3303 825 3397 supplicationis
836 3301 1003 3394 obligatio.

87 3411 269 3483 Prorosrrro
288 3417 318 3481 5.
334 3451 379 3465 -
402 3412 444 3481 Si
468 3413 666 3482 rescribatur
685 3412 830 3504 objectas
852 3433 981 3480 summo
1007 3416 1164 3509 Pontifici

53 3521 181 3590 rationes
195 3545 264 3590 non
270 3521 423 3613 maban,
441 3521 556 3590 statim
571 3521 685 3614 incipit
699 3521 751 3589 lec
764 3533 849 3588 certo
865 3519 1021 3610 oblipare,
1040 3535 1071 3591 et
1080 3525 1159 3616 jam

52 3629 85 3695 ab
97 3631 318 3724 acceptatione
328 3654 394 3699 non
400 3629 523 3725 pendet
542 3629 654 3724 quoad
668 3627 841 3722 oblipandi
850 3629 929 3698 vim.
946 3631 1162 3724 -Sequitur

52 3759 85 3804 ex
109 3738 380 3832 praecedentibus.
406 3740 443 3810 Si
471 3739 560 3809 enim
590 3739 663 3808 ideo
691 3746 818 3809 tantum
845 3737 900 3806 lex
916 3739 1084 3830 pontificia
1097 3766 1164 3812 non

53 3847 217 3940 obligabat,
242 3849 319 3943 qnia
342 3850 458 3920 merito
485 3849 743 3942 praesumebatur
765 3849 855 3940 Papa
875 3847 962 3918 nolle
980 3871 1053 3919 cam
1079 3853 1162 3924 obli-

51 3977 117 4044 gare
142 3967 218 4027 ante
242 3959 507 4051 acceptationem,
532 3959 641 4028 statim
665 3979 702 4027 ac
717 3963 842 4025 constat
862 3955 904 4027 de
931 3958 1164 4032 contrariavo-

50 4059 163 4134 luntate
182 4065 323 4135 Romani
347 4065 529 4155 Pontificis,
557 4066 619 4135 ista
644 4064 857 4158 presumptio
880 4086 947 4133 non
961 4073 1009 4134 est
1025 4069 1165 4161 amplius

52 4167 198 4262 legitima,
229 4181 261 4242 et
288 4173 437 4243 aufertur
457 4175 491 4244 id
506 4198 573 4268 quo
587 4173 656 4244 solo
672 4171 932 4265 suspendebatur
940 4172 1023 4263 legis
1038 4175 1164 4268 obliga-

23 4363 25 4380 *
55 4279 127 4347 toria
155 4280 217 4351 vis.
248 4281 351 4352 Porro
386 4282 494 4354 statim
530 4305 567 4351 ac
595 4285 762 4376 receptum
796 4288 844 4349 est
879 4280 1087 4375 rescriptum,
1124 4286 1166 4357 ad
