3064 4952
558 517 640 570 susis
662 521 815 568 canonici.
1181 501 1245 567 205

128 661 193 731 Nec
205 661 303 731 illam
324 659 547 753 definitionem
562 672 710 730 nostram
723 662 922 753 cujusquam
940 660 1027 728 sinm
1040 660 1249 728 contumacia

127 782 186 838 out
208 768 393 838 temeritate
416 770 596 862 corrumpi,
622 781 783 861 quatenns
798 767 879 837 dnm
888 765 1052 860 praedicto
1066 767 1179 836 omnia
1185 790 1250 859 per

128 891 158 946 tc
179 878 308 970 suerint
330 889 519 946 cosmato
538 877 787 958 districtissime,
814 899 870 944 nec
885 874 1119 944 admonitionis
1130 887 1249 974 nostra

127 989 211 1056 sicut
224 1001 256 1056 et
271 987 432 1057 credimus
446 1001 664 1078 transpressor
679 987 811 1069 existas,
829 1009 887 1054 nec
902 987 937 1054 in
952 985 1097 1078 quolibet
1111 1007 1204 1054 reum
1220 998 1251 1054 te

128 1096 325 1165 remissionis
341 1096 474 1166 adcuset
482 1097 663 1189 pastoralis
679 1095 740 1165 tili
754 1095 944 1164 commissas
962 1093 1043 1164 ordo
1067 1093 1246 1185 repiminis.

168 1203 263 1273 Idem
290 1203 379 1294 Papa
403 1203 444 1272 ad
465 1204 673 1292 ianuarium,
690 1202 914 1273 Galaritanum
933 1203 1148 1294 episcopum:
1167 1205 1250 1271 Fra-

126 1313 265 1380 ter-nitas
280 1312 385 1403 iqitnr
397 1325 455 1381 tna
471 1313 521 1381 ita
536 1313 571 1380 in
586 1311 707 1382 ametis
715 1310 887 1403 predictis
898 1310 1052 1402 capitulis
1061 1310 1166 1402 (erant
1179 1309 1251 1380 hae

126 1419 267 1511 capitula
287 1419 327 1488 de
339 1418 520 1512 disciplina)
540 1442 573 1488 se
589 1419 724 1489 solerter
737 1417 920 1511 impendat,
936 1431 975 1486 at
988 1440 1045 1487 nec
1058 1430 1179 1486 nostrae
1187 1417 1252 1487 ad-

126 1528 320 1596 monitionis
330 1529 446 1597 seriem
457 1528 648 1597 inveniatur
658 1527 760 1619 facisse
775 1539 988 1618 transpressa,
1007 1548 1064 1594 nec
1078 1523 1183 1596 divini
1194 1549 1251 1595 rea

118 1635 248 1727 judicii
266 1634 306 1704 de
324 1636 447 1705 minori
469 1637 538 1705 zelo
555 1636 739 1728 pastoralis
761 1636 881 1704 existat
900 1635 1010 1726 officii.
1029 1635 1139 1727 (Apud
1157 1637 1251 1705 Anti-

122 1743 309 1835 selronium
330 1742 550 1825 vindicatum,
578 1743 657 1812 diss.
690 1748 727 1830 6,
750 1766 780 1812 c.
807 1747 843 1831 3,
864 1766 896 1835 p.
918 1745 959 1810 70
983 1741 1060 1812 edit.
1086 1743 1249 1833 Caesena,

129 1853 241 1942 1771.)
265 1851 353 1941 Ergo
376 1850 554 1942 Gregorius
571 1851 710 1941 Magnus
736 1859 893 1943 tanquam
920 1864 1167 1942 trornqressores
1187 1849 1250 1920 ha-

125 1960 252 2028 buisset
267 1959 339 2028 illos
352 1959 540 2051 Episcopus,
556 1958 736 2028 sideeretis
751 1958 819 2027 suis
838 1982 904 2027 non
921 1959 1104 2050 paruissent
1113 1985 1122 2046 ;
1141 1966 1172 2027 et
1187 1959 1252 2027 illis

125 2068 320 2162 injungebat
361 2066 600 2136 districtissime
635 2066 897 2136 observationem
937 2089 1073 2135 suarum
1115 2066 1246 2156 legum;

126 2198 204 2266 ergo
227 2175 364 2244 minime
379 2175 604 2267 suspicabatur
619 2175 688 2264 ,illis
709 2175 852 2244 liberum
872 2196 942 2243 esse
962 2175 1049 2265 leges
1068 2173 1251 2266 pontificias

127 2291 306 2376 acceptare.

74 2401 79 2412 '
168 2391 265 2460 Felix
284 2391 341 2478 ΙΙΙ,
369 2412 455 2459 anno
471 2395 548 2474 tos,
573 2398 745 2484 postquam
761 2391 873 2459 statuit
887 2391 966 2482 quid
982 2389 1148 2480 agendum
1165 2402 1251 2462 esset

128 2505 167 2572 de
193 2505 248 2573 his
272 2504 329 2596 qui
351 2503 472 2572 iterum
494 2503 647 2595 baptizati
661 2503 702 2572 ad
723 2501 925 2572 Catholicam
940 2501 1118 2571 Ecclesiam
1135 2525 1251 2573 rever·
1326 2579 1329 2586 ,

128 2620 289 2699 letentur,
313 2610 430 2680 addit:
454 2614 515 2681 His
536 2611 649 2702 itaque
668 2610 732 2678 rite
758 2608 923 2702 dispositis
938 2625 968 2679 et
985 2611 1031 2679 ad
1044 2612 1250 2681 ecclesiarum

128 2735 314 2790 vestrarum
334 2721 489 2791 notitiam
511 2733 622 2788 nostra
638 2719 871 2790 deliberatione
889 2719 1042 2812 perlatis,
1053 2743 1175 2814 parere
1196 2745 1251 2791 vos

128 2830 278 2898 convenit
294 2857 305 2896 :
322 2829 439 2922 quibus
456 2829 584 2920 (nempe
597 2828 743 2907 decretis)
759 2829 833 2896 licet
848 2826 895 2896 od
907 2829 1100 2897 animorum
1115 2851 1251 2921 repara-

129 2937 253 3007 tionem
266 2937 355 3006 nilsil
366 2937 469 3006 deesse
484 2935 647 3018 rideatur,
662 2950 774 3006 tamen
789 2938 883 3007 sind
893 2937 972 3006 novi
981 2937 1113 3031 aliquid
1121 2951 1153 3007 et
1164 2938 1253 3031 qnod

124 3047 300 3137 praeterire
313 3069 373 3116 nos
380 3047 506 3139 potuit,
519 3047 623 3138 fiterit
638 3048 818 3116 revelatam
881 3045 1022 3139 fidenter
1036 3047 1201 3130 insinuet,·

128 3177 185 3222 nec
200 3178 261 3224 nos
270 3155 399 3246 piyeiit
413 3153 540 3235 andire,
559 3156 635 3224 etsi
649 3177 721 3246 pua
734 3167 813 3224 sant
826 3155 957 3237 omisso,
974 3179 1043 3224 non
1056 3170 1252 3248 arropanter

130 3263 282 3344 cinnae,
300 3261 357 3330 sed
368 3263 613 3332 rationabiliter
633 3261 799 3332 ordinare.
818 3263 954 3355 (Concil.
972 3262 1147 3352 Harduini,
1164 3275 1189 3333 t.
1207 3267 1249 3353 ΙΙ,

130 3371 190 3440 eol.
221 3368 310 3460 sat.)
333 3370 421 3460 Ergo
449 3370 545 3439 Felix
570 3371 629 3458 111,
646 3371 719 3440 lieet
745 3371 932 3441 facultatem
960 3371 1056 3440 faciat
1082 3373 1252 3466 Episcopis

129 3479 191 3570 ipsi
220 3478 410 3548 insinuandi
440 3502 515 3571 quae
546 3479 628 3548 forte
657 3480 778 3548 omissa
804 3480 941 3550 fuissent
962 3480 996 3548 in
1011 3503 1071 3548 sua
1086 3479 1250 3569 decretali,

131 3595 244 3657 tamen
265 3611 304 3656 ea
329 3611 403 3680 qum
424 3589 545 3657 sancita
564 3598 656 3658 arant
678 3589 814 3658 omnino
834 3589 958 3658 servari
976 3589 1070 3680 jubet
1096 3616 1103 3658 :
1131 3593 1252 3658 Parere

132 3718 187 3764 nos
200 3696 366 3778 eonomit;
380 3717 459 3786 ergo
475 3696 613 3765 minime
627 3696 829 3788 supponebat
843 3695 984 3765 liberum
1000 3718 1069 3766 esse
1083 3697 1252 3791 Episcopis

132 3801 221 3893 leges
243 3802 423 3895 pontificias
438 3825 505 3872 non
520 3810 698 3897 acceptare.

177 3913 353 4000 Cnserius,
368 3913 566 3982 Arelatensis
577 3913 769 4006 Episcopus,
783 3935 870 3982 anno
885 3917 960 4002 5⁰2,
971 3915 1108 4007 loquens
1120 3917 1254 3986 uomina

136 4019 374 4110 gallicanorum
402 4022 653 4115 episcoporum,
685 4023 731 4091 sic
760 4024 794 4091 in
817 4023 927 4092 libello
947 4023 988 4092 ad
1011 4023 1252 4116 Symmachum

137 4129 260 4222 Papam
284 4130 405 4200 directo
425 4133 530 4200 aiebat
547 4158 554 4200 ε
574 4133 702 4201 Siento
722 4155 861 4224 persana
890 4134 977 4201 beati
993 4135 1085 4202 Petri
1106 4139 1253 4228 Apostol'

139 4239 341 4334 episcopatus
353 4240 454 4308 sarmit
467 4239 613 4324 initiam,
630 4241 679 4310 ita
693 4263 813 4311 neeesse
824 4253 870 4311 est
883 4255 922 4312 nt
937 4241 1116 4334 disciplinis
1125 4266 1254 4340 compa*
