3064 4952
273 473 335 536 tat
397 509 400 516 ,
628 493 805 540 macerans
828 493 867 538 nr
889 493 1042 540 numurus

270 654 300 697 c.
319 633 371 712 16,
390 653 423 696 n.
445 629 488 720 1).
506 630 584 697 flaec
608 631 722 722 opinio
748 631 880 722 Majoris
905 633 1079 723 attingitur
1094 630 1223 702 decreto
1245 631 1395 700 Alexan-

269 738 321 805 dri
338 737 401 806 Vll
419 739 473 828 (tl
488 747 569 830 sept.
591 739 704 829 1665),
721 763 787 832 qno
809 740 894 810 inter
912 741 993 808 alias
1006 741 1163 809 masnata
1174 749 1223 808 est
1244 741 1396 833 proposi-

268 847 315 914 tio
327 844 398 914 haec
413 873 421 913 :
442 846 589 938 Populus
611 861 820 938 nonpeoeat,
843 849 973 916 etiamsi
986 848 1107 940 absquae
1120 848 1192 918 alla
1211 871 1312 916 caasa
1327 871 1397 915 non

267 953 404 1046 recipiat
416 954 520 1044 leqem
534 978 556 1021 α
565 955 716 1046 principe
725 956 990 1048 promulpntam.

312 1062 501 1131 Doctriaam
522 1071 632 1130 autem
647 1063 844 1154 oppositam,
860 1085 979 1156 nempe
994 1087 1089 1156 posse
1105 1064 1229 1156 Papam
1246 1065 1292 1132 ita
1305 1063 1398 1154 leges

269 1170 440 1240 canonicas
470 1170 574 1256 ferre,
602 1178 639 1239 ut
661 1168 825 1260 obligetur
850 1169 993 1240 Ecclesia
1020 1171 1061 1240 ad
1087 1194 1142 1240 eas
1166 1171 1395 1262 acceptandus,

270 1278 366 1346 habet
393 1277 514 1347 Suarez
542 1301 609 1346 ιιοιι
640 1287 769 1346 tantum
797 1287 834 1347 ut
858 1289 999 1366 certum,
1024 1280 1203 1348 cadelim
1234 1287 1396 1370 tanquam

269 1386 310 1455 de
338 1385 401 1454 fide
429 1413 437 1452 ι
467 1385 589 1453 «llihi
616 1385 748 1454 videtur
770 1395 838 1454 tam
865 1396 971 1474 certa,
993 1387 1118 1480 inquit,
1145 1397 1181 1455 ut
1209 1386 1395 1454 secundum

273 1522 290 1559 a
312 1494 411 1563 fidem
435 1494 547 1584 negari
562 1514 628 1562 non
643 1494 743 1584 possit
761 1519 778 1556 ιι
799 1494 883 1584 (locu
897 1495 1007 1582 citato,
1023 1517 1057 1562 ιι.
1076 1497 1121 1582 2).

312 1598 403 1666 ldem
417 1598 515 1667 sentit
528 1597 725 1683 llanclerus,
739 1597 851 1667 doctor
871 1599 1081 1691 parisiensis:
1103 1625 1120 1663 a
1135 1597 1394 1688 Obligationcm,

271 1738 288 1774 a
312 1709 436 1800 inquit,
460 1707 581 1776 iulerre
608 1715 712 1798 potest
734 1707 893 1800 (loquitur
917 1707 1114 1778 desummo
1137 1707 1396 1798 Pontificelscr·
1520 1747 1521 1752 ι

271 1845 288 1880 a
313 1813 411 1884 randi
432 1815 522 1904 leges
539 1815 746 1882 canonicasa
765 1839 799 1884 se
814 1816 979 1902 conclitas,
996 1826 1029 1885 ct
1047 1813 1220 1885 sufficienti
1235 1815 1396 1906 promul-

272 1925 441 2016 «gatioue
472 1922 544 1993 orbi
575 1923 752 1992 christiano
783 1926 1061 2011 communicatas,
1093 1931 1127 1993 nt
1154 1922 1346 2014 alphonsus
1376 1947 1398 1992 a
1518 2003 1519 2010 χ

271 2034 440 2117 «Castro,
471 2031 721 2100 Turrecremata
749 2032 869 2124 aliique
899 2032 939 2099 de
971 2031 1100 2099 meliori
1132 2041 1209 2101 nota
1243 2031 1396 2098 doctores

271 2138 544 2210 «credideruntz
571 2137 658 2229 quod
684 2138 765 2208 adeo
791 2162 908 2207 verum
932 2163 1001 2208 esse
1024 2137 1138 2226 credo,
1155 2147 1192 2207 ut
1207 2138 1394 2206 secundum

270 2277 287 2313 a
310 2245 410 2317 fidem
436 2245 549 2336 negari
563 2266 629 2313 non
644 2267 736 2337 posse
751 2255 877 2337 putem.
892 2246 1005 2338 Neque
1020 2257 1191 2338 propterea
1206 2245 1261 2313 lex
1279 2246 1395 2314 minus
1523 2325 1524 2328 Ἴ

269 2384 287 2422 a
310 2357 391 2445 legis
413 2357 546 2424 numine
571 2363 603 2422 at
627 2355 751 2423 honore
776 2356 978 2446 dignabitur,
996 2355 1023 2422 si
1046 2357 1179 2446 justaet
1193 2353 1394 2423 sufficienter

270 2492 288 2529 c
310 2463 518 2556 promulgata
545 2485 611 2530 nou
642 2463 818 2554 recipiatur
841 2487 862 2531 a
885 2463 1020 2555 populo,
1046 2485 1104 2532 nec
1121 2463 1231 2530 minus
1247 2465 1395 2554 peccabit

269 2599 287 2637 a
309 2582 421 2640 contra
443 2571 502 2638 Dei
522 2570 626 2660 jussa,
643 2571 670 2636 si
687 2569 777 2638 illam
791 2572 860 2640 sinc
875 2595 974 2641 causa
992 2571 1140 2663 repudiet
1163 2599 1179 2636 ι
1208 2571 1258 2660 (de
1273 2572 1393 2640 Eccle-

266 2679 397 2746 siastica
409 2675 616 2762 Momrctia,
635 2699 669 2766 p.
687 2681 720 2760 2,
738 2676 762 2743 l.
782 2682 815 2764 l,
833 2703 861 2746 c.
882 2679 928 2768 3).

312 2787 391 2854 llaea
418 2791 595 2875 praenotata
621 2783 806 2872 voluimus,
833 2810 873 2855 ne
888 2788 923 2856 in
938 2790 1115 2880 quaestione
1130 2786 1211 2856 tanti
1228 2789 1392 2855 momenti

268 2895 336 2964 ulla
356 2894 481 2964 oriatur
502 2914 543 2959 ex
560 2891 815 2981 mquivocatioue
841 2897 973 2963 errandi
987 2897 1122 2965 occasio.
1140 2894 1236 2962 Nunc
1249 2893 1290 2960 ad
1306 2915 1393 2984 prc—
1519 2871 1524 2962 s

267 3003 432 3071 bationam
448 2999 548 3067 thosis
561 2999 769 3068 accedamus.

310 3110 478 3180 Probatur
494 3112 583 3174 1·—
597 3111 653 3176 Ea
675 3109 812 3178 veritate
835 3111 1064 3182 dentonstrnta
1079 3111 1289 3204 precedentis
1315 3111 1393 3180 tlte-

266 3221 320 3288 sis.
334 3217 566 3286 -Probatum
577 3216 881 3308 estinpraecadenti
891 3221 995 3311 capite
1005 3220 1165 3289 Romanis
1176 3218 1392 3288 Pontificibus
1519 3263 1522 3306 3

267 3337 449 3421 competere
475 3348 588 3394 veram
606 3335 637 3393 et
657 3329 788 3417 propria
808 3328 928 3398 dictam
954 3338 1145 3422 potestatem
1169 3328 1387 3418 legislativam
1520 3342 1521 3383 ῑ

267 3442 303 3508 iu
327 3439 497 3507 universos
516 3433 640 3503 Christi
661 3433 793 3522 fideles;
823 3438 880 3506 sed
900 3447 1091 3529 potestatem
1107 3438 1190 3506 hanc
1206 3459 1271 3505 non
1289 3436 1390 3504 habe-
1523 3487 1524 3528 ÷

268 3559 340 3619 rent
353 3547 495 3618 Romani
510 3543 694 3632 Pontifices,
710 3547 738 3614 si
751 3546 879 3636 legibus
896 3548 964 3616 suis
977 3548 1080 3639 ligare
1094 3567 1160 3614 nou
1179 3553 1310 3637 possent
1325 3545 1389 3612 nisi

266 3661 365 3728 libere
389 3665 609 3748 acceptantes:
634 3677 713 3723 nam
733 3657 786 3724 lex
811 3657 879 3726 sive
902 3665 1105 3748 preceptum
1121 3655 1176 3724 cui
1191 3677 1257 3722 ιιοιι
1274 3662 1388 3721 tenen-

267 3781 322 3840 tur
347 3769 480 3839 cbedire
499 3767 564 3836 nisi
584 3769 642 3859 qui
662 3767 795 3853 volunt,
822 3791 887 3836 non
913 3759 961 3836 ast
975 3769 1029 3837 les
1042 3788 1148 3858 neque
1163 3771 1384 3855 pracceptum

267 3901 346 3968 ergo
373 3869 513 3968 potestus
543 3875 669 3942 terendi
698 3875 786 3963 leges
813 3875 933 3967 quibus
963 3897 1029 3943 non
1054 3873 1199 3964 ligentur
1231 3871 1294 3940 nisi
1321 3893 1387 3938 vo-

268 3989 382 4072 lentes,
409 4007 474 4053 nou
496 3994 544 4052 est
566 4006 644 4051 vera
665 3984 847 4073 legislativa
867 3993 1017 4076 potestas.
1044 3983 1084 4052 Et
1097 3983 1180 4052 bena
1198 3979 1386 4050 advertatur

270 4093 445 4161 minimam
471 4091 700 4160 mulierculam
727 4094 762 4160 in
777 4093 919 4162 Ecclesia
944 4092 1063 4161 habere
1088 4099 1279 4183 potestatem
1305 4111 1385 4158 con-
1520 4135 1521 4140 ι

270 4203 368 4273 dandi
383 4205 471 4294 leges
483 4216 516 4273 et
529 4212 690 4296 praecepta
702 4203 745 4273 ad
760 4205 948 4274 universam
964 4202 1141 4272 Ecclesiam
1155 4200 1277 4270 directa
1283 4225 1292 4286 3
1315 4199 1383 4270 imo
1523 4277 1524 4290 χ
