3068 4948
612 509 695 556 rums
716 509 867 555 circumi.
1235 487 1293 554 251

184 661 283 740 atque
297 649 492 718 monitorem
504 647 615 718 scdulo
629 650 809 732 insinuare,
823 660 861 717 ut
875 660 905 717 ot
920 659 1046 717 nostros
1063 669 1258 738 coqnosccrc,
1273 660 1304 716 ct

184 755 232 825 ad
240 755 341 848 fidem
355 759 590 850 confluentium
610 781 715 828 mores
735 757 867 826 ualeant
887 755 1024 826 docendi
1044 754 1217 824 sedulitate
1228 757 1303 848 (on

185 887 278 932 marc
298 864 481 957 (Constant,
502 868 610 960 Epist.
640 869 678 936 R.
707 865 917 956 Pontifincm,
939 863 1001 932 col.
1030 865 1120 954 747).
1145 901 1191 916 -
1215 862 1306 932 ldem

186 973 274 1064 Papo
299 974 333 1042 iu
355 975 490 1067 epistole
514 977 556 1046 od
582 975 802 1068 Emporium,
828 974 918 1062 dicit,
944 973 1046 1042 beatu
1073 972 1306 1042 recordationis

186 1081 251 1150 oiri
269 1083 383 1152 Siricii
399 1085 557 1178 Episcopi
577 1085 705 1154 monita
724 1083 887 1154 euidentia
912 1105 1108 1152 commeasse
1123 1082 1303 1174 (Constant,

186 1190 281 1279 ibid,
300 1192 360 1262 ool.
380 1195 471 1284 795).

230 1301 329 1370 Anno
345 1305 421 1372 444.
437 1341 484 1356 -
498 1303 587 1372 ldom
604 1305 692 1396 Popu
711 1303 752 1372 ad
772 1305 946 1396 Episcopus
968 1302 1168 1373 Macedoniae
1188 1328 1194 1368 :
1213 1306 1306 1372 Hanc

187 1422 299 1478 autem
318 1410 522 1502 papiuulam
543 1425 690 1490 nostram
713 1412 882 1481 sollicitius
910 1411 1113 1481 Cretensibus
1136 1410 1306 1502 Episcopis

187 1517 393 1609 relcqmdam
405 1520 537 1604 mittite,
552 1533 589 1590 ut
602 1523 708 1592 sciant
715 1522 906 1613 plenissime
919 1521 1001 1614 quid
1013 1521 1055 1589 sit
1070 1520 1110 1590 de
1124 1519 1264 1590 Bubalia
1276 1531 1306 1587 ct

191 1629 216 1694 Τ
213 1627 355 1696 auriono
366 1630 550 1722 cutcn'sque
562 1631 817 1722 pronuntiatum
833 1630 1011 1720 (Constant,
1026 1628 1122 1715 ibid„
1135 1628 1195 1697 col.
1216 1628 1305 1718 742).

232 1735 331 1804 Anno
348 1740 423 1805 415.
439 1736 581 1807 -ldem
597 1739 685 1830 Papa
699 1739 811 1806 scribit
823 1735 864 1806 ud
880 1736 1106 1806 Alexandrum
1121 1734 1306 1804 Antiochiae

188 1843 398 1936 Episcopum,
416 1844 575 1915 mandans
593 1856 630 1916 ut
648 1847 717 1916 truc
740 1845 786 1914 ad
804 1845 961 1914 notitiam
983 1844 1245 1935 coepiscoporum
1259 1843 1311 1910 vel

184 1973 247 2042 per
269 1951 443 2043 synodum,
465 1954 495 2023 si
513 1965 633 2046 potest,
658 1955 710 2022 vel
722 1977 787 2046 per
810 1953 932 2022 irarum
956 1951 1180 2021 recitationem
1203 1949 1308 2041 saciat

185 2060 381 2149 peruenire:
398 2075 435 2128 ut
449 2085 521 2153 quor
541 2063 609 2154 ipse
630 2076 701 2131 tam
722 2063 898 2130 necessario
914 2071 1125 2152 percontatus
1142 2082 1184 2140 cs,
1202 2071 1235 2125 ct
1249 2081 1308 2126 nos

190 2180 261 2235 tam
288 2168 420 2237 climate
444 2171 679 2262 respondimus,
703 2171 871 2240 communi
895 2170 1046 2238 omnium
1065 2189 1218 2236 consensu
1240 2180 1309 2234 stu-

189 2274 307 2368 dioque
326 2291 494 2346 seruentur
507 2279 687 2371 (Comum,
702 2279 763 2366 ib.,
781 2280 842 2348 col.
861 2279 948 2369 854).
971 2278 1067 2346 Putat
1085 2275 1233 2346 Zoccuria
1249 2298 1308 2368 pro

188 2407 267 2454 voce
282 2386 506 2456 recitationem
519 2387 695 2478 legendum
706 2411 775 2458 esse
790 2389 1016 2481 receptionem,

234 2494 333 2562 Auno
360 2499 435 2564 417.
460 2535 504 2548 -
529 2495 681 2566 Zozimus
709 2497 799 2590 Popu
822 2494 864 2565 od
887 2478 1061 2588 Episcopos
1095 2495 1271 2585 gallicanos
1296 2524 1303 2564 :

194 2605 302 2685 Onam
323 2607 555 2674 auctoritatem
580 2608 698 2699 ubique
721 2629 779 2676 nos
804 2607 925 2675 misisse
952 2606 1165 2698 manifestum
1190 2619 1246 2687 cst,
1270 2619 1307 2673 ut

190 2712 312 2780 cunctos
332 2713 515 2805 ropionibus
538 2716 728 2798 innotescat,
746 2715 783 2786 id
800 2715 891 2808 quod
910 2717 1087 2784 statuimus
1111 2714 1308 2783 omnimodis

191 2839 255 2887 osse
276 2822 474 2892 seruandum
501 2823 680 2914 (Constant,
708 2825 769 2892 col.
795 2827 885 2915 936).
909 2863 953 2876 -
967 2823 1056 2892 ldem
1083 2824 1171 2915 Papa
1195 2821 1308 2891 eodem

191 2951 276 2998 anuo
297 2956 304 2997 :
327 2932 487 3000 Universis
510 2933 680 3025 Episcopis
692 2957 753 3024 per
768 2934 916 3023 Africam
938 2932 1131 3014 constitutis,
1153 2931 1309 3000 uniuersis

190 3037 360 3131 Episcopis
376 3061 440 3130 per
462 3041 589 3110 Gallias
607 3052 637 3109 et
657 3053 780 3132 septem
795 3041 986 3133 prouincias
1011 3040 1204 3122 constitutis,
1231 3039 1307 3107 uni-

191 3146 289 3214 ocrsis
307 3147 478 3239 Episcopis
496 3171 556 3239 per
579 3149 778 3241 Hispaniam
798 3148 1021 3217 constitutis...
1050 3152 1124 3232 Oua
1138 3148 1186 3226 ‚dc
1207 3171 1241 3215 re
1264 3147 1311 3215 ad

191 3257 398 3326 sanctitatem
421 3269 562 3325 uestram
588 3270 619 3326 et
640 3281 702 3350 per
725 3271 832 3327 totum
856 3259 977 3341 orbam,
1002 3258 1196 3350 ubicumque
1220 3271 1250 3325 ot
1274 3257 1307 3323 in

191 3387 396 3457 quacumque
415 3376 580 3434 terrarum
597 3389 695 3435 sonus
712 3367 880 3436 catholica
895 3366 1061 3456 relipionis
1076 3366 1167 3448 coiit,
1185 3364 1306 3456 scripto

192 3472 383 3557 direximus,
396 3476 519 3566 fratres
533 3475 706 3558 carissimi,
722 3497 763 3543 nc
780 3476 952 3544 Tuentium
975 3489 1005 3542 et
1033 3477 1149 3542 Ursum
1163 3475 1197 3542 iu
1213 3495 1306 3541 cono-

191 3583 343 3652 muuionc
363 3584 526 3667 Ecclesiu,
549 3584 583 3652 in
605 3606 807 3676 quocumque
826 3584 1034 3654 ecclesiastico
1057 3582 1177 3675 produ,
1200 3605 1221 3649 a
1242 3603 1308 3673 qua

193 3693 229 3759 in
253 3705 361 3760 totum
394 3692 673 3760 anathematizati
706 3706 800 3775 sunt,
816 3690 1048 3785 ,smu'piendos
1085 3714 1147 3760 osse
1180 3689 1308 3758 ducatis

194 3801 373 3890 (Constant,
390 3801 451 3871 col.
471 3803 559 3893 958).
576 3841 620 3854 -
633 3802 722 3872 ldem
739 3804 827 3895 Papa
841 3805 954 3874 codem
969 3827 1054 3873 auno
1068 3804 1109 3872 ud
1123 3801 1307 3872 Patroclum

192 3908 389 4002 Episcopum
406 3910 639 3997 Arelatensem,
652 3911 692 3978 do
704 3911 903 4003 quibusdem
919 3914 1006 3982 circe
1021 3911 1227 4003 disciplinam
1241 3933 1261 3980 e
1275 3933 1308 3980 se

193 4015 321 4086 statutis
342 4018 478 4110 loquens
496 4045 503 4086 :
522 4019 655 4111 Scripta
676 4030 788 4088 nostra
809 4020 845 4089 in
867 4023 1016 4090 omnium
1034 4021 1133 4113 socies
1153 4019 1308 4089 notitiam

191 4126 379 4217 pasnatico·
390 4139 427 4196 ut
441 4151 480 4195 ne
493 4127 553 4196 doc
569 4127 700 4218 quidem
715 4127 824 4218 ipsum
845 4129 915 4212 tibi,
934 4129 1023 4222 quod
1041 4129 1190 4198 omnibus
1205 4129 1307 4198 inter-

195 4234 320 4306 dictum
335 4249 391 4318 eu,
409 4237 502 4306 licere
515 4259 686 4330 coqnoscas
702 4237 882 4329 (coustant,
901 4239 960 4310 col.
982 4238 1071 4330 962).
