3042 4946
233 469 292 537 526
584 491 758 538 raacrurus
782 493 819 538 nu
842 493 996 538 rarucrrus

228 629 368 720 gandam
399 629 573 698 Ecclesiam
608 631 678 698 uei.
709 631 838 723 Quippe
868 633 895 700 si
925 633 1030 702 solum
1059 631 1254 724 proferatur,
1286 653 1362 700 nec

228 740 336 808 statim
364 738 504 808 addatur
533 761 588 807 eos
616 738 724 830 quoad
760 740 866 831 ipsam
898 739 1033 829 regendi
1068 749 1256 832 potestatem
1286 740 1361 806 uni

228 871 380 940 supremo
410 845 536 916 Pastori
572 847 734 939 subjectos
765 849 899 918 omnino
933 849 1046 933 luisse,
1076 849 1184 918 statim
1213 847 1360 916 dabitur

227 979 306 1024 ausa
325 954 476 1048 pestifero
493 955 596 1023 errori
616 955 656 1023 de
675 956 849 1024 constituta
863 956 1021 1043 Ecclesia,
1038 978 1105 1026 non
1125 955 1353 1042 monarchiae,

228 1063 283 1133 sed
303 1063 347 1132 itu
369 1073 404 1131 ut
424 1065 563 1155 ipsamet
582 1063 819 1156 Episcoporum
846 1064 990 1133 collectio
1010 1087 1067 1132 seu
1091 1085 1210 1155 corpus
1227 1085 1355 1154 supre-

227 1193 318 1240 mum
347 1171 448 1261 ipsius
477 1181 575 1262 caput
603 1173 645 1240 sit
671 1193 888 1263 supremaque
923 1179 1074 1263 potestas.
1107 1172 1233 1260 Dogma
1262 1193 1352 1260 ergo

228 1280 424 1349 catholicum
452 1289 500 1348 est
528 1289 627 1348 totam
654 1279 826 1370 cujuslibet
861 1279 1012 1371 Episcopi
1044 1279 1280 1370 jurisdictionis
1306 1301 1354 1347 ac

229 1389 408 1480 magisterii
430 1396 619 1479 potestatem
638 1387 824 1456 aldemano
850 1385 1006 1455 Pontitice
1029 1385 1223 1477 dependere,
1242 1387 1288 1454 ita
1308 1395 1352 1455 ut

215 1508 415 1592 ,potestatam
429 1499 513 1566 hauc
528 1498 752 1589 uuusquisque
772 1497 951 1588 Episcopus
973 1495 1156 1589 expeditam
1175 1519 1234 1564 seu
1249 1517 1350 1564 exer-

226 1606 354 1675 cibilcm
369 1604 487 1674 habere
503 1613 640 1696 nequeat
655 1605 718 1672 nisi
733 1627 792 1696 per
806 1605 992 1674 Romanum
1007 1605 1211 1690 Pontificem,
1225 1604 1349 1695 possit-

226 1737 289 1805 que
304 1735 361 1804 per
374 1711 525 1780 eumdem
541 1734 579 1780 ea
594 1713 728 1804 privari.

272 1823 311 1890 Et
329 1821 493 1890 conclusio
510 1821 580 1890 haec
599 1822 733 1890 omnino
757 1820 978 1914 independens
1000 1835 1048 1890 est
1068 1845 1089 1890 a
1108 1824 1343 1906 controversia,

226 1951 307 2000 num
321 1927 580 2021 jurisdictionem
598 1929 732 2020 accipiat
746 1929 923 2022 Episcopus
938 1929 1125 1998 immediate
1139 1954 1159 1999 a
1173 1931 1273 2020 Papa,
1292 1930 1347 1997 vel

226 2036 411 2106 immediate
432 2035 606 2105 aChristo.
626 2037 708 2104 Nam
730 2037 826 2105 etiam
842 2037 876 2104 in
892 2038 1044 2129 opinione
1064 2061 1139 2129 qum
1158 2037 1345 2106 immediate

226 2144 394 2214 aChristo
419 2143 597 2213 derivatam
619 2145 876 2237 jurisdictionem
902 2145 1116 2236 episcopalem
1144 2155 1341 2236 propugnat,

226 2276 286 2345 pro
308 2260 394 2321 certo
416 2252 565 2342 dogmate
590 2252 738 2338 habetur,
756 2252 940 2344 expeditam
965 2277 1022 2322 seu
1048 2253 1253 2323 exeroibilem
1277 2277 1344 2322 non

226 2385 295 2430 esse
321 2383 357 2428 ae
385 2359 520 2451 prolude
551 2360 683 2429 nulliter
706 2361 849 2429 exerceri
875 2361 957 2429 hanc
982 2361 1254 2452 jurisdictionem,
1279 2362 1342 2430 nisi

226 2469 315 2559 Papa
329 2491 405 2536 suos
426 2468 585 2560 Episcopo
601 2467 747 2536 subditos
762 2469 976 2559 assignaverit
991 2491 1027 2537 ac
1043 2471 1250 2539 commiserit.

271 2577 423 2646 Vicissim
439 2585 547 2645 autem
564 2577 644 2645 dum
660 2577 836 2668 exponitur
852 2577 1008 2645 mirabilis
1023 2577 1080 2646 illa
1094 2579 1258 2670 potestatis
1273 2579 1344 2668 ple-

227 2679 342 2749 nitudo
357 2701 456 2772 quam
474 2679 624 2749 Christus
641 2679 788 2748 Romano
803 2680 963 2770 Episcopo
976 2680 1126 2767 contulit,
1144 2681 1343 2772 praetermit-

225 2787 361 2858 tendum
375 2808 442 2856 nou
458 2796 506 2855 est
520 2786 723 2854 institutione
744 2785 857 2854 divina
877 2787 976 2856 simul
999 2786 1185 2856 ordinatum
1207 2810 1290 2874 esse,
1306 2797 1345 2856 ut

226 2897 395 2966 Romanus
410 2893 563 2962 Pontifex
584 2916 649 2964 non
671 2893 764 2961 aliter
780 2894 996 2963 universalem
1018 2895 1193 2963 Ecclesiam
1212 2895 1344 2984 regula-

226 3005 306 3072 riter
325 3023 437 3091 regere
461 3000 604 3083 deberet,
619 3023 718 3091 quam
742 3001 778 3066 in
798 3009 924 3092 partem
947 3000 1173 3069 sollicitudinis
1195 3001 1342 3070 vocando

224 3111 412 3203 Episcopus,
430 3131 549 3201 eosque
570 3118 725 3200 tanquam
745 3109 928 3178 ordinarios
951 3111 1099 3180 Pastores
1116 3112 1217 3180 variis
1232 3111 1342 3181 Frela-

226 3221 283 3290 siae
298 3218 448 3312 partibus
463 3218 684 3310 praeliciendo.

270 3336 454 3405 Pnorosrrro
479 3338 525 3400 6⁸.
547 3369 591 3386 -·
608 3337 773 3402 Romanus
793 3334 973 3426 Episcopum
992 3347 1038 3403 est
1057 3336 1215 3426 superior,
1232 3357 1291 3404 rea
1309 3347 1344 3404 et

224 3457 325 3537 caput
340 3444 487 3512 omninum
503 3442 647 3510 oliorum
661 3441 911 3533 Episcoporum,
926 3465 992 3510 non
1014 3456 1145 3510 tontum
1160 3443 1271 3534 quoad
1278 3445 1342 3535 ju-

226 3551 444 3620 risdictionem
457 3562 489 3618 et
502 3548 739 3640 mopisterium,
752 3548 809 3617 sed
822 3550 923 3617 etiam
935 3549 1046 3640 quoad
1057 3549 1277 3618 sacerdotium
1287 3573 1343 3620 seu

219 3671 418 3752 potestatem
433 3657 566 3726 ordmis.
585 3695 630 3710 -
644 3657 690 3725 De
704 3665 858 3747 potestate
871 3657 1006 3748 regendi
1020 3668 1052 3727 et
1066 3655 1214 3744 docendi,
1229 3682 1287 3728 seu
1302 3659 1343 3728 de

222 3768 447 3861 jurisdictione
472 3775 503 3833 et
529 3767 728 3856 magisterio,
750 3767 827 3833 satis
852 3775 937 3856 patet
959 3787 1001 3834 ex
1023 3765 1130 3852 dictis,
1152 3789 1228 3834 cum
1254 3769 1343 3859 ejus-

226 3875 442 3945 modicorum
462 3881 601 3966 potestas
616 3897 636 3941 a
652 3873 799 3942 Romano
814 3873 971 3943 Pontifice
991 3883 1059 3943 tota
1077 3873 1269 3966 dependeat.
1288 3875 1343 3945 Fi-

225 3985 311 4054 deles
332 3984 450 4076 quippe
467 3983 587 4051 nedum
613 3991 784 4051 teneantur
799 3983 957 4074 Episcopo
976 3981 1068 4050 aliter
1083 4005 1182 4073 quam
1202 3985 1344 4053 Romani

223 4092 390 4160 Pontificis
423 4091 611 4160 auctoritate
646 4089 820 4159 constituto
856 4089 1005 4176 obedire,
1036 4088 1155 4158 debent
1183 4115 1202 4158 e
1231 4103 1343 4160 contra

224 4201 332 4294 ipsum
354 4197 508 4290 repellere
529 4220 565 4265 ac
586 4219 720 4288 prorsus
738 4195 869 4285 habere,
888 4219 954 4266 non
970 4207 1126 4290 tanquam
1142 4197 1340 4292 legitimum,
