3022 4950
527 437 609 484 susis
632 439 782 486 canorum.
1195 428 1211 487 7

100 589 176 642 sunt
189 576 362 669 prohibita,
377 577 450 646 ideo
461 577 624 668 prohibita
639 587 727 666 sunt,
744 579 821 670 quia
834 603 876 648 ex
892 603 925 648 se
940 581 1046 652 mala:
1066 605 1140 675 quae
1153 607 1214 654 eu-

99 690 162 749 tem
176 683 251 772 jure
264 683 404 774 positivo
415 685 643 777 prohibentur,
659 687 731 755 ideo
744 687 927 774 suntmau,
945 689 1025 780 quia
1037 691 1211 781 prohibita.

97 789 285 860 Notandum
308 801 417 860 autem
433 801 481 861 est
501 816 598 862 omne
614 793 669 886 jus
690 793 837 864 naturale
855 818 924 864 esse
944 795 1043 865 simul
1068 806 1099 865 et
1121 798 1213 867 divi-

97 917 193 984 num,
208 898 263 966 sed
277 922 343 968 nou
357 925 375 968 e
389 908 520 988 contra3
539 925 613 970 eum
627 902 747 971 dentur
761 901 849 992 leges
864 901 984 972 divinae
995 905 1152 996 positivae.

142 1009 176 1072 2⁰
196 1006 255 1075 Jus
279 1007 457 1098 positivum
484 1009 709 1080 subdividitur
735 1010 770 1078 in
795 1009 945 1079 divinum
965 1020 996 1080 et
1016 1013 1210 1101 humanum,

97 1121 194 1202 prout
208 1114 298 1204 leges
311 1117 425 1205 bbere,
441 1117 494 1188 vel
509 1119 569 1187 Dei
583 1119 636 1187 vel
657 1119 840 1209 bominum,
861 1120 1026 1189 voluntate
1048 1120 1209 1193 feruntur.

142 1226 176 1288 3·
194 1223 340 1292 Humani
364 1249 443 1296 vcro
457 1227 544 1318 juris
566 1227 687 1319 triplex
702 1228 915 1320 distinguitur
933 1230 1075 1322 species;
1097 1254 1213 1324 nempe

93 1333 147 1424 jus
161 1336 414 1406 ecclesiasticum
428 1336 497 1405 sive
520 1335 725 1420 canonicum,
738 1337 793 1427 jus
812 1336 971 1425 gentium,
988 1345 1020 1405 et
1034 1338 1089 1428 jus
1104 1339 1209 1409 civile.

139 1444 201 1514 Jus
221 1445 471 1513 ecclesiasticum
495 1445 625 1536 proprie
649 1445 773 1513 dictum
797 1467 861 1513 non
878 1452 1037 1514 constaret
1052 1446 1114 1513 nisi
1130 1445 1213 1536 legi-

96 1553 158 1620 bus
181 1553 329 1644 positivis
349 1553 501 1622 Ecclesiae
532 1552 721 1624 auctoritate
743 1553 827 1622 latis.
852 1553 994 1622 Ecclesia
1015 1562 1122 1623 tamen
1146 1579 1210 1624 non

95 1667 221 1729 tantum
235 1661 323 1752 leges
337 1661 492 1755 positivus
513 1685 555 1730 ex
574 1662 680 1754 seipsa
696 1661 771 1746 fert,
802 1660 858 1730 sed
879 1669 910 1728 et
926 1661 1015 1751 leges
1027 1670 1098 1731 tum
1115 1672 1212 1733 natu-

98 1767 192 1850 rales,
209 1777 280 1836 tum
294 1769 393 1838 etiam
409 1768 537 1837 divinas
551 1769 709 1860 positivus
723 1769 875 1855 declarat,
889 1768 1085 1860 promulgat,
1102 1779 1209 1862 urget,

97 1876 187 1944 etsie
207 1886 367 1968 quatenus
383 1901 402 1946 a
421 1899 454 1946 se
471 1875 648 1946 declaratas
663 1877 739 1946 lacit
758 1875 855 1945 simul
871 1877 980 1968 aliquo
994 1899 1092 1946 sensu
1107 1879 1210 1948 eccle-

97 1982 249 2051 siasticas.
287 1985 371 2052 [linc
406 1983 546 2070 codices,
572 1985 643 2055 sive
672 1985 874 2053 collectiones
896 1985 981 2076 juris
1010 1985 1210 2055 ecclesiastici

99 2089 199 2158 multa
222 2092 387 2160 continent
403 2091 530 2160 decreta
539 2091 625 2182 juris
637 2090 754 2179 divini,
779 2101 850 2161 tum
865 2092 1022 2161 naturalis
1040 2101 1108 2163 tum
1123 2095 1214 2185 posi«

98 2197 166 2284 tivi,
190 2196 232 2265 ad
252 2221 326 2290 quae
351 2197 611 2290 jurisprudentia
634 2199 788 2268 canonica
816 2199 948 2268 extendi
974 2201 1088 2269 merito
1112 2223 1212 2292 repu-

98 2312 192 2373 tetur.

137 2413 197 2480 Jus
213 2414 360 2503 gentium
373 2415 482 2483 vocari
495 2414 652 2507 soletque
666 2436 778 2484 omnes
793 2415 845 2482 vel
859 2416 960 2484 ferme
974 2437 1086 2485 omnes
1098 2423 1211 2506 gentes

96 2527 243 2588 utuntur.
623 2579 627 2602 ,

137 2631 196 2698 Jus
211 2629 306 2699 civile
320 2629 428 2699 stricte
447 2639 615 2724 sumptum
635 2639 760 2701 constat
777 2631 906 2722 legibus
930 2632 1076 2723 positivis
1095 2633 1130 2701 in
1153 2633 1210 2702 bo-

96 2760 174 2804 uum
190 2737 366 2830 temporale
387 2738 512 2808 civium
528 2739 667 2830 alicujus
682 2740 883 2830 reipublicae‚
905 2742 1093 2810 auctoritate
1118 2742 1209 2812 civili

96 2843 192 2936 hujus
205 2845 392 2937 reipublicae
405 2846 598 2916 constitutis.

133 2953 198 3022 Sed
212 2953 490 3044 quemadmodum
504 2965 536 3023 ct
549 2955 668 3046 injure
689 2956 914 3043 ecclesiastico,
933 2958 977 3024 ita
990 2966 1021 3025 et
1034 2958 1069 3026 in
1084 2956 1205 3026 codici-

92 3061 150 3127 bus
173 3059 325 3128 civilibus
340 3061 443 3130 multa
465 3069 541 3131 sunt
558 3084 632 3154 quae
647 3062 687 3129 od
706 3063 761 3155 jus
777 3063 939 3150 divinum,
964 3071 1033 3133 tum
1058 3064 1206 3132 naturale

95 3167 159 3234 sive
174 3167 391 3254 immutabile,
413 3177 483 3237 tum
506 3171 683 3261 positivum
706 3180 736 3238 et
762 3171 921 3238 variabile
935 3172 1117 3262 pertinent;
1134 3195 1207 3262 quen

96 3283 198 3343 umen
214 3275 285 3364 lege
299 3277 386 3344 civili
401 3276 500 3344 simul
516 3286 744 3369 proponuntur
760 3287 792 3346 et
807 3278 999 3368 exiguntur,
1015 3288 1046 3347 et
1061 3301 1135 3369 quae
1150 3301 1207 3346 ve-

93 3383 138 3450 lut
152 3383 402 3454 fundamentum
419 3387 520 3455 totius
537 3386 752 3476 legislationis
766 3389 883 3477 civilis,
896 3397 992 3482 atque
1008 3389 1088 3457 adeo
1104 3389 1206 3481 ipsius

96 3515 166 3582 pars
180 3493 291 3562 baberi
306 3505 451 3588 possunt.
