3068 4948
552 483 634 529 suars
656 481 808 528 cuuomcr.
1175 453 1232 518 271

168 629 261 697 Hanc
276 625 535 696 dissertationem
551 624 590 692 de
605 621 758 714 requisita
771 621 885 709 legum
902 615 1144 709 pontificiorum
1161 639 1239 707 pro-

125 736 325 827 mulgatione
347 743 521 826 antequam
545 731 748 817 claudamus,
766 725 897 795 obviam
919 724 1065 794 eundum
1081 733 1129 794 est
1143 725 1241 794 alicui

124 841 320 928 difficultati,
343 865 416 934 quae
445 839 552 908 adhuc
578 837 680 906 menti
707 857 876 906 occurrere
899 842 1020 925 possct;
1044 855 1103 902 cur
1123 857 1241 926 nempe

124 953 207 1022 dum
230 950 434 1021 iustiniauus
459 948 574 1017 utilem
603 945 699 1014 duxit
724 965 783 1036 pro
810 941 938 1033 legibus
963 941 1188 1032 imperialibus
1206 942 1241 1010 in

124 1059 308 1151 provinciis
336 1055 474 1148 singulis
502 1052 818 1146 promulgationem,
848 1073 912 1120 nou
942 1050 1030 1119 idem
1057 1061 1241 1120 censeretur

125 1167 232 1259 quoad
256 1167 345 1258 leges
367 1165 617 1234 ecclesiasticas?
634 1162 694 1232 Cui
719 1159 892 1253 objectioni
916 1158 1121 1253 respondisse
1147 1183 1240 1253 repe-

125 1277 233 1344 rimus
251 1276 412 1345 loannem
433 1273 543 1359 Politi,
559 1271 639 1340 dum
656 1271 702 1339 sic
717 1269 861 1340 breviter
874 1270 1088 1362 quoestiouem
1108 1274 1149 1338 de
1162 1293 1241 1362 pro-

127 1382 329 1473 mulgatione
344 1380 476 1474 expedit
493 1408 500 1448 :

175 1492 292 1562 «Cum
305 1489 543 1581 Hierosolymis
557 1489 668 1559 concio
686 1488 796 1556 habita
816 1488 877 1556 luit
900 1511 986 1557 anno
1002 1489 1122 1558 Christi
1140 1493 1194 1577 51,
1211 1501 1242 1559 et

131 1630 148 1666 ι
170 1603 308 1694 quaestio
327 1601 366 1669 de
388 1599 633 1668 circumcisione
653 1597 826 1690 dirempta,
844 1597 962 1692 lexque
978 1598 1017 1668 de
1033 1599 1196 1668 suffocatis
1211 1611 1243 1670 ct

131 1738 148 1772 ιι
172 1711 331 1800 sanguine
345 1708 409 1777 lata
427 1709 527 1800 (Act,
551 1707 618 1798 15),
641 1705 750 1774 selecti
772 1706 904 1776 luerunt
927 1707 1029 1776 Judas
1048 1710 1242 1798 cognomine

132 1845 148 1881 ι
172 1817 332 1886 Barsabas
351 1824 382 1885 et
404 1815 500 1902 Silas,
518 1815 573 1906 qui
596 1837 752 1882 unacum
780 1813 882 1882 Paulo
903 1825 933 1882 et
953 1816 1102 1886 Bernaba
1120 1819 1242 1888 Antio-

132 1953 148 1989 ι
172 1924 294 2011 chiam,
312 1925 367 1992 ubi
392 1923 529 2015 quaestio
553 1921 609 1990 illa
631 1929 808 2008 exarseret,
832 1945 908 1989 cum
933 1922 1096 1992 mandatis
1116 1927 1243 1996 concilii

133 2060 149 2098 ιι
174 2023 463 2124 proficiscerentur.
485 2029 620 2100 Siricius
642 2053 793 2098 summus
814 2029 980 2118 Pontifex,
998 2033 1055 2124 qui
1076 2033 1158 2103 sedit
1178 2055 1243 2103 sse-

134 2169 150 2206 ι
174 2141 247 2209 culo
260 2140 306 2210 IV
318 2148 467 2221 exeunte,
483 2138 574 2206 litem
589 2141 633 2205 ita
648 2138 773 2208 solvere
789 2138 919 2208 videtur
931 2166 938 2206 ι
951 2140 1030 2206 satis
1043 2164 1111 2209 csse
1125 2145 1244 2212 cousti-

135 2275 152 2314 «
175 2249 316 2318 tutiones
342 2249 376 2315 iu
407 2246 490 2315 Urbe
519 2245 620 2314 editas
648 2267 734 2331 csse,
765 2244 820 2312 sed
852 2247 953 2314 satius
982 2246 1015 2314 in
1039 2249 1241 2340 provinciis:

134 2383 152 2422 ιι
179 2358 390 2448 Quanquam,
410 2356 462 2452 ait
482 2353 549 2440 ille,
568 2364 694 2420 statuto
715 2350 810 2420 Sedis
830 2354 1019 2444 apostolicae
1038 2356 1124 2425 nulli
1141 2381 1245 2428 sacer-

134 2492 151 2530 ι
176 2465 292 2533 dotum
312 2463 447 2532 Domini
465 2463 617 2552 ignorare
636 2461 678 2529 sit
699 2460 848 2542 liberum,
872 2461 985 2530 utilius
1006 2476 1116 2532 tamen
1137 2467 1199 2534 erit
1218 2470 1247 2536 si

136 2601 152 2638 ιι
176 2575 211 2642 in
235 2575 459 2642 universorum
478 2573 627 2662 fratrum
646 2584 832 2640 nostrorum
853 2572 1007 2641 notitiam
1020 2578 1243 2667 perferamur.

136 2708 153 2746 ι
177 2680 362 2751 Concilium
383 2681 599 2749 Lateranensc
619 2679 882 2748 constitutionem
899 2680 938 2748 de
957 2680 1100 2767 medicis,
1118 2693 1150 2754 et
1167 2711 1247 2757 con-

138 2817 155 2856 ιι
179 2790 292 2860 cilium
308 2790 538 2859 Tridentinum
553 2788 593 2858 dc
606 2790 826 2858 matrimoniis
841 2789 1048 2860 clandestini
1066 2793 1246 2887 decretum,

138 2927 155 2965 ι
180 2901 215 2968 in
236 2897 374 2990 siugulis
390 2898 566 2990 provinciis
587 2897 640 2966 edi
654 2899 839 2986 ¹voluerunt,
857 2923 931 2990 quae
947 2897 1022 2968 duae
1039 2923 1116 2970 sanc
1131 2927 1247 2999 excep-

140 3036 156 3074 ι
179 3011 283 3078 tiones
302 3008 500 3076 contrariam
522 3007 670 3098 regulam
693 3009 825 3076 firmare
840 3009 1003 3078 videntur.
1023 3009 1098 3080 ldeo
1114 3013 1248 3086 lormsse

140 3145 156 3183 ι
180 3115 352 3210 peculiaris
371 3115 641 3208 promulgationis
660 3115 768 3184 forma
787 3116 906 3185 horum
927 3117 1070 3188 duorum
1086 3145 1248 3193 canonum

140 3253 158 3293 ιι
181 3225 309 3294 decreta
323 3224 397 3310 luit,
412 3222 501 3315 quod
517 3224 558 3293 ad
572 3224 670 3293 laicos
691 3223 713 3290 ii
737 3225 947 3314 pertinerent,
964 3227 1084 3318 quibus
1106 3252 1184 3319 non,
1204 3234 1252 3302 uti

140 3363 157 3402 ι
181 3335 305 3404 clericis
328 3340 529 3424 praeceptum
544 3341 606 3418 est,
622 3342 658 3401 ut
677 3355 839 3401 canonum
865 3333 1042 3427 legumque
1058 3339 1251 3410 ecclesiasti-

140 3472 156 3510 ιι
181 3466 296 3514 carum
309 3441 529 3531 cognitionem
546 3441 606 3510 sibi
628 3442 765 3534 pariant.

187 3581 203 3621 ι
218 3554 304 3623 Hinc
317 3551 422 3620 oritur
437 3549 613 3619 discrimen
632 3551 717 3619 iuter
730 3552 818 3641 leges
839 3552 948 3619 civiles
965 3562 996 3620 et
1012 3555 1249 3628 ecclesiasticos.

140 3691 158 3730 ι
182 3661 267 3733 Nam
281 3685 358 3730 cum
373 3661 462 3751 leges
480 3659 590 3728 civiles
607 3660 676 3728 vim
699 3682 793 3728 suam
820 3661 857 3728 in
876 3661 974 3730 laicos
990 3663 1251 3754 edomuerunt,

141 3801 158 3838 ιι
184 3793 326 3863 quorum
346 3767 498 3837 omnium
513 3790 581 3837 non
600 3775 648 3836 est
666 3767 777 3857 legum
799 3768 906 3837 studio
927 3769 1094 3862 insudare,
1111 3797 1193 3866 opus
1206 3787 1255 3845 est

142 3907 160 3947 ιι
184 3888 220 3949 ut
245 3881 279 3946 in
299 3877 436 3968 singulis
458 3874 536 3944 locis
560 3876 714 3956 edantur3
742 3875 828 3966 quod
857 3877 994 3945 minime
1020 3879 1194 3949 dicendum
1215 3883 1254 3952 de

142 3987 320 4070 «clericis,
346 3985 403 4076 qui
431 3984 582 4053 omnium
610 4004 772 4052 canonum
800 3985 1020 4074 coguitionem
1046 4010 1087 4056 ex
1108 3989 1255 4062 instituto

144 4095 249 4165 «sibi
274 4093 392 4162 debent
417 4113 616 4184 comparare.
645 4090 738 4158 Adde
760 4089 964 4161 difficultates
990 4096 1153 4166 maximas
1178 4123 1256 4191 pro-

145 4201 359 4294 cmulgendi
391 4224 529 4271 canones
558 4202 592 4268 iu
625 4197 764 4290 singulis
798 4201 993 4292 provinciis,
1025 4211 1095 4272 tum
1126 4217 1256 4299 propter
