3042 4946
263 459 323 526 558
614 479 789 526 rnecrsrus
814 479 852 524 aa
875 477 1030 528 enracrrns

260 634 370 702 natus,
387 642 450 710 qao
468 618 622 703 divertat,
640 621 692 689 oel
709 623 763 690 cci
776 643 841 713 per
860 618 1040 711 episcopale
1062 615 1281 686 ministeriam
1293 627 1380 684 certo

257 727 444 821 presideat,
459 727 569 797 nescit.
587 727 671 818 (Lib.
692 732 725 816 5,
743 728 839 821 epist.
860 731 935 814 147,
952 725 994 795 ad
1007 747 1120 816 regem
1132 723 1324 814 Hibernia.)
1336 760 1381 774 -

259 837 350 907 Idem
380 837 498 907 invicte
533 837 648 930 probat
683 837 855 930 disciplina
892 837 1027 928 antiqua
1055 843 1086 904 et
1113 840 1268 927 perpetua
1295 832 1383 902 circa

260 946 436 1038 Episcopos
456 946 526 1015 sedi
546 969 616 1015 suae
638 947 872 1016 renuntiantes.
889 945 1026 1038 Semper
1041 967 1157 1036 nempe
1179 942 1281 1012 habiti
1304 949 1383 1010 sunt

261 1064 415 1146 unquam
438 1077 459 1122 a
485 1061 639 1145 potestate
670 1053 908 1145 jurisdictionis
938 1052 1140 1140 excidentes,
1165 1073 1231 1120 non
1258 1071 1337 1120 vero
1363 1073 1384 1118 a

260 1169 415 1254 potestate
431 1161 567 1230 ordinis.
587 1165 670 1233 Gom
686 1164 757 1255 quis
773 1163 952 1256 episcopali
965 1159 1130 1255 preditus
1143 1160 1319 1251 dipnitate,
1336 1159 1383 1228 ait

260 1271 468 1341 Innocentius
479 1271 537 1358 ΙΙΙ,
552 1272 675 1341 nullius
691 1285 801 1342 tamen
815 1270 968 1342 Ecclesiae
978 1271 1082 1363 possit
1096 1293 1160 1340 esse
1173 1269 1358 1362 Episcopus
1372 1295 1383 1334 :

260 1378 538 1471 quemadmodum
552 1378 592 1447 de
607 1380 663 1448 iilo
680 1379 850 1471 continpit,
867 1380 926 1472 qui
944 1380 1037 1448 anesi
1052 1378 1241 1470 pontificali
1261 1399 1385 1446 rencm-
1511 1401 1513 1448 5

262 1487 336 1569 liat,
361 1511 428 1556 non
453 1487 579 1556 bonosi.
601 1488 690 1578 (Gap.
713 1491 803 1556 Inter
829 1488 1035 1580 Corporalia,
1055 1490 1088 1575 2,
1107 1485 1148 1556 de
1167 1485 1386 1554 translatione
1512 1489 1513 1504 ²

261 1595 428 1686 Episcopi,
445 1593 480 1662 in
494 1595 578 1664 libro
594 1595 701 1686 primo
716 1595 957 1682 Decretalium.)
971 1632 1015 1646 -
1030 1593 1219 1662 Eustbatius
1233 1593 1268 1660 in
1282 1592 1385 1661 Parn-

261 1703 373 1795 phylia
389 1704 657 1795 Metropolitanus
668 1705 867 1798 episcopatui
881 1705 1137 1792 renuntiaverat,
1150 1713 1181 1772 et
1193 1703 1297 1796 ipsius
1312 1703 1384 1772 loco

262 1811 381 1880 electus
410 1811 516 1880 tuerat
545 1811 748 1882 Theodorus.
781 1812 827 1881 De
857 1836 922 1906 quo
953 1811 1155 1905 interpellata
1184 1811 1386 1880 oecumenica

260 1918 404 2010 synodus
420 1918 584 2010 Ephesiae
598 1921 644 1988 sic
657 1921 767 1990 statuit
783 1924 936 1990 :iactam
951 1934 1139 2012 rectumque
1153 1942 1217 1988 esse
1232 1919 1384 2010 definivi-

263 2049 335 2096 mus
358 2038 395 2094 at
420 2025 539 2118 absque
564 2029 658 2096 omisi
682 2027 938 2097 contradictione
961 2027 1181 2119 (Eustochiae)
1208 2039 1239 2094 et
1265 2049 1383 2096 nomen

262 2135 399 2204 retineat
426 2134 582 2227 Episcopi
607 2148 637 2204 et
660 2137 817 2205 bonorem
843 2149 874 2204 ct
895 2137 1181 2219 communionem,·
1205 2159 1245 2203 ea
1271 2149 1382 2204 tamen

262 2244 506 2335 lapsurasque
526 2243 705 2314 ordinandi
727 2245 795 2334 ipse
818 2247 1050 2314 anctoritatem
1075 2245 1206 2327 babeat,
1224 2267 1329 2334 neque
1347 2244 1382 2310 in

263 2351 331 2420 ulla
347 2351 491 2420 Ecclesia
507 2374 547 2419 ee
559 2353 698 2444 propria
713 2353 871 2444 sacrificet
887 2355 1095 2436 auctoritate,
1111 2353 1177 2421 nisi
1195 2351 1317 2433 testei,
1334 2351 1387 2420 ael

262 2462 450 2552 adjuvandi
470 2485 580 2546 causa,
604 2464 656 2532 cel
676 2465 886 2534 concessionis
909 2467 1049 2548 ratione,
1068 2465 1184 2556 affecta
1209 2487 1383 2555 amoreque

263 2571 454 2660 christiano,
471 2575 611 2664 afratre
626 2587 658 2642 et
670 2575 869 2666 coepiscopo,
890 2575 919 2644 si
936 2576 985 2643 ica
1005 2575 1188 2666 conciperis,
1205 2573 1385 2642 liberaliter

263 2678 439 2770 deseratur.
460 2681 572 2772 [Epist.
595 2681 728 2774 synod,
745 2683 867 2771 Labbe,
884 2691 906 2751 t.
929 2685 987 2772 Ill,
1008 2683 1068 2752 col.
1087 2684 1175 2772 805.)
1192 2680 1383 2750 Eustatlrius

262 2795 388 2877 potarat
399 2787 620 2858 ordinationes
634 2790 738 2858 tacere
759 2817 766 2858 :
783 2812 862 2881 ergo
874 2791 1024 2860 servabat
1035 2799 1225 2884 potestatem
1239 2788 1382 2869 ordinis;

263 2917 328 2963 non
343 2903 468 2986 poterat
481 2896 633 2966 ordinare
654 2920 713 2965 nec
734 2896 823 2967 aliud
842 2897 1020 2991 quidquam
1037 2921 1111 2989 ques
1130 2895 1172 2967 ad
1187 2896 1387 2988 episcopalia

262 3003 424 3092 pertinent
453 3004 522 3072 sine
552 3005 756 3076 concessione
788 3005 946 3074 ordinarii
973 3029 1070 3096 agere
1103 3033 1110 3073 ι
1139 3027 1218 3096 ergo
1251 3027 1387 3075 omnem

263 3110 415 3180 amiserat
435 3111 705 3203 jurisdictionem.
733 3151 777 3166 -·
804 3115 889 3181 Hinc
910 3114 1036 3183 Gcrson
1066 3115 1109 3205 (et
1135 3113 1223 3181 idem
1249 3111 1388 3181 tradunt

263 3218 462 3287 unanimiter
484 3218 604 3287 scholae
629 3220 788 3312 doctores)
813 3249 820 3289 :
845 3225 963 3292 Status
989 3221 1191 3313 episcopalis,
1219 3221 1293 3288 licet
1321 3243 1396 3291 esse

256 3331 361 3422 possit
377 3333 412 3401 in
428 3333 539 3425 aliquo
554 3333 623 3401 nne
641 3333 736 3423 plebe
751 3345 782 3402 et
800 3333 868 3402 sine
888 3357 949 3402 asse
972 3333 1025 3401 vei
1045 3332 1209 3414 scantia,
1226 3331 1287 3400 boc
1308 3333 1390 3421 fieri

262 3463 326 3508 non
351 3442 508 3509 wodenis.
535 3439 643 3533 (Apud
671 3441 881 3531 Bolgenium,
903 3441 1138 3533 iEpiscopato,
1157 3447 1179 3506 t.
1193 3432 1240 3524 5,
1264 3463 1297 3531 p.
1326 3443 1386 3530 27,

262 3545 338 3616 edit.
368 3548 496 3634 Romae,
515 3550 625 3642 stet.)
647 3550 735 3640 Ergo
757 3557 881 3618 certum
906 3559 954 3618 est
977 3556 1168 3640 potestatem
1190 3547 1388 3640 episcopalis

263 3654 387 3724 ordinis
408 3667 492 3724 stare
516 3679 609 3749 posse
636 3659 705 3726 sine
728 3656 967 3750 jurisdictione.
990 3656 1142 3727 Vicissim
1163 3663 1274 3725 sutem
1297 3663 1387 3724 stare

262 3769 367 3854 potest
381 3763 571 3856 episcopalis
583 3763 768 3855 jurisdictio
781 3764 851 3834 sine
867 3770 1023 3855 potestate
1041 3761 1178 3832 ordinis.
