3042 4946
255 463 315 528 tlt
604 485 777 534 reserares
801 485 839 532 mc
862 485 1016 533 rnrnurrrs

249 623 420 694 aChristo
448 625 482 694 in
505 625 646 696 Ecclesia
674 627 838 696 institutos
861 625 962 695 luisse
987 627 1147 717 quosdam
1172 628 1229 718 qni
1256 649 1368 696 veram

250 731 373 800 Christi
396 734 578 802 doctrinam
602 734 826 825 predicarent.
842 734 895 803 Illi
916 756 1015 826 porro
1039 757 1082 802 ex
1103 757 1142 803 eo
1163 735 1252 826 quod
1275 758 1371 802 man-

250 839 364 908 datum
388 839 526 910 docendi
548 841 712 912 aChristo
734 842 927 934 acceperint,
953 842 1180 910 auctoritatem
1203 842 1305 911 simul
1329 844 1370 910 ad

251 948 444 1018 mandatum
473 949 556 1020 illud
580 950 827 1043 exsequendum
856 961 1060 1042 acceperunt.
1086 949 1175 1040 Ergo
1197 975 1217 1018 a
1240 951 1372 1019 Christo

251 1058 435 1128 institutum
457 1061 560 1129 estin
578 1059 719 1128 Ecclesia
739 1061 967 1149 magisterium
988 1083 1046 1128 seu
1061 1060 1200 1129 docendi
1217 1069 1368 1152 potestas.

295 1167 456 1236 Probatur
470 1169 523 1238 11⁹.
537 1205 582 1222 -
598 1167 785 1238 Traditione
801 1169 952 1260 practica.
970 1205 1015 1220 -
1029 1167 1171 1236 Ecclesia
1184 1189 1250 1236 non
1266 1169 1374 1259 potuit

253 1295 445 1366 persuasum
463 1275 582 1346 hahere
596 1276 691 1344 sibia
713 1276 843 1345 Christo
866 1275 976 1346 datam
994 1275 1094 1344 luisse
1109 1274 1246 1344 docendi
1261 1283 1371 1367 potes-

252 1393 363 1472 tatem,
379 1395 410 1453 et
434 1387 518 1455 hauc
539 1385 783 1478 persuasionem
798 1395 954 1477 perpetua
976 1383 1095 1474 agendi
1111 1384 1235 1453 ratione
1258 1386 1371 1476 expri-
1504 1401 1505 1406 ’

254 1515 356 1580 mere,
379 1495 407 1562 si
432 1493 516 1563 hauc
541 1501 732 1587 potestatem
753 1493 815 1585 ipsi
837 1514 903 1562 non
925 1491 1066 1560 dedisset
1086 1491 1248 1562 Christus.
1278 1491 1372 1560 Alio-

253 1599 335 1691 quin
354 1611 492 1670 crrasset
513 1603 598 1670 circa
619 1599 898 1670 fundamentalem
920 1599 1184 1668 constitutionem
1206 1623 1315 1684 snam,
1340 1609 1373 1668 et

253 1716 354 1798 portae
372 1709 469 1780 interi
489 1709 738 1802 praevaluissent
760 1707 917 1780 adversus
939 1731 1024 1797 eam,
1045 1717 1079 1777 et
1095 1731 1266 1800 nunquam
1289 1709 1372 1776 luis-

252 1827 301 1886 set
315 1841 392 1888 vera
405 1819 527 1889 Christi
541 1820 696 1890 Ecclesia.
713 1821 815 1912 Atqui
829 1819 974 1889 Ecclesia
989 1819 1114 1888 actibus
1131 1820 1199 1888 suis
1214 1827 1373 1910 perpetuo

253 1933 366 1996 testata
391 1935 439 1997 est
463 1929 525 1997 sibi
549 1950 741 2020 persuasum
766 1951 848 2016 esse,
870 1935 1060 2018 potestatem
1085 1926 1222 1994 docendi
1244 1935 1276 1994 et
1298 1949 1374 2017 quae
1505 1953 1506 2022 j

251 2037 412 2106 credenda
436 2047 513 2106 sunt
533 2037 771 2108 determinandi
791 2038 854 2107 sihi
874 2047 1066 2131 competere.
1091 2037 1268 2129 Nunquam
1284 2036 1373 2104 enim

252 2167 312 2238 per
329 2146 527 2237 baptismum
548 2147 611 2216 sibi
632 2146 781 2216 homines
806 2146 961 2239 adjunxit
982 2145 1045 2216 nisi
1064 2145 1187 2238 praevio
1207 2143 1374 2213 confiten-

253 2262 301 2322 tes
323 2277 358 2321 se
379 2254 522 2344 credere,
539 2264 569 2323 et
595 2256 819 2347 promittentes
843 2278 877 2323 se
903 2256 1096 2342 credituros,
1118 2254 1206 2347 quod
1231 2253 1375 2322 Ecclesia

254 2361 384 2430 nomine
409 2362 530 2432 Christi
558 2362 660 2432 docet.
686 2363 849 2432 Praetcrea
873 2385 928 2432 eos
951 2365 1096 2455 quinon
1123 2369 1376 2454 permanserunt

252 2470 288 2536 in
313 2469 511 2560 professione
537 2469 613 2539 fidei
636 2493 735 2563 quam
757 2472 828 2563 ipsa
855 2471 963 2553 tradit,
986 2471 1020 2538 in
1041 2468 1203 2540 consortio
1226 2491 1285 2538 suo
1308 2490 1374 2537 non

253 2578 401 2664 retinnit,
430 2579 485 2648 sed
515 2579 618 2670 ejecit.
649 2580 719 2648 Iuro
746 2579 945 2671 quicumque
974 2579 1026 2648 vel
1061 2600 1165 2648 unum
1198 2576 1375 2645 articulum

255 2685 412 2756 doctrina
426 2687 552 2779 abipsa
572 2686 699 2755 traditas
720 2687 930 2777 pertinaciter
944 2687 1089 2776 negavit,
1106 2685 1147 2752 ab
1163 2683 1266 2775 ipsius
1284 2706 1372 2751 com-

255 2796 410 2863 munione
437 2804 577 2864 reseetus
600 2802 659 2862 est.
682 2795 744 2862 Tot
769 2793 990 2864 Consiliorum
1016 2815 1091 2885 quac
1114 2787 1276 2860 celebrata
1297 2801 1377 2860 sunt

255 2909 441 2999 praecipuus
457 2909 512 2976 illc
530 2931 646 2999 scopus
663 2907 736 2993 luit,
752 2915 789 2975 ut
811 2927 936 2991 omues,
951 2905 1046 2973 aliter
1059 2927 1096 2972 ae
1119 2903 1261 2972 Ecclesia
1276 2901 1379 2969 tradit

255 3025 410 3102 tenentes,
437 3017 670 3086 damnarentur
696 3025 793 3106 atque
818 3015 860 3082 ab
884 3014 1025 3082 Ecclesia
1049 3021 1203 3104 tauquam
1229 3017 1376 3078 errantes

256 3135 287 3193 et
305 3125 441 3194 rebelles
463 3125 712 3217 expellerentur.
738 3122 897 3215 Symbola
920 3121 998 3190 fidei
1020 3121 1091 3212 ipsa
1112 3119 1262 3206 confecit,
1279 3128 1378 3209 atquc

256 3235 408 3303 omnibus
433 3233 595 3302 credenda
619 3231 785 3323 imposuit.
815 3231 921 3322 Ipsius
947 3239 1125 3321 pastorum,
1149 3227 1318 3296 doctorum
1345 3235 1378 3294 et

256 3341 565 3432 thaumaturgorum
591 3341 759 3433 praecipue
782 3361 861 3407 cura
883 3337 973 3406 omni
1000 3344 1145 3427 tempore
1169 3334 1242 3421 luit,
1262 3341 1299 3401 ut
1321 3334 1377 3400 in-

257 3449 368 3518 fideles
388 3459 420 3518 et
443 3449 612 3518 haereticos
634 3469 747 3517 omnes
768 3445 985 3529 confutarent,
1006 3453 1103 3534 atque
1126 3466 1145 3511 a
1169 3444 1223 3510 via
1248 3441 1375 3526 salutis,

256 3581 298 3626 ex
313 3581 350 3627 eo
365 3557 453 3650 quod
472 3557 625 3626 traditam
645 3556 687 3624 ab
710 3554 852 3623 Ecclesia
877 3552 1062 3621 doctrinam
1084 3550 1267 3642 rejicerent,
1282 3549 1378 3617 aher-

255 3688 327 3734 rare
350 3666 621 3734 demonstrarent.
647 3663 735 3752 Ergo
758 3661 908 3730 Ecclesiae
933 3682 1060 3752 semper
1082 3657 1145 3726 luit
1168 3679 1375 3749 persuasum,

255 3795 288 3844 se
304 3796 324 3840 a
338 3773 468 3842 Christo
482 3780 670 3863 potestatem
687 3768 823 3840 docendi
841 3769 1017 3860 accepisse;
1035 3789 1113 3857 ergo
1129 3767 1263 3856 accepit.

299 3881 462 3951 Probatur
476 3881 546 3949 1110.
564 3879 672 3946 -Eu
686 3901 724 3947 co
744 3876 832 3970 quod
853 3875 916 3945 nisi
936 3875 1086 3945 Christus
1107 3883 1299 3966 potestatem
1319 3874 1377 3942 do-

257 3992 351 4060 cendi
364 3990 515 4060 Ecclesia·
531 3986 682 4070 dedisset,
702 3984 927 4077 imperfectum
943 3993 975 4051 ct
989 3983 1121 4051 irritum
1144 3981 1378 4073 redemptionis

258 4121 339 4188 opus
366 4097 559 4190 reliquisset.
583 4094 690 4162 -Ut
710 4094 798 4162 enim
822 4091 1011 4160 hominihus
1035 4089 1239 4182 applicentur
1263 4089 1378 4158 saluti-

258 4206 318 4273 leri
342 4204 574 4295 redemptionis
594 4204 730 4290 fructus,
747 4223 873 4270 necesse
898 4209 944 4268 est
965 4209 1001 4267 ut
1021 4196 1245 4288 generationes
1265 4217 1380 4265 omnes
