3042 4946
517 485 599 532 sums
631 486 782 532 curacrucr.
1145 471 1205 536 533

69 619 160 714 plex
184 623 354 716 presbyter
377 623 574 694 diaconusve
596 632 652 692 aut
671 623 903 712 subdiaconus,
927 635 1038 718 utpote
1057 627 1206 720 papalem

64 731 342 821 jurisdictionem
361 755 527 819 exercens,
549 732 701 822 superior
721 753 789 800 csse
809 733 966 802 omnibus
989 734 1105 803 mundi
1127 737 1205 828 Epi-

70 841 189 930 scopis
205 841 517 932 Archiepisccpisvc,
536 848 632 931 atque
653 839 733 930 ipsis
755 839 854 908 ctiam
876 841 1077 910 Primatihus
1093 852 1124 912 ct
1138 845 1206 912 Pa-

71 947 245 1016 trisrchis.
272 949 313 1016 Et
337 948 459 1039 pariter
482 948 628 1032 clericus,
652 946 726 1016 licet
753 970 811 1016 nec
833 948 1003 1040 presbyter
1025 973 1085 1020 nec
1107 953 1205 1022 etiarn

70 1053 239 1128 diaconus
255 1066 311 1125 ant
325 1057 556 1143 subdiaconus,
572 1057 601 1122 si
616 1055 769 1126 Vicerius
783 1056 945 1145 generalis
960 1057 1109 1149 Episcopi
1125 1083 1205 1129 con-

71 1163 248 1250 stituatur,
276 1173 387 1256 utpote
413 1164 589 1256 ipsammet
615 1162 831 1253 episcopalem
851 1163 1114 1254 jurisdictionem
1140 1169 1203 1235 ob·

73 1269 203 1358 tineus,
234 1294 311 1340 vere
345 1272 495 1362 superior
523 1283 571 1337 est
608 1269 763 1338 omnibus
798 1270 971 1340 dioeceseos
1007 1272 1204 1363 presbyteris

72 1378 222 1472 aliisque
238 1379 374 1448 clericis.

124 1486 179 1554 Ad
214 1487 456 1557 distinctionem
490 1488 578 1580 quod
618 1488 732 1556 attinet
768 1487 905 1578 hujusce
936 1487 1205 1578 jurisdictionalis

75 1595 287 1682 hierarchiae,
312 1597 353 1665 ab
376 1619 414 1664 ea
436 1621 511 1688 quae
537 1597 659 1667 divinss
681 1596 893 1664 institutionis
908 1605 967 1682 est,
984 1605 1016 1664 et
1031 1619 1106 1688 ques
1121 1619 1203 1666 con-

75 1713 143 1772 stat
169 1704 349 1796 Episcopis,
374 1706 572 1797 presbyteris
590 1715 623 1774 ct
643 1705 817 1792 ministris,
841 1728 913 1774 cam
934 1727 975 1774 ex
994 1705 1091 1774 dictis
1110 1706 1204 1776 facile

75 1823 187 1903 potest
203 1815 341 1906 quisque
359 1814 551 1906 perspicere.
578 1815 728 1884 Christus
747 1815 835 1882 enim
854 1813 1032 1905 descriptos
1044 1815 1202 1906 jurisdic-

76 1923 217 1991 tionales
238 1923 361 2012 gradus
379 1925 448 2014 ipse
463 1945 530 1992 non
545 1923 729 2007 constitnit;
749 1921 805 1991 sed
821 1924 992 1991 dumtaxat
1005 1922 1136 2014 plenam
1149 1947 1204 1992 re-

77 2029 197 2118 gendee
231 2030 426 2099 universalis
461 2030 613 2099 Ecclesiae
637 2037 836 2121 ‚potestatem
874 2030 1023 2098 Romano
1051 2030 1203 2099 Pontifici

78 2139 228 2224 contulit,
248 2139 413 2230 simulque
431 2140 606 2232 Episcopos
625 2139 777 2225 instituit,
803 2147 839 2206 ut
858 2159 917 2228 per
938 2137 1201 2228 jurisdictionem

77 2269 100 2312 a
124 2245 212 2336 Papa
238 2246 469 2336 accipiendam,
502 2255 534 2314 et
561 2244 779 2337 dependenter
803 2245 845 2312 ab
869 2243 984 2312 eodem
1010 2244 1099 2336 Papa
1125 2269 1200 2314 suas

78 2355 256 2444 respective
294 2355 447 2424 dioeceses
481 2364 642 2445 regerent.
681 2355 720 2422 ln
754 2376 821 2444 qua
853 2352 966 2424 divina
1000 2352 1200 2423 institutione

77 2485 146 2530 non
168 2463 330 2554 reperitur
348 2465 447 2532 series
466 2464 523 2532 illa
541 2465 704 2553 graduum
719 2462 1033 2553 jurisdictionelium
1053 2485 1096 2530 ex
1111 2465 1200 2532 varia

79 2571 203 2661 papalis
243 2571 478 2662 jurisdictionis
512 2572 757 2663 participatione
792 2592 981 2661 exurgens;
1017 2593 1075 2639 nec
1103 2571 1200 2640 etiarn

78 2679 181 2748 altera
204 2681 323 2748 similis
342 2681 441 2749 series
461 2680 522 2748 sub
549 2680 719 2771 Episcopo,
745 2701 821 2771 quse
846 2701 886 2747 ex
917 2677 1071 2770 Episcopi
1093 2689 1202 2770 potes·

80 2797 144 2856 tate
170 2789 284 2856 oritur.
307 2789 388 2857 Tota
407 2788 621 2857 nihilominus
642 2788 714 2855 haec
730 2785 997 2877 jurisdictionalis
1017 2786 1201 2856 hierarchis

78 2898 115 2963 in
139 2897 208 2986 ipsa
229 2895 352 2965 Christi
377 2896 579 2964 institutione
601 2895 743 2963 radicem
761 2901 793 2964 et
813 2892 1063 2962 fundamentum
1088 2895 1195 2964 habet.

80 3005 188 3073 Posita
214 3005 300 3072 enim
331 3005 437 3096 papali
473 3005 508 3071 in
541 3004 733 3073 universum
770 3001 930 3072 mundum
961 3012 992 3069 et
1027 3002 1201 3094 episcopali

81 3113 116 3178 in
142 3110 304 3180 diaecesim
334 3111 499 3180 ordinaria
523 3110 762 3201 jurisdictione,
792 3109 863 3202 jam
895 3131 1009 3178 omncs
1039 3110 1092 3176 isti
1123 3132 1198 3198 gra-

69 3220 142 3288 dos
174 3221 342 3311 possibiles
377 3220 522 3306 luerunt,
558 3220 730 3310 evolvique
764 3225 952 3310 potuerunt,
982 3227 1014 3286 et
1047 3218 1087 3286 de
1116 3218 1198 3288 lacto

82 3330 200 3400 evoluti
215 3338 303 3400 sunt.

124 3440 305 3510 Psorosmo
321 3445 366 3509 4⁸.
385 3477 428 3492 -
442 3440 562 3509 Eooloi
584 3422 685 3508 otiam
702 3439 824 3530 potuit,
847 3449 878 3505 et
900 3436 940 3504 de
960 3440 1050 3526 sacto
1070 3437 1200 3504 evoluto

81 3560 126 3616 est
150 3547 363 3639 particularis
384 3547 571 3616 hierarchia
590 3545 867 3637 jurisdictionolis
890 3543 1119 3633 relipiosomm
1143 3547 1201 3634 sa*

83 3655 259 3724 miliorum.
279 3655 447 3724 -Semel
468 3657 556 3723 enim
578 3653 726 3722 institute
747 3652 856 3744 papali
878 3651 914 3718 in
935 3650 1123 3719 nniversam
1138 3652 1200 3720 Ec-

83 3763 208 3830 elssiam
234 3760 472 3852 jurisdictione,
505 3761 611 3853 potuit
644 3760 812 3829 Romanus
841 3758 997 3827 Pontifex
1032 3757 1200 3847 religiosas

82 3870 218 3938 familias
237 3869 392 3938 localium
416 3870 652 3962 Episcoporum
683 3866 903 3957 jurisdictioni
932 3887 999 3933 non
1026 3864 1197 3954 subjicere,

83 4001 255 4070 carumque
280 3980 426 4068 regimen
445 3979 507 4046 sibi
528 3999 707 4056 reservare,
731 3984 763 4044 ct
785 3977 934 4065 regimen
956 3972 1038 4042 illud
1062 3994 1120 4061 per
1135 3997 1202 4041 res-

86 4087 221 4177 pectivos
236 4088 403 4176 regulares
418 4086 575 4157 Praelatos
589 4106 752 4154 exercere.
771 4083 812 4152 Et
826 4083 874 4152 sic
886 4083 926 4150 de
938 4081 1022 4150 lacto
1036 4090 1202 4170 peractum

86 4195 181 4264 luisse
196 4195 360 4266 notorium
376 4203 435 4264 est.
