3048 4954
273 491 312 554 91
626 509 803 556 1111011106
825 512 863 557 01
886 511 1038 560 11110110

272 674 290 712 «
316 646 600 715 constitutionibus
630 649 815 740 apostolicis
840 651 976 720 minime
1002 651 1234 744 repupnontia,
1259 651 1389 744 praeuio

273 781 290 819 «
317 753 490 822 Ordinarii
515 755 578 824 loci
599 757 750 825 eramiae
777 771 809 825 et
836 758 1087 852 approbatione,
1118 760 1158 829 de
1185 784 1269 829 nouo
1297 761 1390 829 edere

273 887 289 925 «
312 873 411 952 atque
425 861 512 930 edita
528 864 755 955 reformare...
760 879 904 958 passast.
921 851 1032 960 ltaque
1042 867 1275 937 Derthonensis
1286 869 1389 936 ecele-

271 994 289 1033 «
312 969 369 1037 sia
399 971 561 1058 canonici,
593 981 629 1041 ut
657 973 834 1064 pontificia
866 975 1087 1044 constitutioni
1116 976 1386 1067 obsequerentur,

273 1105 289 1142 «
312 1079 402 1170 operi
430 1102 547 1148 manns
571 1079 800 1169 admoverunt,
825 1091 856 1150 61
871 1083 1040 1175 exemplar
1053 1081 1259 1152 conditarum
1273 1083 1388 1173 legum

271 1214 288 1250 «
312 1185 365 1253 die
388 1187 462 1256 maii
488 1190 571 1254 1828
594 1188 755 1281 Episcopo
777 1190 979 1278 obtulerunt,
1003 1191 1060 1282 qui
1076 1192 1231 1260 omnibus
1245 1192 1391 1280 cognitis

272 1324 288 1360 «
312 1307 503 1391 matureque
518 1301 698 1393 perpensis,
712 1323 766 1368 eas
781 1301 944 1394 probavit,
962 1303 1195 1394 observarique
1211 1302 1388 1396 prascrip-

272 1433 288 1470 «
311 1407 353 1474 sit
373 1407 435 1475 sub
455 1407 598 1500 pmnisa
619 1409 695 1501 jure
719 1407 866 1495 inflictis,
886 1409 1024 1502 aliisque
1048 1410 1187 1479 arbitrio
1209 1407 1388 1501 superioris

270 1539 288 1580 «
310 1513 509 1606 infligendis.
537 1541 554 1581 1)
576 1515 697 1584 Narrat
716 1524 828 1608 postea
848 1517 883 1586 S.
901 1517 1174 1607 Congregationis
1194 1518 1388 1586 secretarius

266 1624 442 1716 quomodo,
460 1623 570 1715 elapso
590 1646 657 1692 nno
671 1633 728 1692 eut
750 1623 966 1712 0116101010,
989 1625 1138 1693 canonici
1161 1625 1387 1694 contenderint

264 1753 330 1800 non
346 1731 490 1823 periisse,
508 1732 565 1800 sed
581 1732 688 1801 adbuc
704 1731 831 1824 vigere,
849 1733 984 1826 antiqua
998 1733 1131 1825 capituli
1148 1732 1383 1802 Dertbonensis

194 1917 199 1926 Ι
261 1838 338 1930 jura
353 1849 385 1908 et
400 1839 663 1910 consuetudines.
682 1841 733 1909 Ex
757 1842 939 1912 rationibus
954 1851 1064 1910 autem
1088 1840 1258 1910 hincinde
1278 1841 1384 1911 allatis

265 1947 336 2018 baec
351 1953 559 2046 excerpimus
574 1981 581 2021 :

313 2085 328 2122 «
350 2059 414 2141 Qui
427 2059 578 2151 Episcopi
595 2071 702 2152 partes
718 2069 840 2146 tuetur,
862 2060 942 2128 adeo
959 2059 1211 2128 novissimarum
1225 2060 1383 2128 eonstitu-

266 2195 283 2234 «
310 2167 434 2236 tionum
458 2167 638 2237 custodiam
658 2191 775 2258 urgere
798 2169 925 2256 nititur,
947 2176 984 2236 ut
1004 2167 1115 2236 omnia
1133 2169 1210 2258 jura
1229 2175 1260 2235 et
1279 2167 1383 2258 privi-

268 2303 284 2342 o
307 2276 404 2365 legia,
423 2299 498 2368 qum
513 2276 584 2343 sive
604 2275 846 2368 antiquioribus
861 2277 1000 2364 statutis,
1017 2277 1089 2344 sive
1105 2283 1232 2344 vetusta
1245 2297 1384 2344 consue-

266 2409 283 2448 «
307 2383 418 2452 tudine
454 2383 689 2468 innitebantur,
727 2383 806 2451 velit
834 2383 978 2476 undique
1014 2385 1170 2476 abrogata
1197 2412 1234 2458 ac
1263 2387 1379 2457 deleta.

267 2519 282 2556 «
307 2492 407 2584 quue
424 2515 500 2560 sane
515 2499 551 2560 ut
567 2500 710 2582 praestet,
728 2491 774 2558 sic
789 2491 937 2560 edisserit
956 2519 963 2559 :
980 2493 1065 2562 inter
1078 2493 1171 2563 sedes
1185 2496 1384 2587 episcopales

267 2629 283 2665 «
306 2599 556 2668 Pedemontanae
572 2599 762 2690 provincia,
779 2601 962 2691 apostolicis
976 2600 1091 2670 litteris
1104 2603 1183 2670 anni
1200 2608 1283 2671 18113
1301 2627 1382 2696 sup-

267 2736 283 2774 «
307 2731 434 2800 pressas
449 2729 486 2774 ac
500 2706 629 2799 penitus
643 2707 831 2794 exstinctas,
846 2706 958 2777 aderat
972 2709 1116 2801 proiecto
1139 2711 1230 2782 sedes
1244 2721 1276 2780 61
1290 2715 1382 2804 capi-

145 2887 149 2894 ,
267 2846 283 2883 «
307 2820 411 2887 tulum
428 2817 663 2886 Dertbonense.
680 2817 788 2908 Hujus
799 2817 846 2886 rei
858 2842 999 2910 perenne
1014 2820 1146 2889 exhibet
1159 2823 1382 2892 testimonium

265 2955 282 2992 «
305 2925 594 2995 11110160116111.
617 2926 749 3014 augusti
773 2929 871 3012 1817,
895 2929 929 2995 in
953 2951 1019 3019 qua
1044 2929 1115 2996 haec
1137 2929 1178 2996 de
1195 2930 1381 3023 apostolicis

264 3063 281 3100 «
305 3036 419 3104 litteris
443 3035 522 3103 anni
551 3037 634 3101 1808
651 3035 807 3124 leguntur
828 3036 1029 3106 :Sancitum
1052 3040 1382 3108 nostraauctoritate

264 3171 280 3210 «
299 3144 379 3235 soit,
407 3156 444 3210 ut
454 3141 584 3233 previa
599 3142 837 3234 suppressione,
863 3144 1075 3212 ecstinctione
1090 3169 1129 3213 ac
1137 3159 1302 3237 perpetua
1316 3171 1380 3216 an-

263 3280 280 3322 «
303 3253 486 3323 nullatione
505 3253 738 3346 episcopalium
757 3255 963 3324 ecclesiarum
983 3259 1153 3348 chnsinee
1234 3261 1379 3329 0611110-

261 3391 278 3429 «
301 3363 417 3445 nauis,
435 3372 496 3433 etc.
514 3365 586 3432 Jam
608 3386 686 3432 vero
710 3365 736 3431 si
760 3366 895 3456 antiqua
919 3365 1011 3436 sedes
1031 3391 1068 3435 ec
1085 3383 1177 3438 vetus
1197 3369 1377 3461 capitulum

261 3474 522 3542 «Derthonense
553 3495 663 3540 veram
696 3473 795 3541 subiit
821 3477 1087 3566 suppressionem
1119 3500 1157 3546 uc
1185 3487 1375 3570 perpetuam

261 3581 565 3674 «eastinctionem,
598 3580 730 3671 antiqua
766 3580 843 3670 jura
871 3592 902 3650 61
933 3584 1109 3674 privilegia
1142 3585 1210 3676 jam
1247 3586 1377 3677 penitus

260 3717 276 3756 «
300 3691 456 3757 exstincta
481 3711 516 3756 ac
541 3697 708 3779 perempta
732 3686 868 3756 dicenda
899 3701 975 3758 sunt
997 3691 1232 3782 (Reiffenstueb
1257 3693 1290 3760 in
1313 3693 1375 3762 l.3

259 3824 275 3861 «
300 3795 598 3882 neocesariense.
620 3799 673 3879 12,
692 3817 725 3862 n.
744 3798 797 3863 32.
816 3835 858 3848 -
874 3795 973 3866 Sacra
987 3799 1218 3888 Congregatio,
1236 3800 1270 3866 in
1289 3799 1376 3870 Ove-

259 3932 275 3969 «
299 3906 380 3972 tensi
403 3907 441 3970 18
467 3903 654 3972 novembris
673 3905 906 3996 1811811110)
927 3929 935 3968 t
951 3906 1000 3993 Si,
1017 3929 1082 3974 101
1099 3915 1192 3975 vetus
1211 3908 1301 3977 sedes
1316 3933 1375 3978 ve-

259 4041 275 4078 «
300 4021 414 4104 tueque
430 4011 609 4101 capitulum
623 4011 665 4077 ab
678 4013 854 4101 apostolica
869 4013 943 4080 sede
968 4015 1199 4103 instauratum,
1216 4018 1271 4084 sed
1288 4040 1375 4087 nova

257 4149 274 4188 «
298 4121 389 4189 sedes
404 4141 591 4210 novumque
606 4119 785 4210 capitulum
810 4131 953 4190 ereetum
977 4124 1052 4211 fuit,
1075 4133 1161 4216 patet
1177 4124 1266 4193 haud
1283 4127 1373 4195 revi-

257 4259 274 4300 «
298 4231 419 4304 viscere
434 4229 575 4322 potuisse
593 4229 727 4320 antiqua
739 4228 834 4320 jura;
862 4231 917 4299 sed
935 4255 972 4300 ea
988 4233 1214 4303 tantummodo
1229 4235 1370 4330 capitulo
1442 4292 1445 4296 .
