3072 4948
290 465 351 532 326
642 487 816 533 rnacrsrus
839 487 877 532 nn
901 485 1053 534 rnrscrrns

284 629 437 720 fictor-om
456 627 674 698 collationem
688 665 732 680 -
747 627 798 696 Ex
813 626 937 717 regulis
950 627 1151 696 cancellatim
1168 636 1234 696 lam
1251 627 1413 698 benefida

288 747 400 810 curata
425 760 522 830 quam
544 744 661 805 caetera
681 743 891 806 reservantur
915 737 1012 827 Papae
1034 743 1106 804 octo
1127 736 1206 804 anni
1229 737 1411 822 mensibus,

288 850 334 917 ita
355 856 391 917 ut
411 846 580 915 collatores
602 843 760 913 ordinarii
782 843 929 914 conterre
949 843 1075 936 possint
1089 851 1215 914 tantum
1231 867 1308 936 quae
1323 869 1414 937 qua-

290 969 363 1025 tuor
381 955 453 1022 aliis
475 953 640 1021 mensibus
659 962 786 1022 vacant.
813 956 859 1021 nt
875 975 951 1022 vero
966 953 1001 1022 in
1016 952 1211 1022 concordata
1225 953 1306 1023 anni
1325 958 1409 1022 1801

288 1086 438 1156 expresse
459 1063 611 1132 statuitur
627 1061 803 1154 Episcopus
823 1061 865 1130 ad
885 1061 1056 1153 parochias
1069 1061 1299 1131 nominaturus
1309 1088 1323 1146 ,·
1345 1087 1416 1155 qua

287 1196 363 1245 voce
383 1167 631 1260 intelligendum
646 1166 777 1238 videtur
793 1168 849 1261 jus
870 1168 1074 1256 confercndi,
1095 1192 1170 1238 cum
1185 1169 1316 1259 regulas
1330 1193 1416 1240 can-

287 1280 429 1352 cellariae
451 1279 484 1346 in
506 1277 640 1346 materia
656 1277 917 1347 reservationum
934 1300 1003 1346 esse
1023 1279 1132 1346 stricta
1149 1277 1417 1371 interpretandas

287 1389 417 1458 tradant
441 1385 658 1456 communiter
678 1385 867 1454 canonistas.
898 1385 986 1475 Ergo
1006 1384 1114 1476 quoad
1133 1385 1289 1454 beneficia
1310 1409 1417 1478 paro-

286 1496 402 1567 chialia
417 1517 482 1564 non
499 1496 610 1582 vigent
627 1516 713 1562 nunc
729 1494 763 1561 in
779 1493 884 1562 Gallia
902 1493 968 1562 illae
983 1493 1119 1583 regulae.
1142 1493 1206 1566 Sed
1221 1495 1331 1586 quoad
1345 1495 1416 1566 alia

285 1603 458 1689 beneficia,
493 1601 585 1668 verbi
611 1601 734 1690 gratia,
766 1600 874 1692 quoad
895 1600 1111 1670 'collationem
1132 1601 1413 1693 canonicatuum,

287 1710 377 1778 nulla
400 1710 434 1777 in
457 1717 548 1777 textu
571 1693 755 1777 concordati
778 1711 939 1800 reperitur
961 1710 1139 1800 derogatio.
1167 1711 1262 1780 Unde
1286 1721 1415 1784 attento

287 1818 393 1888 solum
420 1814 627 1903 concordata,
655 1816 915 1886 concludendum
943 1818 1083 1910 primam
1109 1829 1182 1911 post
1207 1820 1414 1914 Episcopum

287 1926 477 2017 dignitatem
505 1924 540 1990 in
567 1923 806 1992 cathedralibus
831 1946 900 1993 csse
924 1927 1021 2017 juxta
1048 1926 1178 2016 regulas
1205 1927 1413 1998 cancellariae

288 2033 364 2102 Sedi
379 2031 574 2124 Apostolicae
596 2031 716 2124 ubique
736 2032 769 2098 in
789 2032 894 2100 Gallia
912 2041 1131 2114 reservatam
1154 2043 1186 2102 et
1207 2035 1284 2104 item
1302 2058 1415 2106 reser-

288 2153 379 2212 vatos
401 2141 609 2211 canonicatus
635 2141 762 2232 quoties
785 2141 818 2210 in
840 2139 939 2211 Curia
961 2165 1098 2214 romana
1115 2154 1250 2224 vacant;
1277 2147 1413 2216 etitem

287 2259 424 2320 caeteros
452 2249 662 2318 canonicatus
692 2249 750 2340 qui
779 2259 894 2319 vacant
922 2259 993 2320 octo
1024 2250 1193 2342 papalibus
1225 2253 1411 2324 mensibus.

287 2360 399 2450 Neque
426 2356 531 2426 ullum
557 2355 768 2424 intervenisse
794 2357 946 2426 novimus
969 2357 1171 2448 pontificium
1195 2358 1362 2432 decretum
1390 2388 1414 2434 a

288 2480 430 2558 tempore
455 2459 663 2548 concordati,'
679 2485 736 2554 per
760 2464 848 2555 quod
872 2464 1039 2555 derogatio
1059 2467 1259 2536 cancellariae
1280 2471 1414 2560 regulis

286 2573 393 2666 quoad
408 2572 442 2642 id
455 2571 676 2644 induceretur.

330 2682 512 2750 Prorosrno
540 2683 583 2748 3⁸.
601 2716 645 2731 -
665 2679 784 2746 Promis
808 2702 829 2746 a
851 2692 996 2771 tempore
1022 2683 1212 2752 concordati
1232 2687 1267 2753 in
1293 2687 1412 2756 Gallia

286 2789 429 2859 obtinens
452 2785 629 2858 dubitandi
652 2810 751 2856 caasa
774 2811 837 2856 csse
853 2800 961 2881 potest
976 2799 1090 2858 utrum
1105 2791 1152 2860 ibi
1165 2793 1295 2884 uigeant
1309 2796 1412 2865 leodic

284 2897 485 2966 cancellariae
509 2895 642 2986 repulse.
661 2895 749 2962 -A
770 2905 913 2987 tempore
935 2897 1122 2966 concordati
1141 2901 1323 2972 nominatio
1339 2927 1410 2974 non

286 3013 413 3074 tantum
433 3003 473 3072 ad
499 3001 679 3094 parochias,
703 3001 758 3069 sed
783 3003 880 3071 etiam
899 3003 940 3072 ad
958 3004 1133 3094 dignitates
1150 3015 1183 3074 et
1197 3009 1410 3081 canonicatus

285 3135 409 3197 omnes,
426 3111 466 3178 ab
482 3110 648 3202 Episcopis
664 3109 737 3178 lieri
752 3108 853 3195 solet;
880 3132 955 3202 quae
970 3111 1083 3202 praxis
1099 3134 1165 3181 non
1179 3122 1307 3183 tantum
1323 3139 1410 3186 can-

285 3219 426 3290 cellariae
448 3217 569 3307 regulis
587 3217 748 3286 contraria
762 3226 823 3304 est,
842 3217 899 3286 sed
914 3227 945 3286 et
957 3219 1026 3309 juri
1040 3220 1206 3288 communi
1222 3223 1410 3293 collationis

283 3329 497 3408 simulassem,
524 3324 556 3394 id
579 3333 639 3411 est,
662 3345 720 3416 per
734 3325 932 3417 Episcopum
948 3325 1047 3395 simul
1062 3333 1096 3394 el
1113 3328 1295 3419 capitulum
1311 3355 1410 3424 pera-

283 3435 398 3526 gendae
415 3435 467 3526 (de
484 3455 550 3526 quo
562 3433 633 3500 fuse
651 3431 780 3521 agimus
796 3434 829 3500 in
848 3436 1003 3502 Tractata
1020 3433 1060 3502 de
1082 3435 1274 3528 Capitulis),
1290 3439 1360 3509 imo
1377 3452 1410 3510 et

284 3545 386 3614 valeri
402 3540 562 3632 gallicano
574 3539 654 3630 juri.
674 3539 776 3608 Porro
793 3563 850 3630 per
867 3541 964 3610 talem
980 3542 1110 3634 praxim
1124 3542 1291 3612 inductam
1307 3547 1408 3618 luisse

283 3651 405 3742 regulis
420 3646 620 3718 cancellatim
636 3646 881 3737 derogationem
895 3649 1032 3718 suadent
1046 3659 1217 3742 sequentes
1234 3653 1379 3722 rationes
1398 3685 1404 3723 :

332 3764 361 3827 1⁰
376 3759 435 3828 llla
448 3757 560 3848 praxis
570 3756 638 3846 jam
654 3754 915 3847 quadragenaria
929 3766 996 3844 est;
1018 3780 1116 3850 porro
1130 3758 1171 3826 ad
1187 3760 1407 3850 praescrihen-

283 3869 362 3938 dum
384 3873 496 3934 contra
517 3863 622 3952 legem
643 3862 862 3932 universalem
881 3864 1032 3936 Ecclesia
1051 3866 1086 3932 in
1107 3865 1242 3934 materia
1259 3866 1407 3961 discipli·

284 3977 355 4044 nari
380 3969 624 4066 prascriptibili
649 3969 796 4040 sufficere
822 3976 863 4042 lo
888 3995 990 4042 annos
1016 3974 1232 4046 communiter
1256 3975 1406 4048 doctores

285 4082 473 4152 admittunt.

328 4195 360 4256 2ο
384 4187 485 4257 Novit
504 4185 587 4255 hanc
609 4185 738 4274 praxim
763 4187 930 4256 Romanus
951 4189 1114 4278 Pontifex,
1140 4200 1171 4261 et
1192 4215 1257 4262 oon
1275 4200 1403 4262 tantum
