3064 4952
535 465 618 514 mars
639 467 792 516 manuscr.
1157 431 1219 514 223

115 609 417 700 «gubernationem
445 609 690 678 ecclesiasticam
720 611 874 703 praecepit
899 571 1060 681 Christus.
1087 610 1154 678 Hac
1183 611 1222 679 de

115 747 129 784 c
150 741 245 786 eausa
259 739 325 786 uon
340 727 456 810 potest,
472 718 566 796 serbi
582 719 699 818 gpatia,
716 717 928 788 ecclesiastica
941 726 1081 811 potestas
1096 717 1224 788 abolere

115 857 130 893 a
151 835 389 898 sacrosanctum
404 827 613 915 sacrificium,
626 849 684 895 nec
698 835 823 896 suumne
838 827 1004 897 materiam
1017 834 1073 896 aut
1084 827 1222 896 formam

115 963 131 1002 s
151 941 440 1023 sacramentorum,
463 946 523 1006 etc.

156 1073 172 1112 s
195 1044 281 1113 Hinc
296 1044 428 1137 quarmo
448 1067 597 1114 summus
619 1045 770 1114 Pontifex
790 1053 847 1114 aut
870 1045 1011 1114 declarat
1030 1068 1104 1138 quae
1124 1047 1226 1138 perti-

116 1181 130 1220 a
152 1163 250 1224 aeaut
269 1153 311 1222 ad
332 1154 548 1225 substantiam
575 1154 673 1246 hujus
697 1153 836 1246 duplicis
858 1155 1104 1242 gubernationis
1125 1157 1225 1224 eccle-

116 1265 298 1350 ssiasticae,
325 1273 383 1332 aut
406 1273 528 1334 resecat
552 1263 674 1333 abusus
702 1265 736 1332 in
762 1263 962 1333 contrarium
991 1287 1090 1355 prave
1119 1265 1227 1334 iutro-

118 1372 279 1458 cductos‚
301 1371 550 1464 manifestatque
576 1371 639 1440 sibi
660 1371 743 1441 velle
764 1371 981 1440 obedientiam
1007 1372 1227 1442 omnimodam

117 1511 132 1548 a
152 1481 311 1574 praestari,
329 1481 407 1572 quio
427 1489 505 1548 tunc
521 1479 612 1549 nulla
630 1479 769 1548 existere
793 1487 897 1573 potest
911 1481 992 1549 ratio
1008 1505 1081 1572 quae
1097 1490 1229 1550 excuset

115 1617 132 1655 a
153 1589 280 1658 fidelem
310 1609 550 1680 quemcumque
578 1588 620 1656 ab
649 1588 875 1657 observatione
900 1589 1136 1680 injunctorum,
1162 1614 1228 1660 uon

118 1726 134 1764 u
154 1698 389 1769 existimandus
405 1707 453 1766 eat
467 1719 640 1790 supremus
660 1697 828 1789 legislator
841 1699 1022 1768 consentire
1036 1709 1073 1768 ut
1087 1701 1228 1792 populus

119 1835 134 1872 a
154 1808 253 1877 bbere
269 1814 422 1899 acceptet,
438 1806 493 1875 sed
509 1808 640 1898 exigere
655 1806 872 1876 obedientiam
888 1807 1069 1877 censendus
1084 1818 1142 1878 est.

158 1945 175 1982 a
197 1916 303 1985 Aliter
322 1914 496 1985 dicendum
519 1924 567 1984 est
586 1916 627 1986 de
648 1916 901 1986 accidentalibus
925 1917 1106 2010 discipliuae
1129 1919 1230 1988 eccle-

119 2053 134 2091 ιι
156 2025 302 2094 siasticae.
322 2023 386 2091 Sed
402 2023 457 2090 bic
476 2025 572 2092 etiam
594 2024 685 2093 varia
705 2031 781 2093 suut
800 2024 1041 2115 distinguenda.
1060 2027 1100 2093 Et
1122 2027 1229 2119 primo

119 2161 134 2197 a
154 2131 350 2203 attendenda
369 2139 417 2199 est
438 2154 539 2224 supra
563 2133 648 2200 diota
674 2132 856 2201 differentia
882 2133 1077 2202 exteriorem
1097 2136 1181 2205 inter
1199 2145 1230 2204 et

119 2269 133 2305 a
156 2241 346 2310 interiorem
359 2237 576 2332 disciplinam.

160 2375 176 2412 «
198 2349 279 2430 Quae
300 2347 493 2416 ceteiiorem
507 2348 776 2438 gubernationem
793 2349 945 2439 regulaut
1019 2350 1146 2419 facilius
1170 2375 1229 2442 pro
1335 2375 1337 2384 ’

120 2457 311 2525 «varietate
331 2465 514 2548 temporum
539 2459 658 2526 mutari
684 2467 832 2550 possunt,
855 2459 938 2527 sicut
960 2460 1051 2529 docet
1074 2461 1232 2530 Innocen-

120 2569 220 2635 ctius
240 2567 285 2634 lll
309 2569 410 2638 :Non
435 2567 526 2636 debet
548 2569 793 2660 reprehensibile
815 2569 977 2661 judicari,
1001 2571 1031 2638 si
1054 2570 1231 2640 seeundum

122 2704 136 2741 u
158 2677 351 2745 uarietatem
375 2688 561 2769 temporum
580 2689 706 2746 statuta
728 2701 854 2770 quoque
877 2679 1048 2747 varientur
1065 2679 1226 2764 lcumena,

121 2784 340 2875 «praesmim
367 2807 441 2852 eum
467 2808 584 2876 serpeus
608 2785 789 2872 necessitas,
815 2787 867 2854 vel
893 2785 1021 2855 evidens
1047 2787 1176 2856 utilitas
1199 2788 1236 2856 id

123 2919 139 2956 a
160 2893 301 2984 exposcit
316 2895 398 2984 (cap.
413 2897 444 2980 8,
455 2892 494 2961 de
506 2893 669 2984 Consang.
681 2901 712 2961 et
721 2893 805 2984 m).
817 2894 1034 2987 Frequentius
1045 2895 1235 2987 hujusmodi

123 3027 138 3066 a
159 3009 278 3070 statuta
295 3001 540 3092 exceptionibus
562 3001 705 3070 obnoxia
720 3010 808 3089 sunt,
825 3012 856 3071 et
871 3004 1068 3095 populorum
1088 3006 1234 3074 moribus

123 3135 138 3174 «
159 3108 350 3200 legibusque
371 3108 522 3177 civilibus
542 3109 778 3201 impediuntur.
804 3111 888 3180 Hine
910 3111 997 3202 leges
1012 3113 1094 3200 istae,
1111 3112 1152 3181 ad
1171 3137 1234 3204 gu-

124 3247 139 3286 a
160 3219 384 3288 bemationem
404 3223 573 3286 externam
597 3217 808 3308 pertinentes,
826 3219 981 3309 praesumi
1002 3229 1138 3312 possunt
1157 3221 1234 3289 itaa

125 3355 140 3394 a
161 3328 317 3398 Romanis
340 3324 553 3396 Pontificibus
579 3325 730 3414 conditae,
756 3334 794 3394 ut
820 3349 879 3417 per
901 3329 1234 3420 non-acceptationem

125 3435 242 3504 uuibil
266 3434 443 3523 derogetur
463 3432 646 3502 auctoritati
670 3433 856 3525 pontificiae.
884 3433 1057 3503 Pontifices
1082 3436 1145 3528 ipsi
1170 3461 1234 3506 uon

125 3544 262 3613 «semel
285 3542 492 3610 declararunt
514 3565 548 3610 se
566 3543 601 3609 iu
628 3541 746 3610 talibus
773 3542 909 3610 tolerare
933 3545 1040 3612 varias
1065 3545 1235 3615 nationum

126 3679 142 3718 a
164 3653 425 3722 eonsuetudines.
448 3651 533 3718 Satis
556 3652 617 3719 erit
638 3653 737 3720 citare
759 3651 985 3719 Alexandrum
1006 3653 1063 3741 lII,
1079 3656 1135 3746 qui
1150 3678 1237 3724 anuo

127 3787 142 3823 a
166 3764 249 3828 taso
271 3759 485 3828 Ambianensi
509 3759 681 3851 Episcopo,
697 3759 737 3826 de
758 3759 964 3828 matrimonio
984 3761 1154 3852 cujusdem
1176 3763 1236 3832 ioe-

127 3869 260 3936 eminae
280 3889 355 3936 eum
375 3866 547 3958 impotenti
569 3867 642 3934 viro
664 3865 857 3952 consulenti,
875 3868 920 3936 ita
943 3871 1131 3961 rescripsit:
1150 3871 1239 3940 Licet

128 3983 313 4048 «Romane
336 3977 481 4046 Ecclesia
507 3977 795 4066 noctconsceveric
817 3991 955 4070 propter
973 3978 1074 4046 talem
1097 3978 1239 4070 infirmi-

129 4114 144 4151 a
167 4101 268 4155 tatem
277 4087 330 4155 oct
332 4097 470 4177 propter
479 4085 548 4153 alie
560 4082 723 4174 meleficia
733 4083 876 4175 lepitime
885 4085 1073 4176 eony'enctos
1084 4085 1237 4171 diuidere,

130 4219 146 4262 c
168 4195 319 4264 situmeu
335 4190 531 4261 cousuetudo
553 4192 713 4281 generalis
733 4193 902 4282 pollicens
921 4193 1071 4263 Ecclesiae
1093 4195 1191 4265 debet
1205 4210 1242 4266 ut
