3068 4948
589 501 671 550 Jttnts
693 501 846 552 ctuoutct.

671 871 692 960 o
721 870 763 938 n.

160 1101 264 1151 Nuttunt
287 1106 324 1152 est
347 1101 503 1152 beneficium
524 1102 729 1155 eccteoiosticum
751 1103 821 1167 qood
844 1103 1001 1167 conposuit
1023 1115 1139 1154 sommus
1159 1104 1278 1156 Pontifex

192 1191 321 1250 conterre,
338 1191 359 1240 ci
376 1191 402 1242 id
419 1191 542 1242 Eceteoteo
559 1191 619 1242 utile
636 1191 796 1257 reputaverit
810 1208 817 1242 :
832 1192 867 1242 ito
880 1197 908 1242 ut
919 1193 963 1255 juo
976 1191 1167 1244 ordinariorum
1184 1194 1281 1244 electo-

191 1294 250 1331 rum
270 1287 296 1332 et
319 1281 474 1332 collatorum
496 1285 630 1356 remanent
649 1295 752 1346 semper
778 1283 900 1346 potestati
926 1283 1047 1332 nomem
1066 1282 1139 1334 Sedis
1162 1283 1280 1334 subordi-

191 1374 290 1420 nutum.

206 1621 475 1691 Prenotoodum.
499 1661 543 1674 -
565 1625 596 1688 t·
621 1621 745 1690 Moneri
765 1622 846 1689 soiet
871 1622 954 1689 inter
974 1622 1120 1692 doctores
1141 1626 1279 1715 qnaestio

161 1735 274 1799 utrum
293 1731 381 1821 Papa
395 1730 435 1797 sit
451 1729 686 1797 beneficiorum
703 1729 853 1796 omnium
871 1729 1033 1812 dominus,
1052 1751 1092 1797 nn
1109 1751 1187 1798 vero
1203 1733 1280 1799 uni·

161 1837 298 1905 versatis
318 1835 545 1906 tantummodo
568 1835 829 1905 administrator.
856 1837 1004 1904 Asseruit
1025 1835 1156 1928 quidem
1181 1839 1279 1929 Epis-

143 1927 263 2037 ¹oopus
285 1946 325 2013 dc
349 1945 525 2014 Houtheim
552 1943 584 2012 id
608 1967 676 2012 esse
703 1944 900 2036 principium
930 1949 1166 2026 Romanorum,
1194 1947 1283 2038 quod

161 2059 258 2147 Papa
279 2054 430 2124 dominus
450 2054 492 2122 sit
515 2056 662 2122 omnium
679 2054 905 2144 beneficiorum
926 2055 962 2144 (t.
980 2054 1006 2139 1,
1023 2078 1050 2122 o.
1069 2059 1102 2140 7,
1119 2056 1139 2146 ᾖ
1155 2061 1187 2141 t,
1203 2079 1277 2148 pag.

165 2165 254 2252 569).
283 2167 327 2232 At
346 2187 424 2234 vero
449 2164 493 2233 ito
512 2163 704 2232 affirmando
724 2171 836 2231 auctor
858 2162 911 2230 ille
926 2185 985 2254 pro
1007 2185 1096 2231 moue
1115 2187 1174 2233 suo
1189 2187 1280 2232 men·

162 2275 240 2341 titus
269 2283 326 2340 est.
360 2273 448 2340 Licet
477 2273 563 2340 enim
593 2273 713 2362 Pupam
743 2293 812 2338 esse
843 2271 1073 2339 beneficiorum
1109 2271 1281 2341 dominum

162 2380 332 2448 docuerint
361 2379 460 2470 ediqui
491 2401 531 2447 ex
562 2380 704 2448 nomenis
734 2377 892 2467 theologis
920 2388 950 2446 et
977 2379 1167 2465 eunonistis,
1198 2381 1281 2448 inter

162 2513 245 2581 quos
271 2489 453 2574 Medionios,
480 2489 695 2580 Seraphinuo,
714 2487 915 2574 Menochius‚
932 2498 964 2555 et
979 2487 1153 2556 cardinalis
1166 2489 1278 2577 Petca5

163 2598 310 2688 plerique
334 2607 442 2664 tomen
468 2619 542 2664 cum
563 2604 673 2664 sancto
699 2595 825 2664 Thomu
853 2593 888 2661 id
910 2604 1041 2683 negent,
1069 2604 1099 2661 et
1121 2596 1281 2664 sustinent

163 2707 324 2775 Romnum
353 2705 542 2774 Pontificem
569 2727 638 2772 esse
661 2711 786 2772 tautum
814 2703 1046 2772 beneficiorum
1067 2704 1282 2774 odmine'stro-

164 2827 280 2882 torem.
311 2815 469 2897 Quamvis
494 2835 543 2880 res
571 2813 737 2893 Eccleciee,
761 2812 808 2879 uit
835 2810 946 2880 doctor
968 2811 1144 2901 Angoiicus
1171 2813 1219 2902 (2.
1246 2819 1278 2900 2,

164 2949 198 3015 q.
218 2926 315 2990 tuta
339 2926 351 2988 t
375 2923 415 2990 nd
431 2923 476 3012 7),
494 2923 561 2990 sint
581 2925 683 3012 Papo
700 2934 735 2988 ut
754 2920 947 3013 princepale
961 2919 1201 3012 dispensatorio,
1219 2947 1282 2992 non

166 3045 277 3100 tamen
297 3043 374 3098 stent
393 3030 464 3121 ejus
483 3043 520 3097 ut
548 3029 675 3097 άοηιὶπὶ
701 3041 737 3116 οἱ,
753 3029 951 3120 possessoris.
979 3027 1085 3110 Quum
1114 3029 1282 3100 doctinam

165 3147 251 3207 tenet
267 3138 387 3208 Snurez
403 3137 561 3229 (Defensio
574 3136 665 3228 fidei,
682 3137 740 3205 lib.
758 3137 817 3222 IV,
831 3160 859 3204 e.
879 3139 931 3222 18,
947 3161 979 3204 n.
1000 3139 1044 3225 8),
1058 3138 1208 3207 Lotteruo
1223 3140 1284 3231 (De

166 3269 201 3314 re
224 3247 341 3338 benefi,
363 3246 385 3312 i.
411 3246 437 3328 1,
459 3269 491 3336 q.
517 3249 548 3331 t,
575 3268 608 3313 n.
629 3249 681 3331 57,
697 3245 765 3313 etl.
784 3245 826 3332 ΙΙ,
845 3268 877 3336 q.
897 3249 951 3331 22,
971 3267 1003 3312 n.
1025 3247 1091 3334 tu),
1108 3247 1283 3335 Fognonns

170 3353 214 3443 (in
237 3355 250 3420 Ι
271 3353 500 3439 Decretulinm‚
525 3353 565 3420 de
591 3353 703 3421 transi.
732 3353 889 3445 episcop„
912 3376 941 3421 c.
970 3355 1114 3436 Quanto,
1132 3378 1166 3422 n.
1196 3359 1232 3424 81
1252 3368 1285 3426 et

167 3461 265 3552 seq.)‚
296 3467 392 3552 otqtu
421 3458 567 3527 eamdem
596 3469 643 3527 tot
669 3459 723 3528 olii
751 3460 940 3544 defendunt,
971 3469 1007 3528 ut
1033 3483 1092 3552 pro
1118 3465 1285 3533 communi

167 3567 336 3636 doctorum
353 3568 449 3636 etinm
464 3569 685 3634 Romonomm
701 3567 857 3635 sententie
874 3567 1115 3656 hobe1·ipossit;
1134 3569 1221 3660 quod
1239 3572 1283 3639 sic

168 3675 307 3742 advertit
329 3675 503 3742 Bnoschiuo
520 3675 580 3765 (De
602 3673 708 3742 libert.
735 3675 840 3742 eccles.
864 3673 899 3740 in
917 3674 1109 3764 conferendo
1133 3676 1282 3770 beneficio

168 3783 288 3862 eccles„
313 3791 335 3848 t.
358 3783 415 3864 ΙΙΙ,
432 3805 460 3848 c.
477 3803 547 3866 xvc,
564 3803 597 3848 n.
619 3783 673 3865 to,
693 3804 723 3872 p.
743 3781 818 3870 311)
838 3807 845 3848 ι
866 3781 1052 3850 «Eetndem
1068 3782 1168 3852 fuisse
1193 3808 1284 3856 men-

173 3918 190 3955 «
213 3899 276 3958 tem
296 3890 535 3959 canonistarum
551 3896 709 3980 quotquot
730 3887 770 3956 de
787 3887 846 3955 huc
862 3911 896 3955 re
917 3888 1129 3978 sctipsernnt,
1147 3894 1284 3964 nullate-

173 4026 189 4062 ιι
212 4021 275 4066 nus
300 4006 349 4065 est
368 3994 611 4086 ambigendum.
639 3993 749 4076 Quum
777 3995 866 4062 enim
895 3995 1045 4086 incapite
1067 3998 1157 4067 Licet
1177 4003 1284 4091 (2,De

174 4132 190 4170 (ι
214 4103 401 4196 praebendis
426 4105 459 4170 in
486 4104 600 4193 cento),
622 4112 653 4169 et
676 4102 709 4168 in
731 4101 932 4172 Clementinn
948 4107 978 4170 1·
993 4117 1030 4172 ut
1042 4105 1098 4174 lite
1114 4109 1281 4200 perideone,

175 4241 191 4284 u
215 4237 279 4284 non
296 4213 383 4283 aliud
401 4213 538 4302 dicante,
553 4213 615 4280 nisi
631 4212 716 4308 quod
731 4237 860 4284 summo
872 4215 1017 4286 Pontifici
1029 4220 1174 4290 omnium
1188 4221 1286 4294 bene-
