3072 4948
668 468 843 516 relevatus
867 470 904 516 llll
927 469 1082 517 ramerius

842 779 898 847 lll.

314 967 487 1020 conciliorum
502 967 662 1034 generalium
678 966 793 1030 decreta,
810 979 826 1016 a
847 965 912 1016 Sede
934 965 1083 1031 apostolica
1099 978 1152 1016 nou
1169 966 1311 1032 approbata
1326 947 1371 1017 aut
1394 980 1430 1016 re·

595 1056 714 1122 probata,
731 1055 802 1106 omni
816 1068 922 1120 prorsus
938 1055 1027 1120 vigore
1044 1059 1143 1106 carent.

356 1266 435 1334 Haee
450 1264 549 1334 thesis
574 1264 646 1332 fuse
665 1263 796 1355 probari
812 1263 893 1332 solet
908 1263 943 1331 in
957 1262 1147 1332 tractatibus
1165 1262 1205 1332 de
1223 1263 1378 1350 Ecclesia,
1392 1262 1428 1330 de

223 1387 226 1390 ’
311 1396 439 1444 summo
463 1372 631 1461 Pontifioe,
654 1379 710 1441 aut
732 1371 771 1440 de
801 1371 948 1441 conciliis
974 1371 1015 1439 ad
1044 1395 1126 1464 quos
1149 1371 1361 1460 remittimus,
1379 1371 1428 1440 bic

310 1489 436 1551 tantum
451 1481 522 1550 baec
537 1504 640 1574 pauca
654 1488 869 1550 memorantes
882 1502 957 1548 cum
972 1479 1265 1570 Sobmalzgrueber
1281 1507 1288 1548 :
1312 1506 1329 1544 a
1350 1479 1428 1547 Acta

312 1618 329 1657 a
351 1590 564 1659 conciliorum
578 1589 689 1658 omnia
702 1587 743 1656 ad
757 1587 944 1657 Romanum
960 1586 1150 1656 Pontifioem
1168 1587 1357 1675 transmitti,
1374 1611 1428 1657 eo-

313 1723 330 1762 «
352 1719 491 1789 rumque
517 1695 722 1766 confirmatio
742 1696 807 1788 peti
827 1695 935 1782 debet,
956 1703 993 1763 ut
1012 1693 1114 1764 robur
1134 1694 1325 1763 obtineant:
1341 1696 1429 1764 etita

315 1831 331 1868 a
354 1803 395 1874 ab
412 1804 507 1872 initio
526 1803 633 1872 atatim
653 1803 775 1872 factum
795 1811 844 1872 est
859 1825 878 1871 a
892 1802 1029 1871 concilio
1042 1801 1178 1871 Niemno
1198 1805 1228 1888 l,
1246 1801 1305 1869 ubi
1318 1801 1429 1870 Patres

314 1940 331 1979 e
354 1913 387 1980 in
404 1911 545 2005 Epistola
561 1912 719 2004 synodica
740 1912 781 1980 ad
797 1911 1004 2004 Sylvestrum
1020 1910 1157 2002 Papam,
1174 1909 1338 2003 qucilqur'd
1354 1925 1428 1980 con·-

313 2021 539 2105 astituimus,
570 2021 745 2114 inquiunt,
769 2043 950 2115 precamur
976 2033 1015 2087 ut
1044 2019 1144 2088 uestri
1171 2019 1237 2086 oris
1269 2021 1428 2088 consortio

313 2157 329 2196 u
352 2134 574 2224 confirmetur.
592 2131 789 2223 Exemplum
804 2130 899 2198 istius
914 2137 1023 2199 secuta
1036 2141 1114 2200 sunt
1128 2132 1255 2225 reliqua
1270 2133 1423 2221 concilia,

312 2266 328 2304 v
352 2249 383 2308 et
399 2240 573 2310 novissime
588 2238 830 2326 Tridentinum,
848 2239 883 2305 in
897 2261 963 2330 quo
977 2240 1089 2308 Patres
1101 2241 1231 2309 concilii
1241 2241 1427 2312 solemniter

310 2376 326 2412 a
351 2347 555 2417 declararunt
568 2355 600 2415 et
615 2347 765 2438 potestati
787 2354 876 2434 sunt,
892 2346 1004 2416 omnia
1018 2354 1048 2413 et
1072 2347 1237 2437 singulae
1256 2372 1291 2416 se
1310 2357 1428 2419 statuta

310 2483 326 2520 a
349 2457 398 2524 ita
421 2455 548 2524 decreta
569 2455 679 2546 ficissc,
709 2466 747 2522 ut
768 2453 802 2521 in
816 2453 866 2522 Iris
881 2453 974 2522 salva
988 2477 1114 2546 semper
1133 2456 1314 2524 auctoretas
1336 2457 1428 2526 Sedis

309 2591 325 2628 u
349 2563 540 2656 apostolicae
559 2575 589 2632 ct
608 2562 651 2630 sit
671 2574 702 2631 et
725 2584 788 2630 esse
810 2561 1025 2654 intellipatur.
1051 2562 1150 2654 (Sese.
1180 2567 1235 2651 25,
1256 2587 1284 2632 c.
1314 2567 1371 2654 21,
1388 2564 1427 2632 de

309 2701 333 2738 a,
350 2673 422 2764 ref.)
447 2671 660 2764 Proceditque
679 2671 739 2740 hoe
758 2670 883 2738 etiamsi
907 2671 942 2738 in
967 2671 1105 2740 concilio
1124 2672 1341 2763 praesederint
1366 2673 1428 2741 Le-

308 2807 325 2844 «
348 2781 416 2870 gati
438 2779 619 2860 Pontifiois3
642 2801 718 2847 nam
733 2777 794 2846 hoc
808 2799 873 2845 non
890 2777 1049 2866 obstante,
1069 2777 1222 2866 Romam,
1249 2787 1285 2848 ut
1302 2803 1428 2873 semper

308 2888 469 2956 «factum
498 2895 557 2975 est,
584 2887 625 2955 ab
652 2887 722 2978 ipso
749 2883 906 2953 Pontibce
934 2885 1159 2954 confirmando
1174 2887 1353 2960 transmitti
1371 2887 1426 2956 de-

228 3020 232 3034 ·
303 3001 393 3068 bent.
419 3025 435 3064 n
463 2997 559 3088 (Loco
579 2997 700 3087 citato.)

346 3108 465 3177 Utrum
489 3115 597 3174 autem
617 3103 744 3173 decreta
762 3103 948 3173 conciliaria
971 3105 1040 3174 vim
1063 3113 1094 3173 et
1116 3105 1217 3174 robur
1238 3104 1320 3195 legis
1350 3105 1428 3174 uni-

303 3217 437 3286 versalis
463 3215 602 3284 habeant
626 3214 723 3281 etiam
744 3222 818 3282 ante
850 3212 1131 3282 confirmationem
1158 3212 1252 3282 Sedis
1283 3213 1428 3305 Aposto-

303 3323 399 3392 licae?
421 3321 609 3392 Affirmavit
629 3321 728 3391 Sotus
747 3321 792 3412 (in
812 3326 844 3406 t,
870 3321 945 3390 dist.
972 3326 1028 3407 20,
1051 3327 1113 3388 art.
1140 3323 1172 3407 3,
1196 3321 1236 3388 ad
1262 3321 1293 3411 2)
1325 3345 1366 3389 ex
1391 3345 1427 3391 ea

303 3432 427 3500 ratione
444 3429 532 3523 quod
552 3428 689 3498 concilio
707 3429 851 3519 generali
871 3429 941 3520 ipsa
966 3428 1039 3520 ejas
1061 3429 1293 3497 convocatione
1315 3429 1427 3498 conie-

304 3549 397 3609 ratur
416 3547 556 3630 potestas
576 3537 703 3605 terendi
724 3535 912 3628 hujusmodi
930 3535 1018 3625 leges
1035 3563 1042 3603 :
1062 3536 1133 3603 hare
1155 3542 1264 3602 auum
1287 3544 1426 3626 potestas

303 3649 424 3717 frustra
451 3646 555 3715 eidem
586 3645 732 3732 daretur,
763 3645 791 3712 si
813 3643 884 3736 ejus
912 3642 1132 3712 ordinationes
1150 3665 1186 3711 ac
1206 3641 1335 3711 decreta
1357 3644 1425 3712 vim

302 3758 384 3849 legis
399 3763 473 3825 ante
490 3752 768 3822 confirmationem
785 3750 993 3843 apostolicam
1017 3772 1083 3818 non
1100 3750 1296 3820 obtinerent.
1319 3777 1336 3815 (ι
1361 3749 1423 3818 Sed

308 3893 324 3930 a
347 3865 459 3934 verius
470 3870 529 3950 est,
545 3862 591 3929 ait
606 3857 911 3950 Schmalzgrueber,
934 3857 1034 3927 robur
1049 3857 1182 3949 plenum
1197 3865 1228 3925 et
1242 3857 1423 3926 absolutam

308 4000 324 4036 ι(
348 3973 415 4039 vim
440 3967 607 4060 obligandi
627 3965 788 4058 ejusmodi
807 3965 934 4034 decreta
953 3965 1060 4033 solum
1076 3961 1234 4048 obtinere,
1257 3965 1285 4032 si
1303 3967 1422 4032 confir-

309 4107 325 4144 «
350 4079 447 4147 matio
463 4075 638 4169 apostolica
653 4075 888 4167 supervenerit.
914 4100 931 4138 a
951 4072 1049 4164 (Loco
1061 4073 1186 4164 citato.)
1201 4073 1242 4141 Et
1253 4081 1421 4166 postquam

304 4186 389 4255 idem
418 4192 530 4254 auctor
561 4181 766 4250 enumeravit
805 4180 972 4271 theologos
999 4189 1029 4249 et
1056 4181 1237 4249 canonistas
1269 4179 1314 4248 ita
1345 4203 1421 4248 sen-
