<?xml version="1.0" encoding="UTF-8"?>
<!DOCTYPE html PUBLIC "-//W3C//DTD XHTML 1.0 Transitional//EN"
    "http://www.w3.org/TR/xhtml1/DTD/xhtml1-transitional.dtd">
<html xmlns="http://www.w3.org/1999/xhtml" xml:lang="en" lang="en">
 <head>
  <title>
</title>
<meta http-equiv="Content-Type" content="text/html;charset=utf-8" />
  <meta name='ocr-system' content='tesseract 3.04.00' />
  <meta name='ocr-capabilities' content='ocr_page ocr_carea ocr_par ocr_line ocrx_word'/>
</head>
<body>
  <div class='ocr_page' id='page_1' title='image "./tractatusdeprin00bouigoog_0342.png"; bbox 0 0 3072 4948; ppageno 0'>
   <div class='ocr_carea' id='block_1_1' title="bbox 549 422 1233 488">
    <p class='ocr_par' dir='ltr' id='par_1_1' title="bbox 549 422 1233 488">
     <span class='ocr_line' id='line_1_1' title="bbox 549 422 1233 488; baseline 0.004 -4"><span class='ocrx_word' id='word_1_1' title='bbox 549 437 633 486; x_wconf 84' lang='lat' dir='ltr'><strong>rurus</strong></span> <span class='ocrx_word' id='word_1_2' title='bbox 654 438 805 485; x_wconf 71' lang='lat' dir='ltr'><strong>cenoman</strong></span> <span class='ocrx_word' id='word_1_3' title='bbox 1172 422 1233 488; x_wconf 85' lang='grc'><strong>327</strong></span> 
     </span>
    </p>
   </div>
   <div class='ocr_carea' id='block_1_2' title="bbox 115 577 1236 999">
    <p class='ocr_par' dir='ltr' id='par_1_2' title="bbox 115 577 1236 999">
     <span class='ocr_line' id='line_1_2' title="bbox 117 577 1234 672; baseline 0.004 -26"><span class='ocrx_word' id='word_1_4' title='bbox 117 577 202 666; x_wconf 88' lang='lat' dir='ltr'><strong>silet,</strong></span> <span class='ocrx_word' id='word_1_5' title='bbox 230 581 285 648; x_wconf 90' lang='lat' dir='ltr'><strong>sed</strong></span> <span class='ocrx_word' id='word_1_6' title='bbox 310 588 341 649; x_wconf 89' lang='lat' dir='ltr'><strong>et</strong></span> <span class='ocrx_word' id='word_1_7' title='bbox 364 603 405 649; x_wconf 83' lang='lat' dir='ltr'><strong>ex</strong></span> <span class='ocrx_word' id='word_1_8' title='bbox 428 581 540 650; x_wconf 90' lang='lat' dir='ltr'><strong>multis</strong></span> <span class='ocrx_word' id='word_1_9' title='bbox 569 581 648 650; x_wconf 88' lang='lat' dir='ltr'><strong>actis</strong></span> <span class='ocrx_word' id='word_1_10' title='bbox 670 601 815 650; x_wconf 77' lang='lat' dir='ltr'><strong>romanae</strong></span> <span class='ocrx_word' id='word_1_11' title='bbox 836 580 945 648; x_wconf 74' lang='lat' dir='ltr'><strong>Curia</strong></span> <span class='ocrx_word' id='word_1_12' title='bbox 970 580 1141 672; x_wconf 71' lang='lat' dir='ltr'><strong>praedictas</strong></span> <span class='ocrx_word' id='word_1_13' title='bbox 1163 584 1234 652; x_wconf 89' lang='lat' dir='ltr'><strong>col-</strong></span> 
     </span>
     <span class='ocr_line' id='line_1_3' title="bbox 115 685 1231 782; baseline 0.003 -28"><span class='ocrx_word' id='word_1_14' title='bbox 115 686 254 756; x_wconf 88' lang='lat' dir='ltr'><strong>lationes</strong></span> <span class='ocrx_word' id='word_1_15' title='bbox 286 695 442 781; x_wconf 84' lang='lat' dir='ltr'><strong>tunquam</strong></span> <span class='ocrx_word' id='word_1_16' title='bbox 475 686 601 758; x_wconf 86' lang='lat' dir='ltr'><strong>validas</strong></span> <span class='ocrx_word' id='word_1_17' title='bbox 632 688 674 756; x_wconf 88' lang='lat' dir='ltr'><strong>ab</strong></span> <span class='ocrx_word' id='word_1_18' title='bbox 707 687 778 779; x_wconf 91' lang='lat' dir='ltr'><strong>ipso</strong></span> <span class='ocrx_word' id='word_1_19' title='bbox 807 685 920 756; x_wconf 88' lang='lat' dir='ltr'><strong>heberi</strong></span> <span class='ocrx_word' id='word_1_20' title='bbox 946 689 1087 780; x_wconf 88' lang='lat' dir='ltr'><strong>supponi</strong></span> <span class='ocrx_word' id='word_1_21' title='bbox 1117 697 1231 782; x_wconf 88' lang='lat' dir='ltr'><strong>potest.</strong></span> 
     </span>
     <span class='ocr_line' id='line_1_4' title="bbox 117 793 1233 890; baseline 0 -26"><span class='ocrx_word' id='word_1_22' title='bbox 117 793 220 864; x_wconf 84' lang='lat' dir='ltr'>Verbi</span> <span class='ocrx_word' id='word_1_23' title='bbox 253 796 373 887; x_wconf 83' lang='lat' dir='ltr'><strong>gratis,</strong></span> <span class='ocrx_word' id='word_1_24' title='bbox 411 795 543 889; x_wconf 80' lang='lat' dir='ltr'><strong>quando</strong></span> <span class='ocrx_word' id='word_1_25' title='bbox 581 795 755 866; x_wconf 80' lang='lat' dir='ltr'><strong>cononicus</strong></span> <span class='ocrx_word' id='word_1_26' title='bbox 788 793 907 886; x_wconf 88' lang='lat' dir='ltr'><strong>aliquis</strong></span> <span class='ocrx_word' id='word_1_27' title='bbox 939 793 980 862; x_wconf 88' lang='lat' dir='ltr'><strong>ed</strong></span> <span class='ocrx_word' id='word_1_28' title='bbox 1015 796 1233 890; x_wconf 86' lang='lat' dir='ltr'><strong>episcopatum</strong></span> 
     </span>
     <span class='ocr_line' id='line_1_5' title="bbox 116 902 1236 999; baseline 0.001 -26"><span class='ocrx_word' id='word_1_29' title='bbox 116 905 282 988; x_wconf 88' lang='lat' dir='ltr'><strong>evehitur,</strong></span> <span class='ocrx_word' id='word_1_30' title='bbox 322 905 458 997; x_wconf 82' lang='lat' dir='ltr'><strong>ipsemet</strong></span> <span class='ocrx_word' id='word_1_31' title='bbox 493 913 602 974; x_wconf 86' lang='lat' dir='ltr'><strong>sancta</strong></span> <span class='ocrx_word' id='word_1_32' title='bbox 638 902 739 974; x_wconf 80' lang='lat' dir='ltr'>Sedes</span> <span class='ocrx_word' id='word_1_33' title='bbox 774 926 850 972; x_wconf 91' lang='lat' dir='ltr'><strong>eum</strong></span> <span class='ocrx_word' id='word_1_34' title='bbox 884 903 1029 974; x_wconf 81' lang='lat' dir='ltr'><strong>canonici</strong></span> <span class='ocrx_word' id='word_1_35' title='bbox 1065 929 1236 999; x_wconf 85' lang='lat' dir='ltr'><strong>nuncupa-</strong></span> 
     </span>
    </p>
   </div>
   <div class='ocr_carea' id='block_1_3' title="bbox 115 1011 1240 4252">
    <p class='ocr_par' dir='ltr' id='par_1_3' title="bbox 115 1011 1236 1190">
     <span class='ocr_line' id='line_1_6' title="bbox 117 1011 1236 1106; baseline 0.003 -24"><span class='ocrx_word' id='word_1_36' title='bbox 117 1011 205 1084; x_wconf 90' lang='lat' dir='ltr'><strong>tione</strong></span> <span class='ocrx_word' id='word_1_37' title='bbox 228 1013 388 1104; x_wconf 84' lang='lat' dir='ltr'><strong>designat,</strong></span> <span class='ocrx_word' id='word_1_38' title='bbox 414 1013 489 1084; x_wconf 89' lang='lat' dir='ltr'><strong>licet</strong></span> <span class='ocrx_word' id='word_1_39' title='bbox 510 1014 606 1106; x_wconf 83' lang='lat' dir='ltr'><strong>juxte</strong></span> <span class='ocrx_word' id='word_1_40' title='bbox 630 1012 749 1082; x_wconf 89' lang='lat' dir='ltr'><strong>dictem</strong></span> <span class='ocrx_word' id='word_1_41' title='bbox 774 1011 904 1104; x_wconf 84' lang='lat' dir='ltr'><strong>praxim</strong></span> <span class='ocrx_word' id='word_1_42' title='bbox 929 1012 1153 1084; x_wconf 86' lang='lat' dir='ltr'><strong>canonicatum</strong></span> <span class='ocrx_word' id='word_1_43' title='bbox 1176 1016 1236 1085; x_wconf 92' lang='lat' dir='ltr'><strong>ob-</strong></span> 
     </span>
     <span class='ocr_line' id='line_1_7' title="bbox 115 1120 265 1190; baseline 0.007 -1"><span class='ocrx_word' id='word_1_44' title='bbox 115 1120 265 1190; x_wconf 80' lang='lat' dir='ltr'><strong>tinuerit.</strong></span> 
     </span>
    </p>

    <p class='ocr_par' dir='ltr' id='par_1_4' title="bbox 115 1226 1236 1432">
     <span class='ocr_line' id='line_1_8' title="bbox 161 1226 1236 1323; baseline 0.003 -24"><span class='ocrx_word' id='word_1_45' title='bbox 161 1235 194 1299; x_wconf 81' lang='lat'><strong>3·</strong></span> <span class='ocrx_word' id='word_1_46' title='bbox 218 1231 270 1300; x_wconf 88' lang='lat' dir='ltr'><strong>Ob</strong></span> <span class='ocrx_word' id='word_1_47' title='bbox 291 1233 380 1323; x_wconf 88' lang='lat' dir='ltr'><strong>leges</strong></span> <span class='ocrx_word' id='word_1_48' title='bbox 402 1231 513 1302; x_wconf 82' lang='lat' dir='ltr'><strong>civiles</strong></span> <span class='ocrx_word' id='word_1_49' title='bbox 534 1237 565 1299; x_wconf 91' lang='lat' dir='ltr'><strong>et</strong></span> <span class='ocrx_word' id='word_1_50' title='bbox 585 1229 781 1299; x_wconf 87' lang='lat' dir='ltr'><strong>necessarias</strong></span> <span class='ocrx_word' id='word_1_51' title='bbox 796 1249 869 1296; x_wconf 87' lang='lat' dir='ltr'><strong>cum</strong></span> <span class='ocrx_word' id='word_1_52' title='bbox 886 1226 1046 1318; x_wconf 83' lang='lat' dir='ltr'><strong>gubernio</strong></span> <span class='ocrx_word' id='word_1_53' title='bbox 1064 1228 1236 1302; x_wconf 79' lang='lat' dir='ltr'><strong>relationes</strong></span> 
     </span>
     <span class='ocr_line' id='line_1_9' title="bbox 115 1338 668 1432; baseline 0 -25"><span class='ocrx_word' id='word_1_54' title='bbox 115 1338 278 1410; x_wconf 81' lang='lat' dir='ltr'><strong>incumbit</strong></span> <span class='ocrx_word' id='word_1_55' title='bbox 292 1339 339 1408; x_wconf 87' lang='lat' dir='ltr'><strong>ita</strong></span> <span class='ocrx_word' id='word_1_56' title='bbox 353 1340 474 1432; x_wconf 85' lang='lat' dir='ltr'><strong>egendi</strong></span> <span class='ocrx_word' id='word_1_57' title='bbox 486 1339 668 1408; x_wconf 82' lang='lat' dir='ltr'><strong>necessitas.</strong></span> 
     </span>
    </p>

    <p class='ocr_par' dir='ltr' id='par_1_5' title="bbox 115 1442 1236 1735">
     <span class='ocr_line' id='line_1_10' title="bbox 159 1442 1236 1539; baseline -0.001 -21"><span class='ocrx_word' id='word_1_58' title='bbox 159 1449 230 1518; x_wconf 86' lang='lat' dir='ltr'><strong>Illis</strong></span> <span class='ocrx_word' id='word_1_59' title='bbox 247 1457 355 1518; x_wconf 65' lang='lat' dir='ltr'><strong>umen</strong></span> <span class='ocrx_word' id='word_1_60' title='bbox 370 1447 551 1518; x_wconf 85' lang='lat' dir='ltr'><strong>rationibus</strong></span> <span class='ocrx_word' id='word_1_61' title='bbox 567 1447 640 1516; x_wconf 78' lang='lat' dir='ltr'><strong>eliae</strong></span> <span class='ocrx_word' id='word_1_62' title='bbox 655 1445 776 1539; x_wconf 89' lang='lat' dir='ltr'><strong>opponi</strong></span> <span class='ocrx_word' id='word_1_63' title='bbox 792 1465 884 1537; x_wconf 87' lang='lat' dir='ltr'><strong>posse</strong></span> <span class='ocrx_word' id='word_1_64' title='bbox 899 1442 1052 1514; x_wconf 88' lang='lat' dir='ltr'><strong>videntur</strong></span> <span class='ocrx_word' id='word_1_65' title='bbox 1071 1474 1078 1514; x_wconf 91' lang='lat'>:</span> <span class='ocrx_word' id='word_1_66' title='bbox 1106 1450 1135 1514; x_wconf 74' lang='lat'><strong>1⁶</strong></span> <span class='ocrx_word' id='word_1_67' title='bbox 1150 1447 1236 1517; x_wconf 87' lang='lat' dir='ltr'><strong>dicta</strong></span> 
     </span>
     <span class='ocr_line' id='line_1_11' title="bbox 115 1551 1234 1651; baseline -0.002 -23"><span class='ocrx_word' id='word_1_68' title='bbox 115 1557 232 1651; x_wconf 84' lang='lat' dir='ltr'><strong>praxis</strong></span> <span class='ocrx_word' id='word_1_69' title='bbox 252 1557 400 1628; x_wconf 91' lang='lat' dir='ltr'><strong>nondum</strong></span> <span class='ocrx_word' id='word_1_70' title='bbox 424 1565 473 1627; x_wconf 87' lang='lat' dir='ltr'><strong>est</strong></span> <span class='ocrx_word' id='word_1_71' title='bbox 493 1553 755 1650; x_wconf 87' lang='lat' dir='ltr'><strong>quadragenaria</strong></span> <span class='ocrx_word' id='word_1_72' title='bbox 775 1553 810 1622; x_wconf 93' lang='lat' dir='ltr'><strong>in</strong></span> <span class='ocrx_word' id='word_1_73' title='bbox 831 1551 1023 1624; x_wconf 87' lang='lat' dir='ltr'><strong>dioecesibus</strong></span> <span class='ocrx_word' id='word_1_74' title='bbox 1044 1577 1131 1624; x_wconf 87' lang='lat' dir='ltr'><strong>enno</strong></span> <span class='ocrx_word' id='word_1_75' title='bbox 1151 1559 1234 1628; x_wconf 81' lang='lat'>1822</span> 
     </span>
     <span class='ocr_line' id='line_1_12' title="bbox 115 1667 243 1735; baseline -0.008 0"><span class='ocrx_word' id='word_1_76' title='bbox 115 1667 243 1735; x_wconf 87' lang='lat' dir='ltr'><strong>erectis.</strong></span> 
     </span>
    </p>

    <p class='ocr_par' dir='ltr' id='par_1_6' title="bbox 115 1755 1240 4252">
     <span class='ocr_line' id='line_1_13' title="bbox 159 1755 1236 1865; baseline -0.004 -23"><span class='ocrx_word' id='word_1_77' title='bbox 159 1779 194 1841; x_wconf 81' lang='lat'><strong>2⁰</strong></span> <span class='ocrx_word' id='word_1_78' title='bbox 213 1775 321 1842; x_wconf 88' lang='lat' dir='ltr'><strong>Etiam</strong></span> <span class='ocrx_word' id='word_1_79' title='bbox 341 1773 399 1842; x_wconf 91' lang='lat' dir='ltr'><strong>nbi</strong></span> <span class='ocrx_word' id='word_1_80' title='bbox 414 1780 462 1842; x_wconf 85' lang='lat' dir='ltr'><strong>est</strong></span> <span class='ocrx_word' id='word_1_81' title='bbox 476 1770 751 1865; x_wconf 84' lang='lat' dir='ltr'><strong>quadragenaria,</strong></span> <span class='ocrx_word' id='word_1_82' title='bbox 772 1791 837 1839; x_wconf 89' lang='lat' dir='ltr'><strong>uon</strong></span> <span class='ocrx_word' id='word_1_83' title='bbox 853 1768 983 1840; x_wconf 85' lang='lat' dir='ltr'><strong>ridetur</strong></span> <span class='ocrx_word' id='word_1_84' title='bbox 997 1771 1110 1839; x_wconf 84' lang='lat' dir='ltr'><strong>vestiri</strong></span> <span class='ocrx_word' id='word_1_85' title='bbox 1124 1755 1236 1841; x_wconf 72' lang='lat' dir='ltr'><strong>c&#39;ondi-</strong></span> 
     </span>
     <span class='ocr_line' id='line_1_14' title="bbox 116 1879 1236 1974; baseline 0 -24"><span class='ocrx_word' id='word_1_86' title='bbox 116 1883 261 1952; x_wconf 88' lang='lat' dir='ltr'><strong>tionibns</strong></span> <span class='ocrx_word' id='word_1_87' title='bbox 281 1881 322 1951; x_wconf 88' lang='lat' dir='ltr'><strong>ed</strong></span> <span class='ocrx_word' id='word_1_88' title='bbox 343 1882 487 1974; x_wconf 77' lang='lat' dir='ltr'><strong>legitime</strong></span> <span class='ocrx_word' id='word_1_89' title='bbox 503 1879 782 1974; x_wconf 71' lang='lat' dir='ltr'><strong>praescribendum</strong></span> <span class='ocrx_word' id='word_1_90' title='bbox 798 1879 973 1972; x_wconf 84' lang='lat' dir='ltr'><strong>requisitis.</strong></span> <span class='ocrx_word' id='word_1_91' title='bbox 1000 1880 1082 1950; x_wconf 88' lang='lat' dir='ltr'><strong>Nem</strong></span> <span class='ocrx_word' id='word_1_92' title='bbox 1098 1888 1236 1974; x_wconf 77' lang='lat' dir='ltr'><strong>praeter-</strong></span> 
     </span>
     <span class='ocr_line' id='line_1_15' title="bbox 116 1987 1235 2084; baseline -0.002 -23"><span class='ocrx_word' id='word_1_93' title='bbox 116 2015 216 2084; x_wconf 87' lang='lat' dir='ltr'><strong>quam</strong></span> <span class='ocrx_word' id='word_1_94' title='bbox 240 1991 326 2084; x_wconf 89' lang='lat' dir='ltr'><strong>quod</strong></span> <span class='ocrx_word' id='word_1_95' title='bbox 351 1991 476 2082; x_wconf 76' lang='lat' dir='ltr'><strong>regulae</strong></span> <span class='ocrx_word' id='word_1_96' title='bbox 500 1987 699 2058; x_wconf 68' lang='lat' dir='ltr'><strong>cancellarie</strong></span> <span class='ocrx_word' id='word_1_97' title='bbox 723 1989 916 2058; x_wconf 89' lang='lat' dir='ltr'><strong>muniuntur</strong></span> <span class='ocrx_word' id='word_1_98' title='bbox 938 1987 1066 2058; x_wconf 87' lang='lat' dir='ltr'><strong>decreto</strong></span> <span class='ocrx_word' id='word_1_99' title='bbox 1089 1989 1235 2059; x_wconf 86' lang='lat' dir='ltr'><strong>irritante</strong></span> 
     </span>
     <span class='ocr_line' id='line_1_16' title="bbox 115 2092 1232 2192; baseline -0.004 -22"><span class='ocrx_word' id='word_1_100' title='bbox 115 2092 396 2192; x_wconf 69' lang='lat' dir='ltr'><strong>contrarias&#39;quae</strong></span> <span class='ocrx_word' id='word_1_101' title='bbox 423 2101 457 2169; x_wconf 92' lang='lat' dir='ltr'><strong>in</strong></span> <span class='ocrx_word' id='word_1_102' title='bbox 483 2100 634 2169; x_wconf 83' lang='lat' dir='ltr'><strong>inturum&#39;</strong></span> <span class='ocrx_word' id='word_1_103' title='bbox 660 2098 945 2168; x_wconf 80' lang='lat' dir='ltr'><strong>introducerentur</strong></span> <span class='ocrx_word' id='word_1_104' title='bbox 971 2100 1232 2186; x_wconf 88' lang='lat' dir='ltr'><strong>consuetudines,</strong></span> 
     </span>
     <span class='ocr_line' id='line_1_17' title="bbox 115 2204 1234 2298; baseline -0.004 -21"><span class='ocrx_word' id='word_1_105' title='bbox 115 2217 242 2279; x_wconf 70' lang='lat' dir='ltr'><strong>oenum</strong></span> <span class='ocrx_word' id='word_1_106' title='bbox 267 2217 314 2278; x_wconf 91' lang='lat' dir='ltr'><strong>est</strong></span> <span class='ocrx_word' id='word_1_107' title='bbox 338 2217 369 2277; x_wconf 92' lang='lat' dir='ltr'><strong>et</strong></span> <span class='ocrx_word' id='word_1_108' title='bbox 389 2208 430 2276; x_wconf 89' lang='lat' dir='ltr'><strong>ab</strong></span> <span class='ocrx_word' id='word_1_109' title='bbox 450 2208 603 2277; x_wconf 90' lang='lat' dir='ltr'><strong>omnibus</strong></span> <span class='ocrx_word' id='word_1_110' title='bbox 623 2205 800 2276; x_wconf 85' lang='lat' dir='ltr'><strong>admissum</strong></span> <span class='ocrx_word' id='word_1_111' title='bbox 817 2205 1014 2298; x_wconf 88' lang='lat' dir='ltr'><strong>principium</strong></span> <span class='ocrx_word' id='word_1_112' title='bbox 1031 2204 1113 2275; x_wconf 91' lang='lat' dir='ltr'><strong>illud</strong></span> <span class='ocrx_word' id='word_1_113' title='bbox 1133 2230 1234 2298; x_wconf 84' lang='lat' dir='ltr'><strong>gene-</strong></span> 
     </span>
     <span class='ocr_line' id='line_1_18' title="bbox 115 2314 1234 2410; baseline 0 -24"><span class='ocrx_word' id='word_1_114' title='bbox 115 2319 195 2405; x_wconf 83' lang='lat' dir='ltr'><strong>rale,</strong></span> <span class='ocrx_word' id='word_1_115' title='bbox 226 2317 493 2388; x_wconf 89' lang='lat' dir='ltr'><strong>consuetudinem</strong></span> <span class='ocrx_word' id='word_1_116' title='bbox 519 2339 637 2410; x_wconf 87' lang='lat' dir='ltr'><strong>nempe</strong></span> <span class='ocrx_word' id='word_1_117' title='bbox 661 2316 727 2406; x_wconf 87' lang='lat' dir='ltr'><strong>legi</strong></span> <span class='ocrx_word' id='word_1_118' title='bbox 752 2314 932 2408; x_wconf 82' lang='lat' dir='ltr'><strong>praevelere</strong></span> <span class='ocrx_word' id='word_1_119' title='bbox 960 2337 1026 2384; x_wconf 90' lang='lat' dir='ltr'><strong>non</strong></span> <span class='ocrx_word' id='word_1_120' title='bbox 1050 2337 1144 2407; x_wconf 89' lang='lat' dir='ltr'><strong>posse</strong></span> <span class='ocrx_word' id='word_1_121' title='bbox 1171 2317 1234 2386; x_wconf 90' lang='lat' dir='ltr'><strong>nisi</strong></span> 
     </span>
     <span class='ocr_line' id='line_1_19' title="bbox 115 2421 1233 2518; baseline 0.001 -25"><span class='ocrx_word' id='word_1_122' title='bbox 115 2426 271 2518; x_wconf 77' lang='lat' dir='ltr'><strong>Princeps</strong></span> <span class='ocrx_word' id='word_1_123' title='bbox 291 2423 402 2518; x_wconf 86' lang='lat' dir='ltr'><strong>aliquo</strong></span> <span class='ocrx_word' id='word_1_124' title='bbox 423 2422 531 2512; x_wconf 92' lang='lat' dir='ltr'><strong>modo,</strong></span> <span class='ocrx_word' id='word_1_125' title='bbox 554 2425 648 2494; x_wconf 87' lang='lat' dir='ltr'><strong>tacite</strong></span> <span class='ocrx_word' id='word_1_126' title='bbox 667 2422 792 2510; x_wconf 86' lang='lat' dir='ltr'><strong>saltem,</strong></span> <span class='ocrx_word' id='word_1_127' title='bbox 817 2421 1007 2492; x_wconf 88' lang='lat' dir='ltr'><strong>consentiat.</strong></span> <span class='ocrx_word' id='word_1_128' title='bbox 1031 2422 1135 2494; x_wconf 91' lang='lat' dir='ltr'><strong>Porro</strong></span> <span class='ocrx_word' id='word_1_129' title='bbox 1154 2447 1233 2494; x_wconf 88' lang='lat' dir='ltr'><strong>con·</strong></span> 
     </span>
     <span class='ocr_line' id='line_1_20' title="bbox 115 2529 1234 2624; baseline 0.003 -24"><span class='ocrx_word' id='word_1_130' title='bbox 115 2555 230 2602; x_wconf 89' lang='lat' dir='ltr'><strong>sensus</strong></span> <span class='ocrx_word' id='word_1_131' title='bbox 256 2534 396 2604; x_wconf 86' lang='lat' dir='ltr'><strong>Romani</strong></span> <span class='ocrx_word' id='word_1_132' title='bbox 421 2531 589 2602; x_wconf 79' lang='lat' dir='ltr'><strong>Pontificio</strong></span> <span class='ocrx_word' id='word_1_133' title='bbox 613 2533 648 2601; x_wconf 92' lang='lat' dir='ltr'><strong>in</strong></span> <span class='ocrx_word' id='word_1_134' title='bbox 671 2530 825 2624; x_wconf 84' lang='lat' dir='ltr'><strong>praesenti</strong></span> <span class='ocrx_word' id='word_1_135' title='bbox 851 2551 885 2598; x_wconf 88' lang='lat' dir='ltr'><strong>re</strong></span> <span class='ocrx_word' id='word_1_136' title='bbox 908 2553 973 2600; x_wconf 91' lang='lat' dir='ltr'><strong>non</strong></span> <span class='ocrx_word' id='word_1_137' title='bbox 1000 2529 1129 2600; x_wconf 90' lang='lat' dir='ltr'><strong>videtur</strong></span> <span class='ocrx_word' id='word_1_138' title='bbox 1153 2532 1234 2602; x_wconf 85' lang='lat' dir='ltr'><strong>adeo</strong></span> 
     </span>
     <span class='ocr_line' id='line_1_21' title="bbox 115 2638 1234 2734; baseline 0.001 -25"><span class='ocrx_word' id='word_1_139' title='bbox 115 2648 234 2710; x_wconf 85' lang='lat' dir='ltr'><strong>certus.</strong></span> <span class='ocrx_word' id='word_1_140' title='bbox 260 2641 386 2710; x_wconf 86' lang='lat' dir='ltr'><strong>Verum</strong></span> <span class='ocrx_word' id='word_1_141' title='bbox 408 2651 455 2710; x_wconf 89' lang='lat' dir='ltr'><strong>est</strong></span> <span class='ocrx_word' id='word_1_142' title='bbox 475 2642 584 2734; x_wconf 88' lang='lat' dir='ltr'><strong>ipsum</strong></span> <span class='ocrx_word' id='word_1_143' title='bbox 602 2638 684 2708; x_wconf 91' lang='lat' dir='ltr'><strong>bene</strong></span> <span class='ocrx_word' id='word_1_144' title='bbox 703 2638 869 2708; x_wconf 89' lang='lat' dir='ltr'><strong>conscium</strong></span> <span class='ocrx_word' id='word_1_145' title='bbox 885 2643 990 2708; x_wconf 87' lang='lat' dir='ltr'><strong>tacere</strong></span> <span class='ocrx_word' id='word_1_146' title='bbox 1002 2646 1035 2708; x_wconf 85' lang='lat' dir='ltr'><strong>et</strong></span> <span class='ocrx_word' id='word_1_147' title='bbox 1050 2660 1115 2707; x_wconf 91' lang='lat' dir='ltr'><strong>uon</strong></span> <span class='ocrx_word' id='word_1_148' title='bbox 1131 2641 1234 2710; x_wconf 87' lang='lat' dir='ltr'><strong>recle·</strong></span> 
     </span>
     <span class='ocr_line' id='line_1_22' title="bbox 117 2747 1234 2840; baseline 0.003 -24"><span class='ocrx_word' id='word_1_149' title='bbox 117 2771 226 2837; x_wconf 75' lang='lat' dir='ltr'><strong>marc,</strong></span> <span class='ocrx_word' id='word_1_150' title='bbox 252 2760 285 2819; x_wconf 90' lang='lat' dir='ltr'><strong>at</strong></span> <span class='ocrx_word' id='word_1_151' title='bbox 309 2749 401 2840; x_wconf 91' lang='lat' dir='ltr'><strong>(siout</strong></span> <span class='ocrx_word' id='word_1_152' title='bbox 424 2749 512 2819; x_wconf 82' lang='lat' dir='ltr'><strong>infra</strong></span> <span class='ocrx_word' id='word_1_153' title='bbox 529 2749 633 2818; x_wconf 84' lang='lat' dir='ltr'><strong>fusius</strong></span> <span class='ocrx_word' id='word_1_154' title='bbox 648 2747 845 2840; x_wconf 85' lang='lat' dir='ltr'><strong>exponimus</strong></span> <span class='ocrx_word' id='word_1_155' title='bbox 859 2747 1026 2818; x_wconf 85' lang='lat' dir='ltr'><strong>tractando</strong></span> <span class='ocrx_word' id='word_1_156' title='bbox 1040 2751 1080 2817; x_wconf 91' lang='lat' dir='ltr'><strong>de</strong></span> <span class='ocrx_word' id='word_1_157' title='bbox 1095 2772 1234 2819; x_wconf 85' lang='lat' dir='ltr'><strong>eonsue-</strong></span> 
     </span>
     <span class='ocr_line' id='line_1_23' title="bbox 118 2856 1232 2949; baseline 0.005 -27"><span class='ocrx_word' id='word_1_158' title='bbox 118 2857 258 2948; x_wconf 79' lang='lat' dir='ltr'><strong>tudine),</strong></span> <span class='ocrx_word' id='word_1_159' title='bbox 283 2857 371 2927; x_wconf 83' lang='lat' dir='ltr'><strong>aliud</strong></span> <span class='ocrx_word' id='word_1_160' title='bbox 395 2866 443 2928; x_wconf 93' lang='lat' dir='ltr'><strong>est</strong></span> <span class='ocrx_word' id='word_1_161' title='bbox 461 2857 626 2926; x_wconf 88' lang='lat' dir='ltr'><strong>silentium</strong></span> <span class='ocrx_word' id='word_1_162' title='bbox 648 2857 747 2949; x_wconf 83' lang='lat' dir='ltr'><strong>Papae</strong></span> <span class='ocrx_word' id='word_1_163' title='bbox 769 2879 844 2925; x_wconf 88' lang='lat' dir='ltr'><strong>eum</strong></span> <span class='ocrx_word' id='word_1_164' title='bbox 859 2856 1007 2926; x_wconf 85' lang='lat' dir='ltr'><strong>libertate</strong></span> <span class='ocrx_word' id='word_1_165' title='bbox 1022 2857 1232 2947; x_wconf 85' lang='lat' dir='ltr'><strong>reclamandi,</strong></span> 
     </span>
     <span class='ocr_line' id='line_1_24' title="bbox 116 2965 1235 3059; baseline 0.004 -27"><span class='ocrx_word' id='word_1_166' title='bbox 116 2965 206 3036; x_wconf 90' lang='lat' dir='ltr'><strong>aliud</strong></span> <span class='ocrx_word' id='word_1_167' title='bbox 226 2966 313 3036; x_wconf 91' lang='lat' dir='ltr'><strong>idem</strong></span> <span class='ocrx_word' id='word_1_168' title='bbox 329 2967 493 3037; x_wconf 89' lang='lat' dir='ltr'><strong>silentium</strong></span> <span class='ocrx_word' id='word_1_169' title='bbox 512 2989 554 3036; x_wconf 84' lang='lat' dir='ltr'><strong>ex</strong></span> <span class='ocrx_word' id='word_1_170' title='bbox 570 2966 723 3059; x_wconf 88' lang='lat' dir='ltr'><strong>prudenti</strong></span> <span class='ocrx_word' id='word_1_171' title='bbox 739 2965 919 3035; x_wconf 85' lang='lat' dir='ltr'><strong>mconomiu</strong></span> <span class='ocrx_word' id='word_1_172' title='bbox 937 2973 1115 3055; x_wconf 85' lang='lat' dir='ltr'><strong>servatum,</strong></span> <span class='ocrx_word' id='word_1_173' title='bbox 1132 2967 1235 3038; x_wconf 91' lang='lat' dir='ltr'><strong>donee</strong></span> 
     </span>
     <span class='ocr_line' id='line_1_25' title="bbox 117 3071 1236 3166; baseline 0.002 -25"><span class='ocrx_word' id='word_1_174' title='bbox 117 3077 301 3166; x_wconf 87' lang='lat' dir='ltr'><strong>opportuna</strong></span> <span class='ocrx_word' id='word_1_175' title='bbox 323 3075 433 3143; x_wconf 86' lang='lat' dir='ltr'><strong>redeat</strong></span> <span class='ocrx_word' id='word_1_176' title='bbox 452 3074 650 3144; x_wconf 84' lang='lat' dir='ltr'><strong>reclamandi</strong></span> <span class='ocrx_word' id='word_1_177' title='bbox 670 3073 820 3143; x_wconf 83' lang='lat' dir='ltr'><strong>facilitas.</strong></span> <span class='ocrx_word' id='word_1_178' title='bbox 847 3071 971 3142; x_wconf 90' lang='lat' dir='ltr'><strong>Prioris</strong></span> <span class='ocrx_word' id='word_1_179' title='bbox 989 3073 1120 3165; x_wconf 88' lang='lat' dir='ltr'><strong>quidem</strong></span> <span class='ocrx_word' id='word_1_180' title='bbox 1135 3098 1236 3165; x_wconf 87' lang='lat' dir='ltr'><strong>gene-</strong></span> 
     </span>
     <span class='ocr_line' id='line_1_26' title="bbox 118 3179 1234 3270; baseline 0.005 -23"><span class='ocrx_word' id='word_1_181' title='bbox 118 3179 162 3248; x_wconf 89' lang='lat' dir='ltr'><strong>ris</strong></span> <span class='ocrx_word' id='word_1_182' title='bbox 188 3181 370 3270; x_wconf 87' lang='lat' dir='ltr'><strong>silentium,</strong></span> <span class='ocrx_word' id='word_1_183' title='bbox 397 3183 527 3251; x_wconf 84' lang='lat' dir='ltr'><strong>tacitum</strong></span> <span class='ocrx_word' id='word_1_184' title='bbox 552 3203 747 3250; x_wconf 90' lang='lat' dir='ltr'><strong>consensum</strong></span> <span class='ocrx_word' id='word_1_185' title='bbox 774 3181 891 3250; x_wconf 89' lang='lat' dir='ltr'><strong>merito</strong></span> <span class='ocrx_word' id='word_1_186' title='bbox 916 3203 1026 3250; x_wconf 85' lang='lat' dir='ltr'><strong>secum</strong></span> <span class='ocrx_word' id='word_1_187' title='bbox 1051 3182 1137 3252; x_wconf 88' lang='lat' dir='ltr'><strong>lerre</strong></span> <span class='ocrx_word' id='word_1_188' title='bbox 1159 3207 1234 3253; x_wconf 83' lang='lat' dir='ltr'><strong>cen-</strong></span> 
     </span>
     <span class='ocr_line' id='line_1_27' title="bbox 118 3287 1233 3381; baseline 0.004 -25"><span class='ocrx_word' id='word_1_189' title='bbox 118 3297 232 3358; x_wconf 88' lang='lat' dir='ltr'><strong>setur:</strong></span> <span class='ocrx_word' id='word_1_190' title='bbox 256 3289 444 3381; x_wconf 89' lang='lat' dir='ltr'><strong>posterioris</strong></span> <span class='ocrx_word' id='word_1_191' title='bbox 463 3312 529 3359; x_wconf 90' lang='lat' dir='ltr'><strong>non</strong></span> <span class='ocrx_word' id='word_1_192' title='bbox 548 3290 638 3358; x_wconf 89' lang='lat' dir='ltr'><strong>item.</strong></span> <span class='ocrx_word' id='word_1_193' title='bbox 663 3288 841 3359; x_wconf 87' lang='lat' dir='ltr'><strong>Deficiente</strong></span> <span class='ocrx_word' id='word_1_194' title='bbox 857 3287 1056 3358; x_wconf 87' lang='lat' dir='ltr'><strong>reclamandi</strong></span> <span class='ocrx_word' id='word_1_195' title='bbox 1071 3289 1233 3380; x_wconf 79' lang='lat' dir='ltr'><strong>facilitate,</strong></span> 
     </span>
     <span class='ocr_line' id='line_1_28' title="bbox 119 3395 1235 3489; baseline 0.006 -27"><span class='ocrx_word' id='word_1_196' title='bbox 119 3395 304 3465; x_wconf 88' lang='lat' dir='ltr'><strong>violentiam</strong></span> <span class='ocrx_word' id='word_1_197' title='bbox 327 3395 450 3489; x_wconf 86' lang='lat' dir='ltr'><strong>patitur</strong></span> <span class='ocrx_word' id='word_1_198' title='bbox 475 3396 583 3488; x_wconf 83' lang='lat' dir='ltr'><strong>Pape3</strong></span> <span class='ocrx_word' id='word_1_199' title='bbox 613 3419 672 3466; x_wconf 90' lang='lat' dir='ltr'><strong>nec</strong></span> <span class='ocrx_word' id='word_1_200' title='bbox 699 3395 882 3466; x_wconf 88' lang='lat' dir='ltr'><strong>consentire</strong></span> <span class='ocrx_word' id='word_1_201' title='bbox 911 3418 986 3465; x_wconf 92' lang='lat' dir='ltr'><strong>eum</strong></span> <span class='ocrx_word' id='word_1_202' title='bbox 1011 3418 1052 3464; x_wconf 82' lang='lat' dir='ltr'><strong>ex</strong></span> <span class='ocrx_word' id='word_1_203' title='bbox 1084 3396 1144 3468; x_wconf 93' lang='lat' dir='ltr'><strong>hoc</strong></span> <span class='ocrx_word' id='word_1_204' title='bbox 1167 3399 1235 3469; x_wconf 88' lang='lat' dir='ltr'><strong>solo</strong></span> 
     </span>
     <span class='ocr_line' id='line_1_29' title="bbox 118 3502 1235 3595; baseline 0.004 -25"><span class='ocrx_word' id='word_1_205' title='bbox 118 3502 265 3572; x_wconf 80' lang='lat' dir='ltr'><strong>mecludi</strong></span> <span class='ocrx_word' id='word_1_206' title='bbox 286 3510 401 3595; x_wconf 87' lang='lat' dir='ltr'><strong>potest.</strong></span> <span class='ocrx_word' id='word_1_207' title='bbox 423 3503 527 3574; x_wconf 91' lang='lat' dir='ltr'><strong>Porro</strong></span> <span class='ocrx_word' id='word_1_208' title='bbox 545 3505 730 3595; x_wconf 81' lang='lat' dir='ltr'><strong>generalem</strong></span> <span class='ocrx_word' id='word_1_209' title='bbox 751 3525 912 3573; x_wconf 83' lang='lat' dir='ltr'><strong>novarum</strong></span> <span class='ocrx_word' id='word_1_210' title='bbox 932 3503 1139 3572; x_wconf 87' lang='lat' dir='ltr'><strong>ecclesiarum</strong></span> <span class='ocrx_word' id='word_1_211' title='bbox 1156 3507 1235 3576; x_wconf 86' lang='lat' dir='ltr'><strong>Gel-</strong></span> 
     </span>
     <span class='ocr_line' id='line_1_30' title="bbox 119 3611 1235 3706; baseline 0.009 -29"><span class='ocrx_word' id='word_1_212' title='bbox 119 3611 170 3680; x_wconf 82' lang='lat' dir='ltr'><strong>liae</strong></span> <span class='ocrx_word' id='word_1_213' title='bbox 198 3620 318 3682; x_wconf 89' lang='lat' dir='ltr'><strong>statum</strong></span> <span class='ocrx_word' id='word_1_214' title='bbox 344 3613 402 3705; x_wconf 87' lang='lat' dir='ltr'><strong>qui</strong></span> <span class='ocrx_word' id='word_1_215' title='bbox 429 3613 481 3681; x_wconf 88' lang='lat' dir='ltr'><strong>vel</strong></span> <span class='ocrx_word' id='word_1_216' title='bbox 509 3615 667 3706; x_wconf 87' lang='lat' dir='ltr'><strong>tantisper</strong></span> <span class='ocrx_word' id='word_1_217' title='bbox 693 3613 836 3700; x_wconf 83' lang='lat' dir='ltr'><strong>noverit,</strong></span> <span class='ocrx_word' id='word_1_218' title='bbox 866 3611 959 3680; x_wconf 81' lang='lat' dir='ltr'><strong>focile</strong></span> <span class='ocrx_word' id='word_1_219' title='bbox 984 3611 1142 3704; x_wconf 88' lang='lat' dir='ltr'><strong>intelliget</strong></span> <span class='ocrx_word' id='word_1_220' title='bbox 1168 3617 1235 3686; x_wconf 85' lang='lat' dir='ltr'><strong>llo·</strong></span> 
     </span>
     <span class='ocr_line' id='line_1_31' title="bbox 120 3717 1235 3814; baseline 0.005 -26"><span class='ocrx_word' id='word_1_221' title='bbox 120 3743 251 3790; x_wconf 88' lang='lat' dir='ltr'><strong>manum</strong></span> <span class='ocrx_word' id='word_1_222' title='bbox 277 3719 483 3805; x_wconf 87' lang='lat' dir='ltr'><strong>Pontificem,</strong></span> <span class='ocrx_word' id='word_1_223' title='bbox 512 3744 552 3790; x_wconf 91' lang='lat' dir='ltr'><strong>ne</strong></span> <span class='ocrx_word' id='word_1_224' title='bbox 576 3721 688 3814; x_wconf 86' lang='lat' dir='ltr'><strong>pejora</strong></span> <span class='ocrx_word' id='word_1_225' title='bbox 713 3725 912 3810; x_wconf 81' lang='lat' dir='ltr'><strong>exurgerent</strong></span> <span class='ocrx_word' id='word_1_226' title='bbox 940 3717 1043 3806; x_wconf 87' lang='lat' dir='ltr'><strong>mela,</strong></span> <span class='ocrx_word' id='word_1_227' title='bbox 1072 3730 1169 3792; x_wconf 90' lang='lat' dir='ltr'><strong>etue</strong></span> <span class='ocrx_word' id='word_1_228' title='bbox 1194 3725 1235 3794; x_wconf 85' lang='lat' dir='ltr'><strong>ed</strong></span> 
     </span>
     <span class='ocr_line' id='line_1_32' title="bbox 119 3826 1234 3922; baseline 0.006 -29"><span class='ocrx_word' id='word_1_229' title='bbox 119 3826 277 3899; x_wconf 86' lang='lat' dir='ltr'><strong>deteriore</strong></span> <span class='ocrx_word' id='word_1_230' title='bbox 302 3827 490 3922; x_wconf 86' lang='lat' dir='ltr'><strong>procederet</strong></span> <span class='ocrx_word' id='word_1_231' title='bbox 514 3829 712 3921; x_wconf 86' lang='lat' dir='ltr'><strong>gubernium</strong></span> <span class='ocrx_word' id='word_1_232' title='bbox 738 3827 768 3920; x_wconf 88' lang='lat' dir='ltr'><strong>(a</strong></span> <span class='ocrx_word' id='word_1_233' title='bbox 791 3834 935 3919; x_wconf 90' lang='lat' dir='ltr'><strong>tempore</strong></span> <span class='ocrx_word' id='word_1_234' title='bbox 960 3828 1146 3898; x_wconf 85' lang='lat' dir='ltr'><strong>concordati</strong></span> <span class='ocrx_word' id='word_1_235' title='bbox 1171 3833 1234 3900; x_wconf 84' lang='lat' dir='ltr'><strong>Ec-</strong></span> 
     </span>
     <span class='ocr_line' id='line_1_33' title="bbox 121 3935 1240 4030; baseline 0.007 -28"><span class='ocrx_word' id='word_1_236' title='bbox 121 3935 224 4006; x_wconf 83' lang='lat' dir='ltr'><strong>clesiae</strong></span> <span class='ocrx_word' id='word_1_237' title='bbox 252 3936 320 4006; x_wconf 82' lang='lat' dir='ltr'><strong>fere</strong></span> <span class='ocrx_word' id='word_1_238' title='bbox 348 3959 488 4030; x_wconf 84' lang='lat' dir='ltr'><strong>semper,</strong></span> <span class='ocrx_word' id='word_1_239' title='bbox 518 3944 555 4006; x_wconf 89' lang='lat' dir='ltr'><strong>ut</strong></span> <span class='ocrx_word' id='word_1_240' title='bbox 583 3945 697 4006; x_wconf 90' lang='lat' dir='ltr'><strong>notum</strong></span> <span class='ocrx_word' id='word_1_241' title='bbox 726 3942 787 4025; x_wconf 89' lang='lat' dir='ltr'><strong>est,</strong></span> <span class='ocrx_word' id='word_1_242' title='bbox 818 3936 1010 4028; x_wconf 84' lang='lat' dir='ltr'><strong>infensum),</strong></span> <span class='ocrx_word' id='word_1_243' title='bbox 1039 3939 1182 4030; x_wconf 87' lang='lat' dir='ltr'><strong>potuisse</strong></span> <span class='ocrx_word' id='word_1_244' title='bbox 1208 3952 1240 4010; x_wconf 85' lang='lat' dir='ltr'><strong>et</strong></span> 
     </span>
     <span class='ocr_line' id='line_1_34' title="bbox 123 4040 1240 4136; baseline 0.008 -27"><span class='ocrx_word' id='word_1_245' title='bbox 123 4040 271 4112; x_wconf 87' lang='lat' dir='ltr'><strong>debuisse</strong></span> <span class='ocrx_word' id='word_1_246' title='bbox 307 4043 459 4136; x_wconf 88' lang='lat' dir='ltr'><strong>prudenti</strong></span> <span class='ocrx_word' id='word_1_247' title='bbox 495 4045 622 4114; x_wconf 87' lang='lat' dir='ltr'><strong>silentio</strong></span> <span class='ocrx_word' id='word_1_248' title='bbox 654 4044 757 4114; x_wconf 89' lang='lat' dir='ltr'><strong>multa</strong></span> <span class='ocrx_word' id='word_1_249' title='bbox 788 4044 1004 4114; x_wconf 85' lang='lat' dir='ltr'><strong>dissimulare.</strong></span> <span class='ocrx_word' id='word_1_250' title='bbox 1042 4045 1130 4136; x_wconf 87' lang='lat' dir='ltr'><strong>Ergo</strong></span> <span class='ocrx_word' id='word_1_251' title='bbox 1162 4072 1240 4118; x_wconf 89' lang='lat' dir='ltr'><strong>con-</strong></span> 
     </span>
     <span class='ocr_line' id='line_1_35' title="bbox 123 4152 1238 4252; baseline 0.011 -36"><span class='ocrx_word' id='word_1_252' title='bbox 123 4172 254 4242; x_wconf 86' lang='lat' dir='ltr'><strong>sensus,</strong></span> <span class='ocrx_word' id='word_1_253' title='bbox 294 4153 356 4222; x_wconf 88' lang='lat' dir='ltr'><strong>nisi</strong></span> <span class='ocrx_word' id='word_1_254' title='bbox 395 4152 526 4222; x_wconf 87' lang='lat' dir='ltr'><strong>aliunde</strong></span> <span class='ocrx_word' id='word_1_255' title='bbox 563 4162 703 4241; x_wconf 88' lang='lat' dir='ltr'><strong>constet,</strong></span> <span class='ocrx_word' id='word_1_256' title='bbox 739 4152 889 4244; x_wconf 87' lang='lat' dir='ltr'><strong>legitime</strong></span> <span class='ocrx_word' id='word_1_257' title='bbox 924 4153 1079 4246; x_wconf 80' lang='lat' dir='ltr'><strong>praesumi</strong></span> <span class='ocrx_word' id='word_1_258' title='bbox 1115 4159 1238 4252; x_wconf 87' lang='lat' dir='ltr'><strong>nequit.</strong></span> 
     </span>
    </p>
   </div>
   <div class='ocr_carea' id='block_1_4' title="bbox 0 0 1547 4948">
    <p class='ocr_par' dir='ltr' id='par_1_7' title="bbox 0 0 1547 4948">
     <span class='ocr_line' id='line_1_36' title="bbox 0 0 1547 4948; baseline 0 0"><span class='ocrx_word' id='word_1_259' title='bbox 0 0 1547 4948; x_wconf 95' lang='lat' dir='ltr'><strong> </strong></span> 
     </span>
    </p>
   </div>
  </div>
 </body>
</html>
