3048 4954
543 461 624 510 tants
645 461 796 510 emolliet.

648 754 690 824 Π.

105 949 221 1001 Articuli
237 950 364 1015 organici,
388 952 416 1000 ut
440 953 505 1016 pote
525 949 658 1016 pontilicis
679 951 830 1002 suetorilete
847 949 972 1012 destituti,
988 962 1151 1016 nequaquam
1165 947 1232 1016 juris

138 1031 314 1082 aeclesiastici
329 1031 443 1083 tontibus
459 1031 616 1084 accensendi
630 1037 698 1084 suut.
721 1032 796 1093 Quod
810 1037 835 1084 et
850 1032 990 1084 tenendum
1015 1037 1053 1084 eat
1071 1031 1105 1083 de
1128 1033 1230 1084 ceteris

141 1114 244 1180 legdiua
257 1114 495 1167 ordinationibuere
509 1128 525 1166 a
537 1127 610 1166 mera
625 1118 752 1181 potestate
766 1113 837 1166 civili
848 1112 934 1166 editis.

156 1327 251 1411 Quod
266 1327 368 1398 dictos
389 1330 543 1400 articulos
562 1329 661 1400 Sedes
675 1329 862 1422 apostolica,
883 1349 949 1397 non
967 1335 1094 1398 tantum
1118 1335 1231 1397 aucto·

108 1436 209 1504 ritate
233 1460 293 1505 sua
317 1436 424 1507 ullove
450 1459 610 1506 consensu
628 1459 799 1528 nunquam
820 1435 1023 1522 firmaverit,
1049 1435 1106 1506 scd
1131 1435 1229 1504 etiam

109 1565 265 1634 expresse
302 1552 397 1636 alque
432 1545 555 1612 iteratis
595 1544 882 1637 protestationibus
924 1543 1103 1636 respuerit,
1142 1553 1230 1611 certo

109 1652 232 1720 certius
251 1651 375 1722 [adimi
399 1652 538 1722 adducta
561 1651 765 1721 documenta.
792 1651 882 1741 Ergo
904 1651 972 1720 sola
986 1650 1140 1741 gubernii
1153 1673 1230 1718 ano-

109 1759 240 1828 toritale
270 1761 430 1830 nituntur.
468 1761 540 1831 Jam
575 1781 653 1830 vero
685 1759 905 1829 indubitatum
941 1759 1028 1851 apud
1056 1757 1230 1828 catholicos

107 1866 232 1957 dogma
255 1879 316 1957 est,
332 1893 352 1938 a
367 1873 520 1961 potestate
544 1869 694 1936 saeculari
718 1891 783 1936 non
799 1873 891 1959 posse
917 1866 1014 1936 condi
1029 1866 1113 1934 ulios
1128 1865 1228 1934 eccle-

109 1977 256 2045 siastices
275 1977 364 2067 leges
386 1977 534 2045 ullumve
550 1976 605 2067 jus
626 1975 829 2062 mosaicum.
854 1973 889 2043 ld
917 1973 974 2066 qni
1001 1985 1149 2065 negaret,
1161 1995 1230 2042 non

108 2093 238 2152 tantum
262 2092 372 2177 aperte
388 2095 512 2154 erraret
524 2138 534 2173 ,
559 2086 615 2153 scd
641 2093 673 2152 et
692 2085 800 2177 palam
824 2083 996 2153 hacreticus
1016 2083 1109 2152 foret.
1135 2082 1230 2164 Quod

109 2193 167 2260 hic
182 2194 317 2262 ommno
331 2202 455 2261 certum
471 2193 707 2284 supponimus,
725 2203 756 2260 et
774 2191 861 2284 apud
876 2191 1042 2281 theologos
1056 2188 1229 2282 probatum

108 2299 217 2368 videri
239 2309 353 2392 potest.
374 2301 463 2390 Ergo
486 2300 613 2368 articuli
635 2299 792 2390 organici,
820 2308 856 2367 ut
877 2309 951 2392 pole
965 2299 1021 2390 qui
1036 2297 1125 2367 dere
1140 2320 1232 2365 sacra

107 2419 141 2477 et
161 2408 387 2494 ecclesiastica,
413 2409 448 2475 vi
465 2407 566 2476 soiius
591 2408 758 2500 potestatis
771 2406 937 2477 saecularis
949 2406 1140 2491 decernunt,
1158 2425 1229 2474 om-

108 2516 190 2584 nino
207 2515 291 2583 nulli
302 2525 379 2583 sunt
394 2523 490 2607 atque
503 2513 600 2584 irriti.

155 2624 328 2715 idemque,
352 2631 389 2691 ut
404 2631 508 2714 patet,
524 2622 699 2692 dicandum
717 2623 825 2708 venit,
846 2645 887 2691 ex
902 2621 1017 2692 iisdem
1032 2623 1227 2708 rationibus,

107 2733 152 2802 de
178 2732 251 2801 aliis
276 2731 476 2822 quibuslibet
497 2732 582 2800 cirea
602 2753 673 2799 rem
698 2731 946 2800 ecelesiasticam
970 2731 1097 2820 legibus
1117 2729 1229 2799 deere-

107 2841 192 2907 tisve
208 2849 265 2909 ent
278 2838 551 2926 ordinationibus,
569 2861 589 2907 a
604 2861 693 2907 mera
706 2846 862 2931 potestate
876 2837 967 2906 civili
980 2837 1087 2907 editis.

157 2949 244 3038 Ergo
269 2949 424 3034 tandem,
451 2946 531 3015 dum
565 2947 675 3036 agitur
700 2944 740 3014 de
771 2945 978 3036 agnoscendo
1009 2968 1046 3015 ae
1076 2945 1229 3015 determi-

107 3061 221 3126 nando
243 3055 402 3125 hodierno
423 3054 497 3146 jure
522 3053 705 3145 gallicano,
730 3052 763 3121 id
789 3061 858 3138 est,
881 3052 1063 3122 Galliarum
1089 3053 1230 3123 ecelesiis

108 3164 268 3256 proprio,
292 3163 450 3232 absonum
477 3171 525 3230 est
551 3171 584 3230 et
609 3159 867 3246 intercessum,
885 3161 1051 3230 attendero
1070 3183 1109 3229 ac
1128 3159 1229 3230 dictos

107 3271 265 3340 articulos
278 3274 449 3360 organicos
463 3322 472 3356 ,
487 3270 608 3338 aliasve
622 3271 849 3338 ministrorum
864 3321 872 3356 ,
890 3277 947 3337 aut
961 3269 1090 3338 concilii
1104 3277 1206 3338 status
1219 3319 1229 3353 ,

107 3391 166 3450 aut
191 3381 491 3473 parlamentorum,
516 3381 762 3472 principumve,
782 3380 869 3448 eirca
888 3401 959 3450 rem
985 3379 1230 3448 eeclesiasticam

105 3489 199 3578 legas
228 3497 325 3581 elque
354 3489 586 3559 ordinationes.
618 3489 699 3556 Haec
726 3489 886 3556 nimirum
912 3507 932 3555 a
961 3509 1051 3556 mera
1075 3495 1230 3579 potestate

108 3597 262 3666 saecuiari
288 3599 372 3665 circa
402 3619 453 3666 res
476 3618 585 3664 sacras
603 3605 636 3664 el
659 3595 890 3664 ecclesiasticas
916 3594 1061 3682 decreta,
1086 3617 1152 3664 non
1175 3594 1230 3684 jus

107 3714 199 3794 sunt,
217 3705 274 3774 sed
289 3705 422 3798 injuria,
436 3704 592 3776 violentia
603 3726 640 3772 aa
657 3703 849 3796 persecutio.
