3042 4946
240 433 298 498 508
589 451 763 499 salernus
786 453 823 498 nr
846 451 999 499 caraunus

283 593 398 662 Tertio.
422 591 563 661 Ecclesia
581 615 751 685 nunquam
766 593 917 684 ignorare
937 591 1041 686 potuit
1054 613 1172 662 verum
1183 594 1238 685 jus
1252 614 1347 662 suum

235 701 397 772 atlhristo
420 709 599 794 acceptum,
628 725 687 772 nec
712 703 800 772 ultra
818 704 873 794 jus
897 701 978 771 illud
1002 700 1181 788 excedere,
1203 701 1349 794 alioquin

234 808 322 878 enim
348 817 500 902 corrupta
522 809 647 900 luisset,
671 818 820 899 errasset,
842 811 989 880 desiisset
1017 832 1087 880 esse
1120 831 1200 880 vera
1228 810 1349 879 Christi

235 919 388 1007 Ecclesia,
411 927 443 988 et
457 930 564 1011 porta
586 919 701 1011 inferri
721 933 835 988 contro
855 921 962 1012 ipsam
980 918 1241 1012 prevaluissent,
1261 919 1349 1011 quod

233 1047 402 1118 nunquam
424 1034 617 1098 eventurum
642 1027 791 1120 promisit
816 1028 978 1098 Christus.
998 1027 1101 1097 Porro
1116 1027 1258 1096 Ecclesia
1272 1050 1348 1118 per·

233 1141 331 1226 petuo
353 1155 422 1204 sese
446 1132 584 1204 credidit
605 1143 636 1203 et
658 1133 833 1205 affirmavit
847 1136 888 1203 ab
903 1135 995 1204 omni
1011 1135 1074 1204 alia
1092 1135 1241 1204 societate
1255 1135 1349 1205 inde-

233 1241 440 1333 pendentom.
468 1241 537 1310 Hoc
568 1242 656 1310 enim
678 1241 796 1312 clamat
820 1250 886 1311 tota
913 1239 1045 1310 traditio
1072 1240 1201 1334 scripta.
1233 1241 1348 1312 Vidcri

232 1362 367 1442 possunt
393 1360 502 1423 textus
526 1353 613 1445 apud
636 1361 794 1442 auctores,
817 1353 873 1422 ubi
893 1353 1031 1445 probant
1051 1375 1103 1420 res
1118 1350 1348 1422 ecclesiasticas

230 1459 383 1530 civilibus
396 1462 607 1553 potestatibus
622 1484 689 1532 non
705 1461 832 1553 subjici.
850 1460 913 1530 Sed
928 1460 1015 1530 idem
1036 1483 1101 1530 non
1116 1460 1226 1530 minus
1239 1462 1348 1550 arguit

230 1567 361 1637 traditio
382 1569 532 1662 practica.
560 1570 644 1640 Nam
666 1570 808 1640 Ecclesia
828 1579 985 1663 perpetuo
1010 1577 1164 1662 unquam
1184 1568 1346 1663 indepen-

230 1675 311 1745 dens
335 1699 404 1746 sese
429 1677 539 1767 gessit,
555 1684 588 1746 et
602 1677 886 1771 independentiam
908 1677 991 1748 hane
1011 1677 1122 1746 multis
1137 1678 1274 1748 decretis
1289 1678 1347 1747 de-

232 1785 352 1872 finivit,
368 1794 399 1854 et
413 1786 552 1855 alienam
569 1794 756 1878 potestatem
772 1787 806 1854 in
818 1786 920 1879 ipsius
935 1785 1081 1876 regimen
1097 1808 1165 1855 sese
1179 1785 1347 1856 intrudere

227 1892 388 1962 volentem
406 1893 612 1962 vehementer
625 1894 757 1987 repulit.
776 1893 870 1964 Unde
884 1893 1015 1986 quando
1032 1915 1159 1962 errores
1177 1893 1348 1968 damnavit

229 2010 259 2068 et
281 2001 408 2069 decreta
420 1998 600 2092 disciplina
616 2001 767 2088 sancivit,
789 2023 855 2072 non
869 2009 996 2070 tantum
1010 2022 1075 2070 non
1088 2000 1261 2092 requisivit
1274 2009 1346 2070 tan-

228 2133 327 2202 quam
350 2112 565 2182 necessarium
585 2112 699 2182 aliene
725 2112 890 2205 potestatis
913 2111 1111 2181 consortium
1126 2120 1184 2180 aut
1206 2132 1345 2178 consen-

228 2240 314 2305 sum,
338 2218 394 2288 sed
419 2241 506 2312 saepe
531 2227 643 2289 contra
665 2220 841 2289 renitentes
857 2229 889 2288 et
909 2226 1137 2313 persequentes
1152 2217 1344 2310 hujusmodi

226 2334 398 2418 potestates
422 2327 583 2396 actionem
603 2350 694 2397 suam
717 2327 875 2415 exercuit,
904 2326 977 2414 illas
997 2327 1094 2397 etiam
1118 2327 1264 2396 censuris
1282 2350 1345 2418 pu-

226 2435 345 2505 niendo
370 2443 402 2504 et
428 2460 449 2503 a
469 2437 697 2506 communione
720 2460 779 2507 sua
801 2437 1024 2505 rescindendo.
1049 2434 1143 2506 Unde
1156 2457 1232 2504 cum
1247 2434 1342 2504 inde-

223 2544 431 2636 pendentiam
456 2567 549 2614 suam
577 2545 762 2615 omnimode
793 2545 939 2615 docuerit
961 2553 994 2614 et
1017 2545 1161 2637 professa
1186 2552 1342 2635 perpetuo

223 2652 334 2741 fucrit,
348 2675 407 2722 nec
421 2675 530 2722 errare
545 2653 697 2746 potuerit,
712 2653 932 2746 independens
947 2675 1060 2723 revera
1073 2652 1115 2721 sit
1133 2674 1262 2722 neeesse
1280 2658 1337 2720 est.

272 2762 410 2843 Quarto.
430 2758 520 2828 ldem
543 2759 700 2851 probatur
715 2781 757 2828 ex
772 2760 842 2851 ipsa
863 2759 934 2828 idea
949 2758 1112 2828 Ecclesiae.
1130 2759 1215 2829 Nam
1229 2759 1341 2830 Eccle-

224 2867 271 2935 sia
297 2874 345 2934 est
364 2867 496 2936 societas
522 2867 669 2936 instituta
692 2865 733 2936 ad
758 2869 894 2936 salutem
911 2867 1080 2937 hominum
1101 2868 1339 2959 procurandam

223 2997 281 3068 per
296 2975 453 3044 doctrinae
468 2976 589 3045 Christi
604 2984 635 3045 et
650 2998 738 3046 verae
752 2975 828 3045 fidei
843 2975 1119 3068 pradicationem,
1137 2999 1195 3069 per
1211 2999 1341 3046 morum

221 3083 485 3152 informationem
507 3082 604 3175 juxta
623 3105 772 3152 normam
792 3083 938 3175 ejusdem
961 3084 1050 3171 fidei,
1077 3106 1135 3175 per
1150 3084 1339 3176 applicatio-
1408 3131 1412 3138 -

222 3215 296 3261 nem
322 3193 540 3263 medioruma
561 3193 693 3263 Christo
716 3194 955 3282 institutorum,
973 3215 1031 3286 per
1052 3195 1140 3284 leges
1162 3193 1282 3286 quibus
1296 3196 1339 3264 ad

222 3300 422 3369 sanctitatem
442 3309 474 3368 et
492 3300 628 3369 salutem
657 3301 842 3390 dirigantur
856 3300 1015 3370 homines.
1034 3301 1137 3393 Atqui
1150 3301 1339 3393 hujusmodi
1390 3341 1392 3344 ·

222 3409 354 3478 societas
367 3415 415 3477 est
431 3409 608 3476 necessario
622 3407 855 3500 independens.

265 3515 348 3584 Nam
378 3513 458 3584 ordo
490 3515 682 3585 societatum
713 3515 859 3607 sequitur
893 3515 1042 3585 ordinem
1076 3515 1206 3584 finium.
1243 3517 1339 3586 Unde

221 3625 367 3708 societas,
396 3623 488 3714 cujus
506 3621 582 3691 finis
599 3633 647 3691 est
670 3622 849 3692 necessario
871 3623 1101 3692 subordinatus
1124 3622 1182 3691 fini
1204 3624 1338 3694 alterius

220 3733 390 3820 societatis,
422 3741 470 3801 est
498 3733 569 3824 ipsa
597 3733 808 3804 subordinate
835 3733 912 3802 huic
936 3733 1031 3802 alteri
1058 3733 1212 3802 societati.
1235 3736 1336 3828 Atqui

221 3840 279 3908 fini
306 3841 459 3909 Ecclesia
483 3839 739 3910 subordinantur
758 3839 838 3909 fines
863 3841 1001 3909 abarum
1025 3842 1228 3911 societatum.
1252 3841 1337 3912 Nam

218 3946 293 4014 finis
328 3947 482 4018 Ecclesiae
520 3956 568 4016 est
604 3949 728 4016 bonum
762 3948 927 4040 spirituale
959 3954 991 4016 et
1020 3948 1062 4016 ad
1089 3947 1226 4018 salutem
1260 3972 1336 4042 per-

220 4054 327 4122 tinens
353 4063 450 4147 atque
479 4077 538 4147 per
566 4075 600 4122 se
627 4054 822 4142 conducens,
854 4078 891 4124 ac
917 4053 1054 4147 proinde
1087 4055 1211 4124 bonum
1239 4057 1334 4126 abso·

217 4161 324 4231 lutum
354 4172 385 4232 et
415 4162 505 4232 omni
533 4185 574 4232 ex
600 4170 691 4254 parte
722 4163 950 4232 necessarium.
981 4162 1071 4231 Finis
1093 4185 1172 4234 vero
1198 4162 1333 4233 societa—

431 4267 442 4300 Ι
