2984 4966
310 495 370 562 tel
664 515 837 560 rnrcrurus
861 517 899 560 ns
921 517 1075 563 persciens

308 683 325 722 e
348 657 471 726 Octava
484 655 646 747 generalis
672 653 830 748 synodus,
846 656 969 728 actione
987 657 1108 747 prime,
1179 655 1329 748 probavit
1347 659 1403 729 lor-

308 793 325 831 «
350 765 491 854 molem,
516 789 580 857 qua
655 764 872 856 perscriptum
897 773 966 835 erat
987 765 1044 856 qui
1065 765 1258 856 sequestrati
1279 779 1405 836 essenti

309 900 326 938 «ι
350 874 579 943 communione
603 872 754 942 sceleste
772 872 952 954 catholicae,
969 871 1006 940 id
1027 884 1082 954 est,
1109 895 1177 958 oon
1196 875 1406 943 consentibus

274 963 282 984 Χ
309 1009 325 1046 «
349 981 430 1050 Sede'
443 980 649 1072 Apostolicae,
668 1001 781 1048 eorum
797 978 934 1047 nominu'
958 979 1151 1049 interserere
1166 1003 1231 1048 non
1254 981 1406 1052 recitando

310 1116 326 1156 a
351 1111 414 1158 esse
428 1087 596 1180 mysteria.
613 1088 702 1170 Quin
717 1096 874 1178 praeteren
884 1109 961 1156 cuni
973 1089 1183 1157 statuendum
1195 1097 1278 1158 esset
1289 1087 1329 1157 de
1340 1111 1407 1158 non·

310 1198 449 1268 «nullis
471 1197 769 1290 dispensationibus
850 1195 1075 1289 impertiendae
1101 1199 1208 1268 veniae
1235 1199 1407 1269 facultatem

311 1334 327 1374 u
350 1327 481 1375 sumere
496 1305 558 1374 sibi
572 1305 685 1373 Patres
699 1303 770 1372 nusi
787 1326 853 1372 non
866 1311 943 1372 sunt
958 1331 965 1371 :
983 1327 1100 1374 verum
1116 1328 1189 1374 eam
1206 1329 1264 1398 per
1286 1307 1409 1398 patrier-

310 1443 326 1480 α
349 1415 446 1484 cham
468 1412 633 1503 lgnatium
661 1411 902 1504 implorandum
927 1411 1051 1482 duxere
1079 1437 1099 1481 a
1121 1413 1203 1484 Sede
1223 1417 1408 1508 Apostolica,

309 1551 326 1588 e
349 1545 450 1614 qnam
465 1519 601 1613 proinde
612 1542 792 1609 agnovere,
810 1541 876 1588 non
891 1520 978 1612 ipsos
995 1521 1210 1612 patriarchas,
1227 1522 1410 1592 relaxando-

311 1658 328 1696 «
351 1653 427 1699 rum
452 1651 615 1698 canonum
635 1635 793 1720 potestate
815 1627 981 1719 pollere.»
1001 1628 1052 1696 Ex
1068 1627 1193 1722 duplici
1208 1630 1292 1699 fecto
1315 1631 1348 1698 in
1361 1630 1411 1700 boc

307 1748 398 1806 texto
420 1760 440 1804 a
464 1736 522 1804 Pio
537 1736 585 1804 Vl
600 1743 876 1822 commemorato,
892 1736 940 1804 sic
954 1737 1178 1825 argumentari
1192 1737 1266 1806 licet
1285 1763 1292 1805 ε
1312 1739 1411 1807 conci-

306 1847 389 1915 lium
402 1844 551 1936 generale
567 1852 720 1912 octavum
737 1843 888 1933 reprobat
902 1864 967 1911 non
980 1843 1215 1912 consentientes
1227 1844 1306 1914 Sedi
1318 1848 1412 1937 Apos-

307 1955 433 2033 tolicae;
459 1951 514 2020 sed
540 1951 733 2045 Apostolicse
759 1951 836 2020 Sedi
852 1973 918 2018 non
940 1952 1157 2020 consentirent
1172 1953 1230 2044 qui
1244 1953 1413 2044 rejicientes

298 2063 377 2154 ejus
399 2061 562 2152 generalia
584 2059 669 2128 circa
694 2057 899 2150 disciplinam
920 2057 1060 2146 decreta,
1086 2069 1279 2151 potestatem
1295 2061 1413 2152 legisla-

308 2173 410 2240 tivarn
438 2192 536 2261 quem
566 2169 627 2238 sibi
653 2168 767 2237 tribuit
790 2168 914 2236 nollent
938 2189 1133 2258 agnoscere5
1163 2191 1243 2259 ergo
1269 2181 1414 2262 negantes

309 2281 392 2348 hanc
430 2277 571 2348 Romani
606 2277 773 2346 Pontificis
806 2285 994 2367 potestatem
1023 2277 1242 2367 legislativern
1274 2267 1415 2371 reprobet

308 2387 481 2480 praelaturn
505 2384 693 2454 concilium.
712 2421 756 2436 --
769 2384 932 2452 Praetcree
956 2383 1070 2453 eadem
1097 2384 1257 2476 generalis
1279 2385 1416 2478 synodus

308 2497 458 2564 Romano
485 2492 636 2561 Pontifici
667 2490 780 2560 tribuit
811 2490 969 2559 eeclesiae
998 2501 1186 2583 potestatem
1217 2493 1416 2586 dispensandi

308 2605 343 2672 in
373 2603 561 2689 canonibus,
587 2625 645 2670 sen
672 2601 759 2691 leges
789 2601 943 2670 Ecclesiae
967 2602 1148 2672 relaxandi.
1175 2603 1238 2673 Sed
1260 2605 1316 2674 ille
1338 2607 1416 2675 solus

309 2720 413 2803 potest
436 2709 555 2779 bebere
582 2709 747 2778 exclusive
771 2716 959 2802 potestatem
989 2711 1198 2803 dispensandi
1216 2713 1250 2780 in
1282 2711 1416 2804 legibus,
1484 2757 1485 2760 =

310 2819 368 2912 qui
393 2819 489 2887 hebet
507 2825 699 2911 potestatem
724 2817 959 2906 legislativum
987 2839 1065 2910 ergo
1086 2819 1232 2911 synodus
1254 2820 1313 2890 illa
1334 2844 1417 2891 oecu-
1484 2832 1485 2870 3

311 2929 437 2998 menica
456 2929 590 3020 agnovit
615 2928 650 2996 in
665 2927 814 2997 Romano
829 2929 985 2998 Pontiliee
1002 2937 1192 3020 potestatem
1207 2931 1416 3022 legislativanr
1484 2943 1485 2960 ²

311 3039 344 3108 in
361 3037 531 3108 universos
546 3035 667 3106 Christi
681 3035 803 3104 fideles.

354 3144 537 3214 Concilium
549 3142 699 3232 generale
711 3143 937 3232 Laternnense,
948 3146 1050 3236 capite
1065 3151 1082 3213 5
1096 3173 1103 3214 :
1119 3147 1296 3217 Sancimus
1308 3161 1418 3240 utpcst

311 3259 497 3322 Romanam
516 3252 713 3334 Ecclesiam,
730 3275 802 3343 pure
826 3251 1013 3344 disponeres
1028 3254 1168 3324 Domino
1194 3279 1293 3348 super
1318 3279 1420 3325 onmes

312 3361 396 3431 alias
420 3360 599 3429 ordinarie
616 3361 788 3452 potestatis
801 3360 921 3430 obtinet
938 3363 1177 3454 principatum,
1194 3377 1308 3456 utpote
1322 3379 1420 3435 meter

312 3471 539 3540 universorum
562 3469 686 3538 Christi
700 3468 850 3561 fidelium
865 3483 896 3538 et
913 3472 1085 3563 mapistra.
1102 3511 1146 3524 -
1160 3473 1303 3543 Ecclesia
1318 3476 1420 3566 eliqua

312 3601 378 3647 non
404 3584 506 3669 potest
533 3575 652 3646 bebere
672 3577 903 3669 principatum
924 3580 1096 3670 potcstatis
1124 3579 1302 3650 ordinarie
1331 3605 1421 3674 super

312 3686 402 3773 alias,
414 3709 473 3753 nec
486 3692 590 3777 potest
604 3707 672 3754 esse
688 3707 766 3754 vero
782 3707 879 3754 sensu
895 3699 1046 3754 meteret
1061 3689 1232 3778 menpiscus,
1248 3690 1313 3757 nisi
1329 3689 1422 3782 possit

312 3793 383 3862 illas
403 3816 527 3884 regere,
553 3792 696 3884 ipsisque
721 3793 910 3885 proscipere,
933 3805 964 3862 et
989 3795 1052 3862 nisi
1073 3804 1241 3865 tencantur
1268 3797 1343 3866 aliae
1367 3799 1421 3890 ipsi

313 3901 448 3992 regenti,
466 3899 668 3992 praecipienti
691 3907 723 3967 ct
747 3901 973 3990 magisterium
994 3904 1157 3972 exercenti
1173 3903 1315 3974 obedire.
1336 3906 1421 3975 Alio-

313 4011 393 4102 quin
413 4007 569 4076 derisorie
585 4006 748 4076 diceretur
762 4005 893 4097 habere,
910 4031 951 4077 ex
973 4009 1174 4080 institutione
1189 4010 1313 4102 divina,
1324 4015 1420 4106 priri-

312 4120 459 4210 cipntum
471 4115 642 4208 potestatis
655 4114 845 4186 ordinarie.

357 4225 540 4298 Concilium
573 4224 723 4316 gencrale
753 4225 972 4317 Lugdunense
993 4229 1039 4318 ll,
1067 4229 1100 4298 in
1124 4229 1322 4321 professione
1350 4231 1421 4302 fidei
