3050 4946
594 479 676 525 tuuis
699 479 850 527 CANONlCl.

577 817 719 888 CAPUT
746 817 867 890 xvnl.

166 1047 204 1093 DE
226 1047 431 1094 connncmoun
452 1045 578 1094 nucum
602 1043 761 1110 annnam,
788 1045 912 1093 eunucu
935 1045 1144 1098 Autronium
1170 1053 1278 1119 FACTA,

476 1164 530 1210 SUB
552 1162 601 1210 Plo
622 1163 644 1208 V
666 1162 704 1210 ET
726 1163 878 1210 enumero
901 1163 970 1210 xm.

210 1401 284 1472 Viri
301 1401 342 1472 ad
359 1402 443 1471 hanc
457 1401 716 1471 emendationem
735 1401 827 1470 electi
841 1411 927 1470 etex
943 1401 1080 1472 diversis
1094 1407 1282 1480 nationibus

165 1511 309 1580 arcessiti
330 1511 437 1580 vocari
459 1509 562 1578 solent
577 1523 768 1578 correctores
784 1511 936 1578 Romani.
954 1512 1189 1584 Annotationcs
1203 1519 1281 1586 sub-

160 1621 308 1711 jecerunt
341 1617 524 1686 Gretianeis
557 1617 736 1686 canonibus
769 1616 826 1686 ubi
865 1640 947 1710 opus
985 1627 1073 1708 erat;
1115 1623 1281 1693 citationes

164 1735 335 1796 auctorum
372 1725 541 1794 mendosas
579 1725 798 1796 reformarunt
830 1734 862 1794 et
899 1727 1001 1796 multa
1035 1727 1098 1796 alia
1126 1753 1281 1802 correxe-

167 1844 255 1902 runt.

210 1943 330 2025 Quanti
349 1944 504 2012 momenti
524 1943 632 2012 visum
653 1943 695 2010 sit
709 1943 810 2012 PioV
826 1952 857 2011 et
876 1943 1033 2034 Gregorio
1049 1930 1126 2014 Xlll
1140 1951 1282 2020 arduum

164 2051 246 2120 illud
270 2052 477 2120 correctionis
498 2075 593 2142 opus,
619 2061 739 2142 quanta
754 2052 929 2142 prudentia
946 2063 977 2120 et
1003 2055 1218 2127 sollicitudine
1240 2061 1282 2128 ad

165 2161 290 2230 exitum
307 2159 437 2230 tandem
464 2160 642 2251 incoeptum
668 2159 812 2228 lahorem
828 2161 1051 2250 perduxerint,
1070 2163 1137 2254 jem
1154 2171 1283 2258 perspi·

165 2292 264 2338 cuum
290 2270 442 2339 omnibus
463 2271 499 2336 lit
520 2293 561 2337 ex
579 2291 683 2360 nuper
704 2267 799 2336 editis
813 2292 832 2336 a
846 2269 1008 2338 Theinero
1038 2272 1081 2362 (Ι)
1099 2295 1282 2366 congrega-

165 2377 262 2446 tionis
281 2377 324 2446 ad
350 2379 383 2446 id
397 2377 558 2468 deputatu
580 2377 671 2462 sctis,
694 2374 911 2468 pluribusque
925 2377 966 2444 ab
980 2377 1093 2447 eedem
1109 2379 1239 2450 directis
1251 2396 1283 2452 et

165 2486 302 2577 receptis
316 2485 472 2579 epistolis.

209 2593 400 2684 Designavit
417 2592 508 2661 initio
535 2603 665 2661 sanctus
686 2592 764 2660 Pius
785 2591 815 2662 V
830 2591 1010 2661 cardinales
1024 2605 1144 2686 septem
1161 2607 1193 2665 et
1204 2598 1281 2670 doc-

167 2712 250 2772 tores
283 2701 467 2787 duodecim,
505 2722 646 2793 quorum
689 2701 838 2768 omnium
884 2700 1017 2769 nomine
1058 2701 1157 2772 hebes
1194 2711 1281 2799 opud

165 2810 334 2880 laudatum
347 2808 544 2878 Theinerum
560 2807 642 2898 (loco
656 2805 779 2895 citato).
800 2805 914 2875 Additi
932 2817 1043 2899 postea
1058 2810 1124 2879 duo
1138 2812 1194 2880 alii
1209 2837 1282 2884 car·

167 2919 291 2988 dinales
316 2927 348 2986 et
369 2919 515 2986 doctores
539 2926 615 3001 tres,
646 2915 731 2983 inter
752 2937 835 3007 quoe
859 2937 947 2984 unus
969 2925 1000 2984 et
1022 2918 1109 2987 solus
1122 2943 1164 2987 ex
1178 2921 1282 2992 Gallie

165 3029 333 3098 Arnoldus
367 3029 538 3096 Pontacus.
576 3025 823 3095 constituerunt
858 3025 921 3093 sibi
950 3035 1025 3094 ente
1055 3030 1165 3098 omnia
1194 3033 1282 3122 leges

166 3137 324 3229 quasdam
350 3134 600 3203 incorrectione
621 3132 768 3201 Gratiani
788 3133 965 3202 servandas
983 3160 990 3200 :
1007 3135 1042 3202 in
1065 3159 1206 3227 quarum
1230 3141 1281 3209 ul·

165 3247 255 3332 tima,
277 3267 353 3337 qum
375 3254 423 3313 est
437 3243 498 3312 sub
520 3264 657 3311 numero
682 3245 735 3328 14,
755 3240 892 3310 habetur
909 3243 1039 3333 insigne
1059 3247 1281 3320 testimonium
1351 3271 1355 3282 ’

166 3356 206 3424 de
225 3357 410 3426 collectione
432 3376 594 3423 canonum
611 3375 631 3420 a
651 3359 761 3422 sancto
783 3353 940 3422 Anselmo
960 3355 1099 3423 Lucensi
1122 3369 1277 3430 exarata:

166 3469 377 3538 Derlnsclmo
393 3490 467 3535 vero
483 3468 631 3548 lucensi,
648 3464 849 3533 decretorum
864 3464 1020 3556 comploro
1033 3478 1169 3551 octcuto,
1186 3471 1281 3560 cujus

166 3582 336 3672 exemplar
357 3575 709 3666 ectot'dilipentissimc
727 3573 989 3664 munuscmptum
1008 3575 1101 3670 opud
1115 3576 1280 3647 doctorem

165 3691 405 3779 Hieronymum
424 3685 611 3754 Porisctum
632 3682 752 3774 absque
763 3680 894 3750 nomine
909 3682 1061 3763 Arnum,
1079 3683 1136 3752 scd
1144 3685 1203 3753 sub
1217 3687 1280 3757 troc

165 3797 386 3889 inscriptione,
406 3795 591 3864 authentica
608 3814 783 3878 canonum,
801 3792 958 3883 quoniam
973 3792 1066 3884 opud
1076 3816 1187 3864 omnes
1201 3819 1280 3866 con-

165 3921 231 3976 stat
260 3919 426 3976 auctorem
452 3905 552 3996 fuisse
579 3902 769 3971 Anaclmum
796 3904 983 3981 lucensem,
1016 3902 1121 3970 ouum
1145 3907 1213 3995 ficit
1243 3910 1279 3977 iu

200 4153 231 4215 (l)
247 4148 427 4215 inquisitiones
450 4147 617 4198 lucanorum
642 4143 811 4204 collectiones,
832 4143 962 4208 oppcrrdioe
982 4143 1077 4206 prima.
1099 4168 1130 4182 -
1152 4145 1231 4197 llulta
1252 4149 1279 4198 iu

166 4234 217 4286 hoc
228 4247 309 4301 opere
323 4233 429 4284 eruditis
439 4232 512 4282 utilia
524 4231 630 4295 collegit
646 4233 673 4280 P.
685 4229 807 4290 Theium,
822 4228 943 4280 elamiliu
954 4229 978 4278 S.
992 4227 1102 4294 Philippi
1114 4229 1192 4280 Nerii.
