3042 4946
280 423 366 512 '552
664 442 839 488 rescrnrus
863 443 900 490 ne
923 441 1075 488 rsrnerrns

310 585 489 676 constringi
514 585 555 654 ed
582 582 759 676 regendum
784 607 877 654 suem
902 581 1065 652 dimccsim
1088 583 1183 676 juxte
1205 584 1292 674 leges
1318 584 1384 652 sihi
1411 608 1426 652 n

309 691 444 764 coneilio
459 692 659 762 mcumenieo
674 692 854 785 impositus,
870 699 901 760 et
916 713 982 762 non
998 691 1104 780 aliter,
1117 690 1202 762 idem
1216 699 1264 760 est
1279 715 1317 761 nc
1332 716 1428 784 posse

266 813 272 838 ⁸
307 801 410 892 ipsius
426 799 685 892 jurisdictionem
704 799 917 894 episcopslem
933 801 967 868 in
984 799 1083 872 variis
1098 801 1241 869 meteriis
1258 801 1427 891 restringi.

351 911 393 977 ll.
412 910 459 978 De
475 909 540 978 fide
560 918 608 978 est
631 917 811 1000 competere
833 909 983 977 Romano
1003 906 1151 978 Pontifici
1174 907 1303 999 plenem
1319 922 1429 1001 potes-

305 1026 402 1086 totem
418 1015 567 1109 pascendi
582 1025 613 1086 et
628 1015 762 1108 regendi
778 1016 995 1086 universalem
1011 1016 1201 1104 Ecclesium,
1220 1025 1256 1086 nt
1269 1039 1430 1110 expresse

310 1125 459 1196 delinivit
485 1124 666 1196 Concilium
697 1124 937 1194 Florentinum.
968 1125 1056 1216 Ergo
1082 1132 1114 1194 et
1140 1125 1206 1195 suis
1234 1125 1366 1216 legibus
1394 1151 1431 1194 ac

309 1235 479 1328 praeceptis
502 1243 605 1326 potest
623 1256 772 1304 summus
792 1233 945 1303 Pontifex
969 1233 1149 1325 quemlibet
1171 1233 1373 1326 Episcopum
1389 1237 1430 1304 ad
1502 1291 1503 1294 η

305 1345 397 1414 varin
412 1345 498 1414 eirca
515 1342 647 1414 modum
665 1343 800 1434 regendi
815 1364 908 1411 suam
925 1341 1089 1412 dioecesim
1109 1342 1263 1434 obligare.
1283 1342 1352 1412 Sed
1369 1344 1430 1412 hoc

305 1451 391 1520 idem
411 1461 458 1521 est
481 1474 518 1520 sc
541 1475 634 1544 posse
654 1451 867 1544 episcopalem
892 1453 1115 1522 auctoritatem
1138 1451 1245 1544 quoad
1272 1453 1430 1522 meterius

304 1563 468 1654 restringi.
498 1562 589 1631 Hunc
624 1562 744 1630 summi
778 1561 944 1630 Pontificis
980 1561 1195 1652 legislativum
1231 1569 1430 1653 potestatem
1503 1551 1504 1600 t

304 1670 515 1763 probavimus
531 1691 642 1763 supro,
659 1678 750 1763 parte
770 1673 802 1757 2,
820 1669 960 1738 sectione
975 1674 1007 1737 2.

349 1779 405 1848 ΠΙ.
423 1780 557 1850 Certum
582 1786 686 1848 estex
708 1785 863 1872 perpetuo
880 1777 1032 1848 Ecclesiae
1055 1777 1203 1848 doctrino
1216 1784 1248 1846 et
1268 1779 1368 1870 praxi
1383 1779 1430 1847 le-

306 1911 363 1978 ges
384 1886 608 1978 discipliusres
632 1886 856 1956 Conciliorum
879 1885 1131 1978 provincialium
1155 1907 1429 1980 unumquemque

305 1996 501 2088 Episcopum
527 2001 560 2064 et
585 1995 681 2064 etiem
708 1993 992 2088 metropolitanum
1019 1993 1163 2084 obligare
1191 1993 1234 2084 (t)
1246 2021 1254 2081 ;
1281 1994 1341 2063 sed
1370 1994 1428 2062 hoc
1504 2010 1505 2038 ¹

306 2105 463 2174 idemest
480 2129 518 2174 ac
539 2127 632 2198 posse
652 2103 912 2198 jurisdictionem
934 2103 1147 2195 episcopalem
1161 2126 1181 2171 n
1195 2101 1334 2171 concilio
1351 2125 1428 2194 pro-

307 2213 435 2283 vinciali
451 2216 536 2282 circe
552 2214 658 2284 verius
673 2213 825 2282 meterius
846 2212 1010 2302 restringi.

351 2323 409 2392 IV.
438 2321 555 2413 Viguit
577 2321 655 2390 olim
682 2320 852 2413 discipline
883 2328 919 2390 ut
945 2319 1128 2411 jurisdictio
1158 2319 1313 2412 Episcopi
1345 2320 1431 2388 circe

309 2431 410 2500 multa
431 2431 578 2523 potestati
602 2429 780 2522 subjaceret
804 2429 854 2497 s'ui
877 2428 1086 2514 Patrinrelrre,
1109 2438 1141 2496 et
1165 2430 1262 2496 etiem
1283 2429 1336 2498 sui
1361 2429 1434 2499 lde-
1505 2485 1506 2496 .

307 2540 510 2632 tropolitnni5
544 2537 630 2631 qrrod
669 2537 807 2630 probunt
844 2539 912 2607 hcec
955 2538 1189 2630 Episcoporum
1219 2538 1362 2630 AEgypti
1392 2541 1434 2608 nd

307 2648 418 2718 Patres
441 2646 577 2716 Concilii
599 2645 872 2716 Chalcedonensis
892 2645 991 2714 verbe
1007 2673 1014 2714 :
1033 2647 1178 2714 Petimus
1201 2659 1348 2714 vestram
1368 2649 1434 2716 cle-

202 2735 205 2750 ’
309 2756 468 2825 mentium
484 2767 668 2848 exspectare
684 2753 836 2847 presidis
857 2755 962 2822 nostri
977 2754 1182 2838 sententium,
1202 2756 1281 2848 quia
1299 2779 1378 2824 eum
1399 2757 1434 2824 in
1505 2741 1506 2744 ¹

309 2865 457 2934 omnibus
480 2887 661 2959 sequemur.
680 2867 769 2934 Nom
784 2877 814 2932 et
832 2864 938 2934 sancti
957 2867 1071 2932 Patres
1090 2866 1148 2957 qui
1167 2866 1201 2932 cic
1218 2865 1331 2936 Nissen
1352 2889 1435 2936 con-

309 2973 527 3064 propulissent
543 2975 619 3059 318,
637 2971 723 3040 hanc
738 2973 887 3062 requiam
903 2971 1073 3056 dederunt,
1091 2985 1128 3041 ut
1149 2985 1307 3064 sequatur
1321 2975 1435 3043 omnis

311 3080 510 3172 AEqyptiaco
541 3079 629 3170 regio
656 3079 941 3173 Arclriepiscopum
971 3080 1087 3172 magni
1113 3081 1254 3148 nummis
1285 3081 1436 3150 ciuitatis

311 3187 551 3270 Alexandrinae,
568 3203 598 3257 et
613 3187 702 3257 citit
713 3189 832 3279 absque
846 3188 916 3279 ipso
937 3201 1059 3279 apator
1080 3188 1121 3256 ab
1141 3189 1253 3280 aliquo
1270 3189 1301 3256 ci
1312 3190 1435 3282 subja-

311 3309 398 3364 cente
411 3298 583 3389 Episcopo.
601 3297 687 3389 (Act.
706 3297 765 3384 lV,
781 3295 869 3388 opud
884 3295 1006 3383 nabbe,
1023 3306 1046 3364 t.
1065 3297 1125 3383 IV,
1142 3297 1202 3365 col.
1221 3297 1310 3387 511.)
1330 3299 1373 3367 Et
1391 3301 1437 3368 its

311 3413 437 3497 receptu
454 3415 522 3474 erat
543 3406 657 3496 regulo
677 3405 732 3473 ills
754 3413 786 3472 et
806 3405 1006 3474 cousuetudo
1032 3413 1067 3474 ut
1091 3405 1252 3495 timerent,
1276 3429 1318 3476 ne
1341 3409 1437 3478 illam

311 3512 580 3602 transgrediendo
602 3511 857 3603 indignationem
880 3513 1114 3605 AEgyptiorum
1138 3513 1318 3582 excitarent
1341 3526 1374 3586 et
1394 3519 1435 3586 ab

311 3621 357 3688 cis
382 3621 634 3692 occiderentur:
661 3626 777 3691 Omnes
801 3623 1007 3715 AEpyptiacae
1031 3623 1174 3715 regiones
1200 3625 1372 3717 insurgent
1402 3629 1436 3696 in

311 3753 409 3797 nos...
431 3729 622 3799 occidemur
632 3731 666 3798 in
679 3731 806 3821 petria.
820 3730 909 3799 Idem
926 3738 1049 3800 constet
1064 3753 1105 3800 ex
1121 3732 1267 3803 Concilio
1282 3733 1433 3817 Nicaeno,

311 3859 433 3908 canone
451 3843 469 3905 t
488 3865 495 3906 :
515 3839 671 3908 Firmitas
692 3861 806 3908 eorum
831 3863 903 3932 quse
919 3863 983 3932 per
1004 3863 1272 3934 unamquemque
1289 3846 1437 3936 prouin-

341 4117 373 4176 (1)
391 4115 431 4164 Sic
449 4113 588 4164 concilium
602 4114 754 4164 Areteteuse
771 4115 793 4165 ll
810 4115 899 4165 :netu
912 4120 1001 4166 contre
1018 4131 1138 4182 mcpnom
1157 4119 1282 4183 mnodum
1307 4127 1438 4187 metropo-

312 4197 393 4246 tr'tcm'
404 4195 455 4247 sibi
465 4198 590 4248 aestiment
605 4195 796 4249 uindicandum.
808 4199 914 4265 (Lobbe,
927 4203 945 4250 t.
957 4200 1001 4262 lV,
1015 4200 1065 4252 col.
1083 4201 1161 4267 torn.)
