3064 4952
291 465 353 536 208
654 487 829 535 mauranus
851 489 890 534 nu
911 487 1066 535 ramums

293 628 487 700 «Doctrina
516 650 591 720 qum
619 627 730 696 statuit
760 626 1028 698 reformationem
1054 625 1219 695 abusuum
1246 625 1334 695 circa
1359 649 1410 694 ao·
1508 615 1509 696 3

292 767 310 804 o
331 737 543 807 clesiastioam
561 735 769 828 disciplinam
789 735 824 805 in
839 736 973 829 synodis
986 735 1178 805 dioecesanis
1190 734 1232 803 ab
1251 735 1410 828 Episcopo
1508 745 1509 748 ’

294 873 310 911 u
333 856 366 914 et
387 845 537 938 parochis
561 845 730 938 aequaliter
754 843 897 936 pendere
921 867 958 914 ac
982 843 1121 913 stabiliri
1137 843 1274 912 debere:
1290 867 1328 912 ac
1344 843 1410 912 siue

293 981 311 1018 u
333 953 480 1022 libertate
504 951 678 1022 decisionis
706 951 885 1021 indebitam
916 953 987 1023 fore
1012 954 1248 1045 subjectionem
1275 977 1411 1046 sugges-

294 1089 311 1128 u
334 1061 477 1131 tionibus
495 1067 527 1129 et
552 1059 755 1152 jussionibus
777 1059 1013 1153 Episcopomm
1038 1101 1082 1116 -
1103 1061 1198 1152 Iulsa,
1222 1063 1408 1147 temeraria,

294 1196 310 1234 a
333 1169 526 1262 episcopalis
548 1169 747 1238 auctoritatis
775 1168 902 1257 lessius,
926 1170 1097 1261 regiminis
1119 1170 1316 1240 hierarchici
1332 1172 1412 1241 sub·
1509 1249 1510 1258 2

294 1305 310 1340 o
334 1279 477 1364 versiva,
491 1277 605 1346 favens
623 1275 741 1344 haeresi
756 1277 924 1364 Asnaum,
938 1301 959 1346 a
971 1279 1110 1348 Calvino
1125 1279 1301 1348 innovatae.

336 1413 352 1450 a
376 1385 544 1454 Sententia
563 1385 753 1472 enuntians,
777 1385 880 1456 veteri
894 1386 1058 1479 majorum
1080 1387 1240 1475 instituto,
1258 1388 1300 1456 ab
1314 1409 1412 1479 apos-

294 1521 311 1558 o
334 1492 437 1562 tolicis
446 1514 550 1584 usque
562 1491 764 1583 temporibus
778 1491 889 1580 ducto,
901 1516 958 1586 per
975 1493 1110 1563 meliora
1121 1493 1275 1562 Ecclesia
1290 1493 1413 1562 saecula

293 1601 474 1688 «servato,
495 1608 660 1692 receptum
681 1599 801 1689 fuisse,¹
816 1610 853 1670 ut
876 1599 1016 1690 decreta,
1032 1611 1090 1671 aut
1108 1601 1329 1688 definitiones,
1355 1612 1413 1671 aut

294 1739 312 1778 u
333 1707 500 1778 sententiae
523 1709 621 1778 etiam
640 1708 802 1800 majorum
821 1710 947 1780 sedium
970 1733 1037 1781 non
1063 1719 1325 1804 acceptarentur,
1349 1711 1413 1780 nisi

293 1847 310 1886 u
333 1817 508 1908 recognitae
537 1815 675 1885 fuissent
699 1826 732 1886 et
760 1819 947 1910 approbatae
970 1843 990 1888 a
1010 1818 1138 1910 synodo
1154 1818 1350 1906 dioeoesana,
1368 1858 1413 1872 -

292 1955 310 1994 u
333 1927 424 2014 falsa,
449 1924 632 2014 temeraria,
650 1924 812 2016 derogans
836 1947 895 2018 pro
910 1950 971 1996 sua
985 1928 1195 2018 generalitate
1213 1927 1410 1998 obedientiae

292 2063 310 2105 u
332 2036 450 2106 debitae
466 2034 750 2104 constitutionibus
763 2036 958 2127 apostolicis,
972 2045 1043 2105 tum
1059 2045 1091 2105 et
1106 2037 1327 2105 sententiisnb
1339 2035 1412 2104 hie-

292 2172 310 2214 u
332 2145 460 2215 ratchis
481 2143 649 2236 superiore
674 2143 819 2234 legitime
837 2153 992 2236 potestate
1020 2145 1241 2232 manantibus,
1268 2145 1413 2214 schisma

292 2283 309 2323 u
331 2257 446 2325 fovens
461 2264 492 2322 et
506 2253 671 2323 haeresim.
697 2281 714 2318 s

332 2367 420 2455 Ergo
446 2371 570 2432 certum
596 2373 656 2451 est,
679 2364 926 2433 constitutiones
950 2364 1144 2457 apostolicas
1166 2386 1231 2432 uon
1262 2364 1412 2454 indigere

287 2475 508 2563 recognitione
521 2483 553 2541 et
566 2473 782 2564 acceptatione
798 2473 875 2541 oleri
887 2471 1020 2542 secundi
1036 2473 1184 2557 ordinis;
1202 2481 1233 2540 et
1248 2495 1287 2540 eo
1304 2472 1411 2561 magis

287 2593 424 2664 certum,
449 2604 514 2672 quo
536 2589 659 2648 certum
679 2581 775 2648 etiam
799 2589 859 2670 est,
885 2579 1081 2673 episcopalia
1105 2587 1223 2649 statuta
1238 2579 1412 2672 obligandi

287 2691 355 2758 vim
382 2689 499 2758 hahere
522 2689 643 2779 absque
666 2687 826 2778 ejusmodi
851 2689 931 2758 cleri
952 2688 1086 2758 secundi
1107 2688 1233 2758 ordinis
1258 2696 1411 2779 accepta-
1512 2705 1513 2788 J

290 2797 387 2866 tione.

730 3037 873 3108 CAPUT
895 3038 953 3109 IV.

287 3277 439 3328 oausam
471 3275 565 3323 LRGES
592 3275 767 3322 sommum
790 3275 905 3332 ussum!
934 3275 1076 3322 PRINCIPIS
1103 3273 1272 3321 smumts
1294 3273 1410 3322 AOCEP·

332 3395 465 3445 'fartores
509 3394 569 3440 AU'I
617 3393 760 3454 ruscrm,
801 3394 860 3440 NISI
907 3394 1013 3440 trusus
1058 3393 1168 3444 aum
1209 3391 1409 3440 condumum

332 3517 419 3561 Pars.

332 3777 411 3844 Haec
436 3774 533 3844 etiam
557 3769 659 3841 thesis
680 3771 877 3841 sufficienter
899 3769 967 3861 jam
988 3771 1125 3863 probata
1144 3778 1291 3839 remanet
1308 3791 1410 3859 geue-

287 3885 410 3954 ralibus
435 3881 616 3951 rationibus
636 3880 741 3972 capite
762 3877 904 3948 secundo
928 3900 1028 3970 supra
1050 3877 1218 3970 expositis.
1243 3876 1308 3946 Sed
1331 3899 1408 3946 cum

287 3991 479 4062 heterodoxi
500 3989 717 4060 recentiorum
743 3998 927 4080 temporum
952 3988 1010 4056 toti
1033 3987 1155 4056 sintin
1168 3986 1366 4056 adstruendo
1377 3995 1409 4054 et

287 4099 489 4192 principibus
512 4095 708 4166 vindicando
732 4095 792 4164 hoc
815 4095 935 4187 placiti
961 4095 1048 4188 jure,
1069 4095 1215 4164 etmulti
1236 4095 1405 4185 gallisana

287 4209 450 4306 opinionis
477 4209 663 4278 defensores
691 4228 757 4275 non
786 4206 863 4274 satis
890 4205 925 4273 iu
951 4205 1013 4276 bac
1034 4205 1216 4297 quaestione
1235 4206 1277 4274 ab
1296 4212 1407 4296 aperte
