3048 4954
438 545 444 555 .
477 503 559 550 runrs
586 503 736 550 3333333.
1105 481 1161 546 101

69 643 113 734 jus
135 643 305 714 hodiedum
337 643 480 736 legitime
505 664 711 738 perseverare
741 642 939 712 censendum
965 641 1058 712 foret.
1093 641 1165 711 Non

71 753 144 821 enim
161 761 297 823 mentem
312 753 455 822 subierat
478 775 570 844 posse
590 751 770 843 quidquam
793 751 939 841 allegari,
959 773 1001 819 ex
1019 773 1098 842 quo,
1115 751 1168 820 vet

71 885 133 929 cum
165 864 296 932 minima
323 861 617 932 verisimilitudinis
645 861 784 946 umbra,
816 881 992 930 consensus
1020 858 1079 927 iste
1107 859 1168 927 ob-

71 968 145 1037 trudi
166 970 294 1040 valeret.
313 971 413 1039 Nobis
427 979 534 1039 tamen
557 969 719 1061 objectum
742 979 790 1039 est
813 969 1045 1039 documentum
1062 969 1168 1064 quod·-

70 1075 133 1144 dam
148 1105 155 1144 :
170 1087 201 1146 nt
216 1101 372 1172 perquem
385 1077 567 1148 infeliciter.
578 1077 794 1171 ¹Apertissima
808 1080 928 1172 quippe
944 1077 1167 1148 falsificatione

70 1183 270 1256 adulteratum
306 1188 368 1256 hoc
401 1187 652 1267 documentum,
688 1186 805 1255 thesim
841 1196 985 1257 nostram
1015 1186 1056 1255 de
1083 1187 1169 1254 enti-

25 1305 26 1380 }
70 1302 154 1381 quoto
167 1294 274 1386 prisco
286 1294 361 1387 jure
379 1294 540 1385 gallicano
555 1293 674 1363 nedum
690 1303 829 1381 evertat,
855 1315 941 1364 novo
961 1293 1070 1363 firmat
1089 1315 1168 1361 mu-

70 1399 187 1470 nimine.
213 1402 303 1472 lstud
324 1425 402 1492 ergo
425 1403 667 1488 documentum,
689 1403 722 1470 id
744 1413 802 1490 est,
821 1403 1000 1494 juramenti
1020 1425 1040 1470 a
1063 1401 1168 1470 cardi-

72 1508 124 1575 nali
140 1512 281 1602 Caprars
303 1511 414 1580 emissi
440 1510 638 1598 formulam,
670 1533 795 1579 necnon
822 1510 907 1596 elie,
935 1533 1009 1603 quae
1035 1509 1168 1577 adrem

72 1615 158 1686 lacere
173 1616 279 1686 videri
295 1625 440 1709 possent,
463 1618 563 1709 hujus
578 1619 733 1710 temporis
749 1627 858 1707 geste,
876 1617 1032 1709 tantisper
1045 1638 1169 1707 expen-

73 1721 202 1798 damus..

604 1924 629 1990 l.

93 2139 123 2188 ns
137 2141 236 2190 err-estc
248 2137 369 2204 gubernii
385 2136 473 2204 gallici
484 2151 532 2202 pro
543 2136 704 2202 registrsuda
718 2137 803 2201 bullo,
820 2151 878 2203 quse
895 2138 1001 2189 collatus
1015 2137 1140 2190 cardinali

385 2229 503 2294 Geprsrn
519 2227 653 2278 facultates
669 2227 840 2292 exprimebat

25 2495 27 2522 ³
104 2486 160 2554 Die
186 2491 203 2554 8
227 2486 340 2577 aprilis
362 2489 445 2553 1802
472 2487 555 2574 (scu,
577 2485 673 2575 juxte
696 2485 832 2578 hujusce
854 2486 1009 2578 temporis
1029 2488 1169 2578 stylum,

25 2671 27 2712 p
72 2596 102 2659 18
116 2594 280 2684 permina!
292 2617 335 2662 an
350 2595 382 2682 x)
398 2593 523 2661 editum
538 2601 586 2661 est
601 2592 766 2662 decretum
782 2593 894 2679 istud,
918 2593 1011 2684 eujus
1033 2594 1061 2662 is
1080 2603 1173 2664 tenor

25 2723 27 2732 ’
70 2711 124 2769 est:

25 2919 26 2952 3
105 2893 119 2931 s
140 2867 222 2936 Aer.
244 2870 296 2934 1⁸¹.
316 2866 360 2934 Le
373 2866 518 2934 cardinal
533 2867 690 2958 Capram,
709 2870 834 2959 envoye
850 2891 890 2936 en
912 2869 1036 2938 France
1052 2893 1130 2940 avec
1143 2874 1173 2942 lo

25 2965 26 2970 ’
74 2976 174 3042 «titre
197 2975 238 3042 de
260 2975 365 3064 Le'pot
388 2975 409 3040 d
432 2973 545 3060 latere,
570 2983 618 3044 est
639 2975 781 3044 autorise
797 2981 962 3045 dexercer
977 2978 1024 3046 les
1040 2979 1173 3050 tacuttes

72 3110 85 3145 3
104 3086 256 3152 enoncdes
274 3081 357 3149 dans
372 3084 404 3151 la
424 3082 513 3151 bulle
533 3083 658 3152 donnes
678 3086 813 3154 dllome
828 3085 858 3153 le
872 3084 965 3154 lundi
981 3090 998 3153 6
1016 3087 1175 3159 fructitlor

74 3219 86 3257 3
102 3219 139 3261 33
154 3219 200 3280 nr,
218 3199 237 3262 a
262 3195 294 3262 13
314 3194 432 3284 charge
448 3193 487 3260 de
504 3215 537 3260 se
557 3193 743 3259 conformer
761 3192 973 3263 entierement
986 3219 1052 3264 aux
1069 3199 1174 3289 regles

74 3329 86 3364 o
104 3311 132 3369 et
143 3317 210 3372 'aux
225 3323 342 3392 usoges
356 3302 508 3371 observes
521 3323 562 3368 en
577 3299 702 3368 Franco
716 3323 756 3368 en
773 3301 953 3393 porcileae,
971 3305 1100 3374 saveir:

25 3473 26 3478 ¹
112 3481 127 3516 n
151 3457 181 3521 1ο
195 3452 345 3542 Iljurera
356 3459 388 3520 et
403 3459 593 3543 promettra,
612 3453 742 3520 suivant
756 3451 789 3520 la
802 3452 941 3522 lormule
955 3457 1070 3546 untes,
1088 3459 1128 3530 de
1142 3486 1175 3529 se

75 3585 87 3620 3
106 3561 287 3629 conformer
301 3581 367 3626 aux
382 3557 444 3628 lois
458 3557 498 3628 de
512 3542 609 3628 l'Etat
621 3567 653 3627 et
666 3582 733 3628 aux
746 3546 1178 3658 11133133331113113383111-

76 3693 88 3732 3
106 3691 193 3758 cane,
212 3677 243 3736 ct
266 3667 307 3735 de
326 3689 431 3735 casser
446 3689 496 3735 ses
509 3665 681 3754 fonctions,
698 3666 809 3759 quand
823 3667 846 3734 il
860 3691 901 3736 en
916 3690 987 3738 sera
1002 3676 1105 3744 everti
1118 3699 1177 3768 par

78 3807 89 3843 s
106 3781 132 3850 le
148 3781 291 3874 premier
306 3777 421 3846 consul
432 3777 472 3846 de
483 3777 515 3845 la
530 3775 749 3869 Republique.

111 3917 125 3954 o
148 3894 181 3957 2ο
197 3889 318 3956 Aucun
332 3893 401 3954 acte
414 3884 454 3953 dc
467 3884 499 3952 la
516 3884 659 3975 legation
677 3906 717 3952 nc
731 3905 854 3975 pourra
869 3883 936 3953 erre
952 3889 1056 3959 rendu
1068 3893 1179 3983 public

78 4023 89 4058 ι
107 4010 134 4067 et
147 3999 211 4067 mis
225 4001 244 4065 d
258 3995 428 4066 execution
444 4017 521 4064 sens
533 3995 566 4064 la
579 3994 775 4088 permission
790 3995 836 4064 du
850 4009 1118 4087 gouvernement.

111 4137 125 4170 e
149 4112 181 4176 3⁰
204 4106 249 4176 Le
274 4104 524 4195 cardinal-legat
551 4127 590 4172 ne
612 4125 735 4196 puurra
755 4113 942 4174 commcttre
969 4107 1003 4174 ni
1027 4107 1181 4202 deligucr

80 4240 91 4274 3
110 4235 267 4307 personne
283 4232 358 4282 sons
372 4213 403 4283 la
420 4213 525 4281 mime
539 4210 744 4304 permission.
