3064 4952
466 525 550 572 cuais
572 523 724 572 canonia-t.
1092 501 1153 568 227

70 655 189 743 ditatam,
212 661 385 732 dicendum
407 671 455 731 eat
480 663 521 731 de
552 663 696 756 quolibet
727 662 866 731 Praelato
887 671 919 730 et
942 663 1157 731 Prmlatorum

70 767 237 839 collectione.

104 880 130 945 3⁰
143 877 388 970 supplicationis
411 879 544 949 nomine
560 879 748 969 intelligunt
760 888 907 948 auctores
923 879 1158 970 expositionem

69 985 218 1074 rationum,
243 987 285 1056 ob
310 1010 391 1078 quas
414 987 606 1079 Episcopus,
630 1009 663 1054 v.
687 1009 737 1076 g.,
765 996 859 1076 rogat
880 1009 1045 1055 summum
1070 988 1158 1055 Pon-

68 1092 177 1182 tificem,
205 1103 240 1164 ut
265 1096 319 1165 lex
350 1097 460 1189 aliqua
490 1095 654 1188 pontificia
684 1096 719 1163 in
748 1119 807 1164 sua
841 1095 972 1164 ditecesi
1001 1117 1066 1164 non
1096 1119 1159 1164 ur-

66 1211 171 1288 geatnr.

100 1313 128 1376 l·
139 1311 271 1382 Licitam
290 1337 359 1383 esse
374 1322 405 1383 et
418 1313 663 1384 convenientem
684 1312 873 1406 hujusmodi
892 1311 1160 1404 supplicationem

66 1418 159 1505 prohat
171 1443 227 1512 per
241 1421 378 1512 longum
394 1422 529 1508 Suarez,
546 1429 577 1490 ct
592 1422 676 1492 nulli
689 1418 826 1490 dubium
842 1431 890 1490 est

101 1531 126 1591 5⁰
138 1527 276 1599 Dubium
291 1553 360 1600 essc
371 1540 474 1623 potest
494 1540 606 1600 utrum
631 1531 685 1598 lex
703 1530 815 1622 aliqua
828 1530 994 1622 pontificia
1008 1529 1048 1598 sit
1061 1552 1161 1598 necne

66 1631 96 1699 le
116 1658 245 1706 numero
264 1660 391 1723 aarum
413 1660 495 1730 quas
518 1660 667 1707 summus
688 1637 838 1706 Pontifex
857 1637 971 1707 merito
988 1639 1161 1728 praesumi-

65 1747 106 1806 tur
116 1743 267 1834 subjicere
281 1744 458 1814 conditioni
472 1745 710 1837 acceptationis.
727 1745 786 1812 His
805 1746 1007 1836 praenotatis,
1025 1747 1067 1814 sit

98 1849 379 1922 Psorosrrro.1-
395 1852 535 1936 Quando
562 1851 615 1920 lea
639 1865 685 1920 est
707 1865 794 1920 certo
816 1851 855 1920 dc
877 1875 1013 1921 numero
1029 1875 1156 1937 aarum,

65 1979 127 2044 qnos
139 1961 230 2052 Papa
245 1983 313 2028 non
323 1960 406 2050 fauit
421 1960 635 2050 obligatorias
650 1973 727 2028 ante
741 1961 1010 2052 acceptationem,
1023 1963 1158 2054 Epr'sco-

61 2086 109 2151 pas
122 2091 183 2136 non
198 2082 370 2160 acceptans
386 2081 514 2138 tenetur
529 2068 746 2137 nihilominus
761 2068 808 2137 ad
819 2071 1102 2162 supplicationem.
1117 2109 1161 2122 —

63 2170 121 2241 lleu
143 2177 228 2244 eninr
244 2186 384 2264 tantum,
401 2186 439 2244 ut
459 2199 559 2268 supra
575 2177 748 2268 probatum
762 2185 823 2264 est,
842 2187 946 2268 potest
961 2179 995 2246 in
1012 2179 1073 2247 hoc
1084 2203 1160 2249 casu

63 2279 219 2377 Episcopus
243 2287 350 2376 legem
374 2285 572 2378 pontificiam
595 2309 661 2354 non
689 2295 866 2377 acceptare,
897 2286 974 2378 quia
1004 2289 1162 2358 consentit

63 2389 92 2454 nd
113 2391 141 2458 id
162 2417 312 2462 summus
334 2393 499 2462 Pontifex.
517 2393 702 2462 Consensus
714 2399 822 2460 autem
837 2393 896 2460 iste
909 2393 1049 2462 Romani
1069 2395 1160 2462 Pou-

64 2495 139 2566 tifieis
164 2500 236 2570 ideo
266 2509 394 2569 tantum
422 2501 536 2569 merito
564 2499 788 2591 praesumitur,
819 2500 896 2592 quia
923 2500 1054 2592 expedit
1075 2501 1160 2571 bono

61 2605 237 2678 auinrarnm.
269 2608 332 2676 Sed
362 2608 390 2675 si
416 2629 593 2676 consensus
617 2607 676 2674 iste
703 2605 835 2674 daretur
862 2606 983 2699 absque
1013 2608 1159 2699 proelatae

61 2713 286 2804 supplicationis
312 2714 520 2804 obligatione,
555 2737 620 2782 non
650 2723 799 2804 vergeret
824 2712 858 2781 in
887 2714 1010 2782 bonum
1035 2716 1161 2783 anima·

60 2837 137 2906 mn;
160 2823 227 2891 imo
254 2821 348 2891 valde
363 2822 482 2890 noxius
507 2820 644 2890 evadere
671 2832 789 2912 posset.
813 2821 1049 2890 Possentenim
1065 2823 1162 2914 Epis-

60 2929 117 3018 copi
146 2931 270 2999 nullam
302 2927 437 2999 solidam
462 2931 622 2998 rationem
660 2928 816 2997 habentes
844 2929 1052 3020 repugnandi
1081 2930 1159 3021 legi,

60 3053 115 3100 eam
139 3058 177 3106 ex
201 3061 327 3124 errore,
344 3038 394 3107 vel
418 3059 460 3106 ex
474 3037 583 3128 aliquo
599 3059 702 3128 pravo
715 3035 845 3122 affectu,
863 3038 990 3106 irritam
1006 3037 1112 3107 lacere
1126 3038 1160 3107 in

59 3145 112 3212 suis
136 3147 342 3232 dicecesibus,
371 3147 526 3237 omnique
553 3145 638 3213 bono
662 3143 797 3234 exlege
825 3153 975 3214 secuturo
993 3147 1115 3238 seipsos
1130 3156 1163 3214 et

59 3256 230 3324 commissos
260 3254 322 3322 sibi
349 3275 465 3344 greges
495 3251 668 3337 fraudare;
690 3274 748 3320 nec
775 3251 869 3320 facile
889 3261 996 3344 posset
1011 3276 1162 3321 summus

58 3359 190 3433 Pontifex
210 3363 332 3433 malum
357 3363 475 3431 rescire
489 3373 520 3431 et
534 3362 724 3430 correctioni
741 3363 934 3453 opportunis
948 3361 1063 3430 mediis
1078 3385 1160 3455 pro—

58 3469 161 3540 uidere.
185 3474 275 3564 Ergo
302 3493 470 3562 uunquam
494 3470 610 3539 merito
639 3472 834 3562 supponitur
863 3470 952 3561 Papa
980 3470 1161 3538 consentire

58 3599 173 3650 suarum
207 3583 320 3672 legum
358 3579 663 3670 non-acceptationi,
707 3579 787 3670 quin
824 3587 1027 3669 supponatur
1063 3579 1160 3647 simul

58 3682 146 3774 ipsum
169 3691 303 3780 exigere
327 3711 347 3758 a
372 3687 697 3780 non-acceptantibus
723 3685 1003 3778 supplicationem,
1026 3709 1083 3754 seu
1106 3710 1161 3754 ra-

58 3793 165 3865 tionum
201 3796 244 3866 ad
273 3820 339 3865 uon
376 3794 609 3888 acceptandum
644 3793 893 3886 expositionem.
924 3831 969 3844 -
997 3792 1161 3863 Praeterea

57 3910 191 3975 tenemur
216 3905 367 3998 Episcopi
397 3903 517 3972 referre
539 3902 581 3971 ad
603 3901 720 3971 Sedent
748 3901 980 3992 Apostolieam,
1010 3901 1159 3970 omnium

55 4013 249 4084 eclesiarum
272 4021 422 4100 matrem,
453 4013 614 4081 nutricem
635 4020 667 4080 et
681 4013 882 4102 magistram,
904 4034 1017 4081 causas
1033 4035 1158 4102 ornnes,

54 4118 114 4189 illas
130 4148 205 4216 quae
223 4125 367 4216 majores
388 4123 559 4208 dicuntnr;
575 4143 673 4214 porro
691 4121 776 4188 inter
792 4120 932 4213 majores
943 4143 1057 4190 causas
1072 4145 1159 4214 prae-

57 4227 174 4322 cipuum
202 4232 310 4300 locum
329 4231 448 4299 habere
472 4229 610 4320 alicujus
634 4228 717 4318 legis
730 4227 952 4297 ecclesiastica
966 4230 1161 4300 universalis
