3022 4950
446 1017 582 1082 ortuum
611 1021 697 1085 FILIO
725 1020 940 1087 Ptussst'tnno
967 1021 1124 1086 ontttotto
1148 1021 1251 1086 Bontx

693 1213 800 1292 PIUS
834 1213 905 1292 ΡΡ.
938 1215 1005 1294 ΙΧ.

420 1441 523 1496 Dilecte
539 1439 590 1510 uti,
607 1444 724 1498 sulutem
740 1447 768 1498 ot
783 1443 969 1514 apostolieum
985 1442 1223 1499 benedictionem.

331 1591 444 1647 Litterae
456 1597 524 1662 tue,
534 1595 665 1650 sensibus
675 1610 745 1667 erga
757 1597 814 1650 Nos
824 1600 852 1651 et
862 1596 932 1650 hanc
944 1595 1131 1668 apostolicum
1141 1593 1243 1650 Sedem
1256 1595 1399 1666 preclare

296 1690 453 1747 devotionis
476 1694 505 1747 et
527 1691 713 1748 observantie
732 1693 922 1766 undequaque
945 1693 1068 1760 referto,
1090 1693 1308 1765 propensionem
1331 1708 1400 1764 ergo

295 1791 323 1842 te
337 1789 464 1845 Nostram
478 1807 535 1846 uon
550 1790 733 1847 mediocriter
745 1796 851 1863 sugent
859 1809 866 1862 ς
882 1807 968 1863 quum
982 1791 1107 1848 studium
1122 1807 1267 1847 sacrarum
1280 1790 1401 1862 discipti-

295 1903 408 1955 narum,
424 1903 565 1944 canonum
588 1889 757 1962 presertim,
773 1891 870 1946 auimo
887 1893 935 1945 tuo
953 1891 1007 1945 alte
1027 1890 1151 1946 defluum
1174 1889 1313 1962 Nobisque
1334 1905 1400 1961 pei·-

297 1977 439 2056 spcctum,
460 1985 520 2058 jum
541 1988 593 2043 sibi
613 1987 788 2044 conciliabat.
812 1988 848 2044 De
873 2003 929 2060 quo
951 2005 1019 2044 sune
1045 1989 1137 2045 studio
1161 1994 1271 2044 coctum
1292 1989 1402 2060 praebet

296 2084 488 2140 ecclesiasticis
503 2087 568 2141 viris
582 2087 718 2144 indicium
732 2102 804 2159 opus
817 2090 911 2156 tuum,
923 2087 969 2142 oui
982 2087 1079 2143 titulus
1096 2105 1102 2142 :
1117 2088 1156 2142 du
1170 2088 1274 2144 Gmrcile
1287 2091 1399 2159 provin-

296 2185 359 2246 cial,
371 2201 404 2239 ou
420 2187 511 2240 stated
524 2186 569 2240 des
583 2187 716 2256 questions
729 2186 761 2240 dc
777 2187 904 2254 tdtotopte
914 2190 940 2241 et
952 2187 985 2241 de
998 2187 1071 2241 droit
1083 2201 1177 2250 conon,
1188 2190 1235 2256 qut
1245 2191 1401 2242 conccment

298 2285 334 2338 tes
348 2285 465 2341 Comites
476 2286 666 2355 provinciano,
683 2283 719 2338 od
738 2283 792 2340 Nos
807 2283 883 2340 douo
903 2283 1021 2340 missum
1040 2283 1280 2341 humanissimum
1295 2285 1325 2341 iu
1338 2301 1399 2340 mo-

296 2381 374 2437 dum.
391 2383 445 2437 Nos
459 2381 494 2438 de
507 2371 623 2454 iugenio
636 2400 667 2438 ac
688 2381 835 2438 sedulitate
852 2382 902 2439 tibi
922 2382 1077 2454 plurimum
1097 2384 1283 2454 gratulamur,
1299 2384 1401 2454 quibus

297 2480 493 2551 gravissimum
506 2481 645 2553 ejusmodi
658 2481 852 2538 ecclesiasticen
868 2481 1026 2554 discipline
1039 2469 1241 2554 aigumenturn
1256 2482 1400 2553 expendis,

295 2595 410 2650 unaque
425 2579 493 2635 scite
512 2579 688 2635 demonstras
709 2579 811 2652 quibus
833 2595 930 2635 revere
950 2579 1061 2651 legibus
1080 2580 1247 2636 eorumdem
1267 2580 1399 2635 concitio-

298 2693 362 2732 rum
382 2677 495 2733 decretu
514 2676 708 2748 subjiciantur.
729 2677 835 2748 Pignus
858 2675 973 2736 iuterim
994 2678 1100 2734 Nostro,
1120 2677 1150 2732 iu
1172 2680 1199 2731 te
1224 2678 1347 2734 caritatis
1367 2678 1403 2733 sit

297 2774 449 2846 apostolica
465 2775 638 2845 Benedictio,
653 2791 737 2847 quam
752 2774 844 2830 omnis
856 2775 999 2847 auspicem
1014 2774 1112 2847 gratie
1127 2775 1255 2845 ooelestis,
1273 2775 1323 2831 tibi
1337 2775 1400 2848 ipsi.

299 2871 400 2928 ditecte
413 2872 464 2939 uu,
479 2873 579 2928 intimo
593 2873 706 2945 paterni
720 2873 812 2929 cordis
828 2874 930 2930 utioctn
944 2878 1073 2930 amanter
1085 2873 1277 2945 impertimur.

335 2972 434 3026 Datum
453 2971 560 3040 nome,
577 2971 653 3042 opud
674 2972 700 3027 S.
715 2973 841 3042 Petrum,
862 2972 908 3028 die
922 2975 957 3026 20
973 2971 1094 3028 octobris
1111 2973 1177 3028 euni
1200 2975 1277 3042 test,
1293 2973 1403 3044 pontifi-

299 3075 378 3126 catus
391 3071 484 3125 Nostri
497 3085 572 3126 snuo
588 3072 631 3124 Vl.

998 3143 1073 3200 rins
1092 3144 1143 3198 nr.
1164 3117 1208 3200 rxj
