3042 4946
317 473 377 540 562
668 491 844 540 tuxcrxrus
866 493 904 538 nu
927 487 1080 538 coracinus

318 660 333 696 a
357 633 495 701 existere
513 633 635 721 possint
650 633 707 724 qui
721 634 860 702 habeant
871 631 1132 723 jurisdictionem
1147 631 1179 698 in
1195 629 1263 697 loro
1280 636 1439 710 externo,

318 767 335 804 a
358 741 438 831 quin
455 739 594 808 habeant
609 741 643 808 in
662 741 733 810 loro
752 742 892 828 interno,
909 739 1020 832 quales
1039 747 1115 808 sunt
1130 737 1242 807 vicarii
1263 737 1443 826 generales

317 877 333 914 a
357 848 605 939 Episcoporum‚
623 849 679 917 vix
704 848 842 916 clericali
869 856 1004 916 tonsura
1028 847 1162 932 initiati;
1189 844 1351 913 nimirum
1377 866 1441 934 pro

317 983 334 1022 a
359 954 455 1025 modo
475 956 693 1048 singulorum,
709 980 849 1050 quorum
872 958 1037 1049 aliquibus
1058 954 1231 1024 mandatur
1246 975 1326 1022 cura
1342 975 1442 1044 prae-

317 1063 451 1154 «cipue
479 1073 511 1130 ct
537 1063 657 1132 directo
684 1063 923 1148 universitatis,
949 1063 1114 1154 aliquibus
1142 1083 1221 1130 cura
1250 1060 1378 1128 directo
1407 1069 1442 1126 et

318 1196 334 1236 a
358 1169 521 1261 praecipue
536 1169 754 1260 singulorum.
770 1197 787 1235 u
805 1171 984 1262 Subjungit
998 1169 1085 1238 idam
1099 1177 1211 1237 auctor
1228 1193 1234 1234 :
1257 1165 1442 1235 altlaxima

318 1304 335 1342 a
358 1300 440 1368 opus
458 1299 525 1346 esse
541 1278 715 1370 prudentia
730 1279 764 1346 in
781 1277 966 1347 definiendo
986 1299 1138 1369 quaenam
1156 1275 1197 1344 ad
1218 1275 1281 1344 lori
1298 1275 1439 1360 interni,

316 1411 333 1449 a
357 1395 388 1452 et
402 1407 555 1476 quaenam
569 1385 610 1454 ad
626 1385 690 1455 lori
704 1387 833 1455 externi
845 1385 1106 1479 jurisdictionem
1120 1383 1347 1476 pertineant...
1365 1383 1441 1473 Ego

316 1519 334 1558 a
356 1492 543 1586 exemplum
565 1492 697 1586 praebeo
719 1521 726 1562 ε
748 1493 884 1562 facultas
908 1493 1106 1586 praedicandi
1131 1491 1365 1583 Evangelium,
1390 1493 1441 1560 la-

317 1627 335 1666 «
357 1601 459 1668 cultas
474 1601 664 1670 absolvendi
681 1625 701 1670 a
716 1601 864 1693 pcccatis,
880 1601 1015 1670 facultas
1031 1598 1256 1670 absolvendia
1271 1601 1438 1686 censuris,

317 1735 333 1772 a
357 1705 444 1798 quod
461 1718 582 1800 spectat
596 1708 637 1776 ad
654 1709 823 1778 vinmlum
844 1731 909 1802 quo
930 1708 1043 1778 fideles
1066 1708 1184 1799 spiritu
1206 1729 1281 1776 cum
1302 1705 1440 1777 Christo

318 1841 335 1880 a
359 1813 616 1904 conjunguntur,
643 1823 691 1884 est
713 1816 777 1886 lori
808 1817 969 1886 interni...
995 1818 1040 1884 At
1069 1815 1206 1885 facultas
1232 1813 1438 1884 concedendi

318 1948 335 1987 a
358 1929 545 2014 potestatem
575 1923 788 2015 pradicandi,
808 1924 1010 2011 absolvendi,
1032 1923 1100 1993 sive
1121 1945 1141 1991 a
1161 1923 1300 2015 peccatis
1323 1923 1395 1990 sive
1421 1945 1440 1988 a

319 2056 336 2094 a
359 2030 518 2116 censuris,
534 2031 577 2099 ad
593 2030 702 2100 lorum
720 2039 891 2101 externum
910 2032 1061 2123 pertinet,
1078 2033 1156 2122 quia
1176 2031 1244 2100 haee
1258 2033 1293 2098 in
1311 2031 1435 2099 boum

318 2163 335 2202 a
359 2137 600 2206 communitatis
620 2137 742 2209 directo
756 2138 908 2207 refertur.
934 2163 951 2203 r

360 2251 410 2318 Ex
424 2273 462 2320 eu
475 2251 564 2343 quod
575 2252 759 2342 jurisdictio
773 2253 985 2322 ecclesiastica
1007 2253 1071 2322 alia
1086 2253 1128 2320 sit
1142 2253 1205 2323 lori
1221 2254 1359 2342 interni,
1376 2255 1441 2321 alia

316 2359 380 2427 fori
395 2359 535 2446 externi,
553 2359 699 2452 sequitur
720 2386 726 2426 :
746 2364 777 2426 1⁰
792 2360 880 2428 illam
905 2383 971 2428 non
995 2383 1065 2428 esse
1082 2359 1227 2452 ejusdcm
1241 2361 1443 2431 conditionis

316 2491 353 2536 ac
373 2467 557 2560 jurisdictio
572 2469 678 2538 civilis
696 2497 703 2537 :
721 2470 793 2537 hacc
817 2469 905 2538 euim
929 2471 1054 2540 nullam
1077 2471 1141 2539 lori
1163 2472 1286 2540 interni
1311 2473 1444 2540 exerci-

316 2578 402 2645 tium
424 2575 533 2662 habet,
550 2575 604 2644 sed
625 2577 753 2645 externi
775 2587 914 2646 tantum.
938 2576 1094 2670 Sequitur
1116 2583 1150 2647 2⁰
1171 2601 1250 2648 sano
1267 2579 1369 2648 modo
1390 2582 1444 2647 in-

317 2685 419 2774 telligi
440 2694 588 2776 oportere
610 2685 743 2776 vulgare
764 2685 932 2776 adagium,
949 2687 1130 2756 Ecclesiam
1151 2687 1190 2756 de
1210 2687 1351 2756 iruerm's
1374 2712 1443 2755 aaa

313 2793 480 2884 judicare.
497 2793 639 2862 Ecclesia
658 2815 724 2862 non
741 2794 866 2886 judicat
884 2795 924 2863 dc
947 2795 1096 2882 internis,
1113 2795 1148 2864 in
1167 2795 1291 2887 judicio
1308 2795 1445 2888 publico

319 2925 375 2972 scu
397 2905 431 2970 in
445 2903 516 2972 loro
532 2927 592 2972 suo
608 2911 755 2992 externo,
773 2903 913 2973 concedo
931 2932 939 2973 ι
956 2905 990 2972 in
1006 2905 1078 2975 foro
1097 2929 1157 2974 suo
1179 2905 1322 2992 interno,
1343 2929 1443 2995 nego.

321 3013 370 3082 Sit
386 3012 419 3079 in
435 3009 624 3100 exemplum
646 3009 786 3078 simonia
809 3011 957 3082 mentalis
977 3035 1035 3080 seu
1053 3012 1182 3081 interna
1199 3039 1207 3079 ε
1224 3013 1314 3080 illam
1331 3013 1446 3082 Eccle-

320 3123 368 3188 sia
382 3141 459 3188 vcre
474 3116 625 3211 prohibet
639 3117 722 3186 sicut
737 3126 769 3186 et
782 3127 970 3204 externam
988 3118 1045 3188 sed
1064 3129 1200 3190 externa
1213 3128 1343 3190 tantum
1359 3123 1447 3190 suh-

317 3229 401 3319 jacet
426 3227 530 3320 poenis
553 3226 697 3294 externis
721 3225 756 3294 in
779 3233 914 3296 externo
939 3226 1022 3296 loro.
1048 3228 1129 3295 ltem
1150 3227 1208 3318 qui
1229 3227 1263 3295 in
1287 3229 1447 3320 paschate

321 3337 539 3406 communicat
563 3337 685 3428 peccati
713 3335 858 3405 mortalis
884 3337 1045 3422 conscius,
1067 3359 1134 3406 non
1160 3335 1261 3405 violat
1282 3337 1447 3428 jurisdic-

314 3445 442 3513 'tioncm
458 3452 628 3513 externam
643 3444 793 3512 Ecclesiae
806 3466 882 3534 quae
896 3444 1158 3514 communionem
1177 3445 1340 3537 pascalem
1356 3471 1447 3539 pra-

323 3551 416 3642 cipit;
441 3553 539 3620 violat
565 3562 672 3620 autam
697 3550 957 3643 jurisdictionem
982 3552 1156 3640 internam,
1180 3575 1254 3643 quar
1278 3552 1390 3644 exigit
1413 3563 1446 3622 ut

323 3660 460 3750 quisque
477 3683 534 3750 per
549 3658 682 3750 dignam
699 3659 961 3728 communionem
975 3683 1044 3728 suae
1063 3660 1192 3728 utilitati
1212 3658 1401 3751 provideat.

367 3767 409 3835 11.
422 3765 590 3834 Dividitur
601 3767 635 3834 in
645 3767 904 3860 jurisdictionem
916 3768 1133 3836 universalem
1145 3777 1176 3836 et
1184 3767 1443 3859 particularem.

325 3915 370 3930 —
382 3874 570 3944 Jurirdc'ctr'o
591 3877 784 3944 univmsalc’s
806 3875 863 3944 illa
881 3885 929 3944 est
950 3901 1025 3968 quae
1048 3876 1138 3946 nullo
1162 3885 1307 3945 arctatur
1326 3877 1444 3964 limite,

326 4006 385 4050 nec
411 3981 517 4073 quoad
550 4003 716 4072 personas,
746 4005 805 4051 nec
832 3983 940 4074 quoad
967 3983 1049 4070 loca,
1074 4007 1133 4052 ncc
1158 3983 1265 4075 quoad
1291 3988 1445 4053 materias

326 4088 473 4180 potestati
490 4087 639 4156 Ecclesiae
662 4088 832 4180 subjectas.
854 4089 948 4158 lllam
971 4090 1184 4182 possederunt
1202 4093 1367 4184 Apostoli;
1387 4095 1443 4162 secl

325 4198 402 4292 ipsis
422 4197 489 4264 vita
509 4197 640 4284 furiatis,
663 4207 833 4290 postquam
858 4223 972 4292 nempe
999 4201 1181 4269 constitutas
1205 4199 1339 4270 luerunt
1360 4203 1442 4274 dicc-
