3050 4946
361 518 421 582 500
707 530 880 580 macrarns
904 531 941 578 ns
968 529 1120 577 rumonus

359 701 474 747 ornnes
489 677 590 745 teneri
605 677 666 745 sub
682 675 900 745 damnationis
914 696 1011 766 poena
1035 673 1077 742 ad
1096 669 1298 741 credendum
1317 668 1475 738 doctrine

358 786 400 854 ab
427 785 486 853 ista
514 785 701 852 auctoritate
729 783 870 853 traditae.
896 783 984 872 Ergo
1010 783 1055 849 ita
1082 780 1193 850 statuit
1216 777 1416 864 Ecclesiam,
1442 787 1477 843 nt

360 917 474 964 omnes
488 893 657 963 tenderent
666 895 707 962 ad
719 915 931 963 communem
946 897 1046 964 linem
1060 901 1191 963 aterna
1206 888 1438 974 beatitudinis,
1448 897 1478 955 et

359 1003 459 1072 simul
474 1003 514 1072 ad
529 1004 616 1072 hunc
640 1003 742 1071 finem
758 1001 973 1072 obtinendum
994 1009 1182 1072 tenerentur
1195 999 1237 1068 ad
1260 1019 1477 1068 communem

357 1112 593 1206 professionem
620 1111 708 1180 fidei.
739 1111 873 1180 Dictum
896 1111 994 1180 etiam
1024 1117 1072 1180 cst
1096 1133 1116 1179 a
1139 1109 1269 1179 Christo
1296 1105 1476 1175 Domino:
1520 1173 1521 1176 ,

358 1223 459 1290 Pasce
473 1243 576 1310 aquas
590 1241 689 1301 mccc,
698 1242 796 1310 pasce
807 1241 879 1288 coes
891 1241 1021 1288 meas...
1039 1220 1210 1311 Confirma
1225 1220 1351 1307 [rames
1362 1226 1478 1282 tuos...

361 1328 594 1420 Quodcumque
607 1327 759 1419 liqaccrr's
768 1339 1013 1420 superterram,
1027 1327 1089 1396 erit
1104 1327 1245 1416 lipamm
1257 1335 1290 1392 et
1301 1323 1338 1390 iu
1349 1323 1476 1392 calu...

358 1437 400 1505 Si
413 1436 486 1528 quis
499 1436 679 1504 Ecclesiam
699 1457 765 1504 nou
787 1433 944 1518 audierit,
962 1435 1005 1508 sir
1024 1434 1086 1503 titi
1106 1447 1269 1525 tanquam
1288 1431 1440 1500 etlarricus
1453 1443 1480 1496 ct

354 1542 562 1632 publicanus.
593 1543 695 1612 Porro
719 1542 819 1611 verba
847 1542 918 1610 haec
946 1543 1067 1610 iterum
1097 1540 1291 1633 exprimunt
1326 1537 1478 1607 Ecclesia

359 1649 569 1740 praepositam
591 1651 691 1718 luisse
717 1649 954 1736 auctoritatem,
982 1649 1022 1717 ad
1051 1648 1245 1740 pascendam
1269 1669 1329 1716 seu
1358 1647 1479 1736 guber-

359 1756 504 1825 nandam
530 1765 630 1826 totam
657 1757 881 1827 collectionem
912 1757 1015 1845 illam,
1040 1779 1139 1848 quam
1165 1754 1317 1825 Christus
1344 1753 1480 1822 vocabat

358 1864 538 1933 Ecclesiam
564 1887 658 1932 suam
688 1893 696 1932 ε
725 1874 756 1933 et
779 1873 967 1957 supponunt
992 1886 1050 1955 per
1073 1862 1224 1932 eamdem
1250 1861 1478 1930 auctoritatem

359 1971 537 2040 Ecclesiam
562 1971 646 2040 banc
671 1970 869 2040 firmandam
894 1981 924 2040 et
947 1968 1193 2041 coadunandum
1217 1969 1302 2054 fore,
1319 1969 1409 2038 sicut
1426 1989 1481 2060 per

357 2079 836 2150 fundamentum'tirmauturct
844 2081 879 2148 in
889 2081 1011 2150 unitate
1021 2080 1203 2149 retinentur
1212 2099 1330 2148 omues
1341 2077 1480 2166 alicujus

360 2187 486 2257 aedificii
503 2197 624 2280 partes3
642 2188 730 2280 quod
748 2189 935 2280 expressius
956 2186 1151 2278 significavit
1172 2185 1325 2256 Christus
1341 2183 1477 2253 diceus:
1522 2211 1523 2292 p

361 2299 407 2364 Tu
418 2319 449 2365 cs
458 2300 586 2380 Petrus,
599 2310 629 2365 et
639 2319 736 2389 super
744 2297 969 2389 dompetram
980 2295 1148 2387 edificabo
1158 2293 1342 2363 Ecclesiam
1354 2313 1480 2369 nocam·
1522 2337 1523 2342 κ

360 2404 552 2495 exprimunt
574 2404 708 2495 insuper
722 2404 817 2472 citata
832 2403 931 2472 verba
957 2425 1022 2472 non
1046 2425 1139 2494 posse
1158 2399 1311 2469 Ecclesiae
1333 2399 1483 2468 membra
1522 2415 1523 2494 p

360 2508 518 2579 adfinem
535 2509 743 2578 beatitudinis
759 2519 890 2579 aeternae
908 2509 1091 2600 pervenire,
1108 2509 1171 2576 nisi
1187 2529 1245 2600 per
1260 2507 1482 2577 obediendam

359 2617 514 2687 omnibns
541 2617 719 2709 injunctam
746 2619 930 2688 auctoritati
958 2618 1194 2704 ecclesiastice,
1214 2617 1255 2684 ad
1279 2614 1485 2698 docendum,

361 2724 543 2816 regendum
570 2733 601 2794 et
625 2728 824 2819 pascendum
852 2728 1048 2820 praepositae.
1078 2727 1167 2816 Ergo
1193 2747 1308 2793 revera
1334 2723 1488 2793 Christus
1522 2753 1523 2772 κ

362 2833 540 2902 Ecclesiam
571 2856 667 2902 suam
697 2835 741 2903 ita
773 2836 911 2904 institnit
939 2845 975 2904 nt
1000 2857 1058 2927 per
1083 2835 1243 2902 actionem
1267 2854 1485 2902 communem

363 2941 476 3008 omnia
501 2941 650 3010 membra
677 2950 864 3012 tenerentur
887 2942 929 3011 ad
954 2944 1056 3010 linem
1084 2961 1298 3010 communem
1327 2941 1488 3017 teudere;

364 3069 443 3138 ergo
460 3047 637 3116 Ecclesiam
655 3049 795 3118 instituit
809 3072 886 3117 cnm
901 3049 1010 3118 forma
1024 3047 1148 3118 sociali.

408 3153 499 3222 ldem
513 3154 645 3247 probari
659 3165 766 3248 posset
781 3157 855 3225 aliis
867 3179 967 3225 sacrae
986 3157 1165 3247 Scripturas
1181 3155 1339 3242 textibus,
1353 3163 1389 3223 et
1402 3177 1487 3247 pra·
1522 3207 1523 3210 ,

366 3261 480 3330 sertim
505 3272 660 3354 perpetua
678 3262 830 3332 Ecclesia
851 3263 1036 3346 traditione,
1050 3261 1212 3355 expressis
1230 3260 1303 3352 ejus
1321 3259 1487 3330 definitio·

365 3370 475 3457 nibus,
490 3381 521 3438 et
543 3372 649 3460 praxi,
667 3372 867 3463 Patremque
892 3371 1099 3440 testimoniis.
1122 3371 1186 3440 Sed
1210 3367 1407 3438 evolvendis
1422 3369 1487 3437 hu·
1522 3375 1523 3452 t

365 3477 512 3569 jusmodi
527 3476 771 3568 probationibus
786 3500 852 3547 nou
867 3476 1020 3546 ducimus
1043 3479 1096 3547 bic
1120 3476 1372 3547 immorandum
1386 3507 1395 3560 ;
1412 3501 1485 3548 cum

368 3584 428 3654 vix
459 3585 601 3676 reperire
630 3585 687 3673 sit,
717 3587 816 3653 etiam
845 3585 929 3654 iuter
959 3586 1148 3674 haereticos2
1177 3587 1235 3678 qui
1265 3607 1389 3677 negare
1418 3586 1488 3655 ausi
1522 3587 1523 3662 J

368 3694 433 3761 sint
447 3693 586 3762 inditam
599 3717 620 3762 a
633 3693 763 3763 Christo
777 3692 877 3764 fuisse
891 3695 1040 3764 Ecclesiae
1061 3717 1130 3764 suae
1149 3696 1294 3764 formam
1318 3696 1487 3783 socialem,

369 3799 442 3868 licet
455 3801 490 3867 in
506 3800 753 3872 determinando
768 3823 922 3892 quaenam
938 3803 979 3870 sit
994 3793 1050 3870 illa
1066 3804 1173 3870 torma
1189 3804 1336 3872 multum
1352 3805 1490 3873 abena-

370 3907 487 3978 verint.
