3068 4948
321 445 384 509 262
585 449 588 458 “
677 464 851 509 'anscarius
874 466 911 510 ua
935 466 1088 511 unisonus

319 602 493 694 positiones
514 604 604 673 Petri
624 601 665 672 de
683 602 794 689 Osma,
815 611 846 672 et
867 602 1069 674 referebatur
1090 603 1237 695 ejusdem
1262 603 1448 674 laudabilis

319 711 493 804 abjuratio,
517 719 550 780 et
578 711 829 803 precipiebatur
858 719 895 779 nt
925 720 1039 781 contra
1069 733 1183 780 eorum
1210 733 1362 780 errorum
1391 735 1448 780 se·

318 843 436 912 quares
455 817 693 910 procederetur.
711 817 794 888 Vult
812 827 920 887 autem
940 819 1093 888 Pontifex
1108 827 1145 888 ut
1159 819 1449 912 Arcbiepiscopus

319 927 377 994 bas
403 926 527 995 litteras
552 927 688 1016 sinodis
716 925 853 995 illorum
878 927 1030 1018 partium
1058 927 1228 1020 Episcopis
1251 928 1450 1019 siqrrificare

318 1057 383 1103 oron
398 1035 550 1118 omittet,·
563 1036 704 1128 quipost
715 1035 988 1126 siqnifieetionem
999 1035 1159 1118 camdem,
1173 1035 1256 1104 clero
1269 1048 1300 1103 ct
1307 1039 1450 1129 populo

308 1167 454 1211 suorum
474 1144 648 1212 civitatum
663 1156 694 1211 et
710 1142 897 1212 dioecesium
911 1167 949 1212 ce
961 1143 1128 1235 publicari
1141 1155 1317 1237 procurem
1331 1145 1449 1234 (Bull.

317 1252 429 1341 Rom,
447 1262 470 1319 t.
495 1253 550 1340 lli,
566 1261 649 1344 part.
678 1255 709 1338 3,
732 1275 764 1344 p.
792 1251 881 1342 172).
900 1253 998 1320 Anno
1017 1255 1114 1340 1187,
1131 1251 1336 1320 Innocentius
1360 1252 1450 1322 vn]

321 1359 478 1450 quasdam
505 1359 744 1452 propositiones
775 1367 948 1451 postquem
979 1359 1240 1446 condemnasset,
1269 1359 1378 1429 voluit
1412 1370 1453 1430 ut

318 1475 470 1536 curarent
490 1465 655 1535 Ordinarii
679 1467 825 1535 locorum
849 1467 944 1536 istam
969 1466 1270 1538 condemnationem
1291 1468 1355 1558 legi
1379 1493 1451 1560 per

318 1597 431 1642 eorum
452 1574 599 1642 civitates
626 1588 657 1642 et
680 1573 828 1643 dioeceses
850 1575 887 1643 io
913 1575 1049 1644 ecclesiis
1071 1576 1160 1644 intre
1182 1575 1357 1644 missorum
1387 1601 1448 1646 so-

318 1682 441 1750 lemnio
455 1682 538 1774 (loco
560 1682 672 1767 citato,
689 1705 722 1774 p.
742 1683 832 1772 211).
849 1684 947 1752 Anno
963 1685 1060 1770 teta,
1077 1683 1143 1752 leo
1164 1683 1196 1751 X
1215 1682 1352 1772 bullam,
1372 1709 1448 1776 qua

316 1789 484 1860 damnavit
498 1790 678 1861 doctrinam
695 1789 735 1858 de
751 1791 946 1860 mortalitate
959 1791 1079 1860 animae
1095 1791 1260 1879 trimano,
1275 1791 1447 1884 publicari

318 1899 485 1968 mandavit
507 1900 681 1992 quotannis
698 1899 739 1968 ab
758 1899 941 1969 Ordiuariis
962 1901 1108 1970 locorum
1132 1909 1163 1970 et
1185 1901 1445 1972 universitatum

317 2008 507 2078 rectoribus.
534 2008 618 2076 Noto
641 2015 689 2075 est
717 2007 829 2078 eadem
852 2008 892 2078 de
915 2008 1126 2100 publicandis
1153 2009 1275 2101 ubique
1300 2010 1445 2081 decretis

318 2117 500 2186 Tridentini
523 2116 651 2184 concilii
673 2117 844 2209 injunctio.
866 2118 962 2187 Bnlla
984 2119 1019 2186 S.
1040 2117 1091 2186 Pii
1112 2119 1275 2188 Voontra
1298 2119 1444 2189 Baianas

317 2225 556 2318 propositiones
583 2225 746 2316 publicata
772 2234 820 2293 est
846 2226 888 2294 ab
914 2225 1083 2318 Episcopis
1108 2234 1140 2294 et
1169 2227 1443 2298 universitatibus

316 2334 421 2424 ssetgii
437 2343 469 2402 et
482 2335 517 2401 in
533 2333 668 2402 concilio
688 2333 912 2403 Meobliniensi
934 2335 1013 2402 anui
1032 2337 1129 2402 1570.
1151 2335 1306 2426 Idemque
1327 2339 1442 2408 evenit

230 2431 235 2440 ¹
317 2447 425 2540 quoad
449 2446 555 2515 bullas
579 2451 692 2513 contra
715 2444 944 2514 Jansenisticos
966 2452 998 2512 et
1023 2443 1270 2525 Quesnellianos
1295 2467 1439 2514 errones.

317 2557 413 2626 Unde
432 2555 572 2626 Romani
595 2554 767 2622 Pontifices
786 2553 892 2645 quoad
913 2554 1041 2622 decreta
1066 2552 1248 2644 dogmatica
1265 2576 1440 2648 nunquam
1532 2567 1533 2578 ¹

319 2685 477 2732 recessere
500 2687 518 2729 a
540 2669 647 2729 vetere
669 2661 724 2728 illa
744 2660 895 2730 Ecclesia
919 2661 1027 2754 praxi,
1044 2684 1109 2752 qua
1129 2661 1306 2730 curabatur
1325 2663 1442 2754 publi-

316 2773 474 2841 cationem
489 2769 607 2838 borum
623 2768 825 2837 decretorum
839 2779 895 2838 aut
913 2770 947 2837 in
963 2769 1115 2838 omnibus
1135 2769 1330 2838 dioecesibus
1350 2771 1440 2859 lieri,

185 2937 190 2944 -
317 2896 373 2956 aut
387 2887 422 2953 in
437 2885 479 2952 iis
492 2883 618 2968 saltem,
635 2883 669 2950 in
689 2881 809 2972 quibus
829 2903 956 2950 errores
979 2879 1184 2950 condemnati
1199 2881 1297 2950 altius
1311 2881 1440 2951 radices

360 3001 463 3064 erant.

318 3018 548 3171 egPnouosrrio
565 3103 595 3166 1.
612 3137 657 3149 -
669 3101 725 3167 Ea
746 3122 781 3167 eo
800 3099 888 3190 quod
907 3099 940 3165 in
959 3099 1098 3190 antique
1120 3098 1265 3167 Ecclesia
1281 3111 1438 3168 eurotam

319 3213 362 3280 sit
377 3223 415 3279 ot
435 3208 561 3278 decreta
586 3207 773 3298 doqmotioo
794 3209 829 3275 io
845 3207 1027 3299 provinciis
1044 3207 1354 3298 promulqareoter,
1372 3231 1438 3276 non

319 3319 466 3411 sequitur
485 3315 636 3384 habitem
654 3315 754 3407 fitisse
778 3327 815 3382 ut
838 3315 1051 3384 necessariam
1074 3315 1170 3384 illem
1187 3316 1439 3407 promolqetio-

320 3451 405 3509 nem,
424 3440 461 3495 et
477 3425 589 3493 inesset
604 3423 737 3493 decretis
756 3422 950 3515 hujusmodi
962 3423 1011 3491 eis
1026 3421 1204 3515 obliquitati.
1220 3462 1264 3476 -
1278 3423 1440 3494 Fateatur
1530 3505 1531 3522 χ

320 3535 492 3623 Gallicani,
514 3531 716 3601 definitiones
737 3529 947 3621 dogmaticas,
966 3540 1035 3599 tunt
1059 3531 1270 3619 conciliorum
1294 3555 1439 3623 genera·
1530 3529 1531 3546 ¹

320 3644 415 3732 lium,
433 3652 503 3712 tum
526 3663 731 3710 summorum
754 3641 963 3727 Pontificum,
980 3641 1124 3732 obligare
1145 3652 1177 3710 et
1200 3665 1328 3735 semper
1351 3643 1440 3713 obli-

321 3777 412 3845 gassc
434 3774 546 3820 omnes
566 3749 689 3837 fideles,
712 3750 821 3819 statim
838 3772 875 3818 ao
897 3750 962 3818 illis
987 3759 1071 3818 notae
1095 3750 1187 3819 factae
1208 3760 1297 3840 sunt,
1318 3751 1353 3820 id
1375 3761 1437 3840 est,

320 3863 415 3930 etiam
431 3871 505 3928 ante
518 3881 648 3927 omnem
671 3858 705 3926 in
726 3859 902 3949 provinciis
926 3859 1231 3951 promulgationem.
1249 3849 1439 3954 Requirunt
1529 3881 1530 3940 i

321 3979 460 4058 tantum,
471 3973 578 4061 quoad
591 3966 776 4058 dogmatica
789 3969 953 4062 ejusmodi
964 3969 1103 4059 decreta,
1115 3969 1266 4039 Ecclesia
1279 3969 1438 4062 dispersor
1529 3953 1530 3974 ¹

319 4101 512 4146 consensum
540 4073 639 4168 (quod
669 4097 841 4144 erroneum
875 4077 1068 4168 figmentum
1098 4078 1264 4148 confutare
1295 4101 1361 4147 non
1390 4088 1439 4148 est

320 4185 372 4252 hic
389 4183 506 4275 locus).
529 4183 612 4253 Germ
634 4205 712 4273 ergo
733 4183 807 4252 huic
828 4185 910 4253 thesi
935 4209 953 4254 a
978 4188 1106 4255 nemine
1129 4186 1382 4276 contradicatur,
1402 4188 1437 4256 in
