<?xml version="1.0" encoding="UTF-8"?>
<!DOCTYPE html PUBLIC "-//W3C//DTD XHTML 1.0 Transitional//EN"
    "http://www.w3.org/TR/xhtml1/DTD/xhtml1-transitional.dtd">
<html xmlns="http://www.w3.org/1999/xhtml" xml:lang="en" lang="en">
 <head>
  <title>
</title>
<meta http-equiv="Content-Type" content="text/html;charset=utf-8" />
  <meta name='ocr-system' content='tesseract 3.04.00' />
  <meta name='ocr-capabilities' content='ocr_page ocr_carea ocr_par ocr_line ocrx_word'/>
</head>
<body>
  <div class='ocr_page' id='page_1' title='image "./tractatusdeprin00bouigoog_0387.png"; bbox 0 0 3072 4948; ppageno 0'>
   <div class='ocr_carea' id='block_1_1' title="bbox 369 456 1131 520">
    <p class='ocr_par' dir='ltr' id='par_1_1' title="bbox 369 456 1131 520">
     <span class='ocr_line' id='line_1_1' title="bbox 369 456 1131 520; baseline -0.004 0"><span class='ocrx_word' id='word_1_1' title='bbox 369 456 429 520; x_wconf 73' lang='lat' dir='ltr'>dil</span> <span class='ocrx_word' id='word_1_2' title='bbox 720 474 892 520; x_wconf 72' lang='lat' dir='ltr'>saturatus</span> <span class='ocrx_word' id='word_1_3' title='bbox 916 475 954 519; x_wconf 80' lang='lat' dir='ltr'>os</span> <span class='ocrx_word' id='word_1_4' title='bbox 977 474 1131 520; x_wconf 77' lang='lat' dir='ltr'>tesaurus</span> 
     </span>
    </p>
   </div>
   <div class='ocr_carea' id='block_1_2' title="bbox 364 610 1510 902">
    <p class='ocr_par' dir='ltr' id='par_1_2' title="bbox 364 610 1510 902">
     <span class='ocr_line' id='line_1_2' title="bbox 411 610 1510 684; baseline -0.005 -2"><span class='ocrx_word' id='word_1_5' title='bbox 411 613 489 683; x_wconf 79' lang='lat' dir='ltr'>Heeo</span> <span class='ocrx_word' id='word_1_6' title='bbox 504 614 545 683; x_wconf 93' lang='lat' dir='ltr'>de</span> <span class='ocrx_word' id='word_1_7' title='bbox 560 615 687 684; x_wconf 88' lang='lat' dir='ltr'>silentio</span> <span class='ocrx_word' id='word_1_8' title='bbox 701 614 825 684; x_wconf 90' lang='lat' dir='ltr'>summi</span> <span class='ocrx_word' id='word_1_9' title='bbox 837 613 1009 684; x_wconf 87' lang='lat' dir='ltr'>Pontifieis</span> <span class='ocrx_word' id='word_1_10' title='bbox 1021 637 1098 683; x_wconf 86' lang='lat' dir='ltr'>cum</span> <span class='ocrx_word' id='word_1_11' title='bbox 1114 613 1270 684; x_wconf 80' lang='lat' dir='ltr'>[aeilitate</span> <span class='ocrx_word' id='word_1_12' title='bbox 1285 610 1472 682; x_wconf 84' lang='lat' dir='ltr'>reclamandi</span> <span class='ocrx_word' id='word_1_13' title='bbox 1509 613 1510 636; x_wconf 73' lang='lat'>¹</span> 
     </span>
     <span class='ocr_line' id='line_1_3' title="bbox 364 719 1471 813; baseline -0.004 -23"><span class='ocrx_word' id='word_1_14' title='bbox 364 725 488 812; x_wconf 82' lang='lat' dir='ltr'>juncto.</span> <span class='ocrx_word' id='word_1_15' title='bbox 509 721 603 792; x_wconf 87' lang='lat' dir='ltr'>Nune</span> <span class='ocrx_word' id='word_1_16' title='bbox 623 721 710 791; x_wconf 92' lang='lat' dir='ltr'>idem</span> <span class='ocrx_word' id='word_1_17' title='bbox 728 721 895 791; x_wconf 86' lang='lat' dir='ltr'>silentium</span> <span class='ocrx_word' id='word_1_18' title='bbox 916 721 1163 792; x_wconf 85' lang='lat' dir='ltr'>cousideremns</span> <span class='ocrx_word' id='word_1_19' title='bbox 1177 722 1302 813; x_wconf 83' lang='lat' dir='ltr'>absque</span> <span class='ocrx_word' id='word_1_20' title='bbox 1315 720 1372 789; x_wconf 86' lang='lat' dir='ltr'>illa</span> <span class='ocrx_word' id='word_1_21' title='bbox 1385 719 1471 788; x_wconf 87' lang='lat' dir='ltr'>reela·</span> 
     </span>
     <span class='ocr_line' id='line_1_4' title="bbox 367 830 917 902; baseline 0.002 -3"><span class='ocrx_word' id='word_1_22' title='bbox 367 830 479 900; x_wconf 88' lang='lat' dir='ltr'>mandi</span> <span class='ocrx_word' id='word_1_23' title='bbox 492 855 550 902; x_wconf 88' lang='lat' dir='ltr'>sau</span> <span class='ocrx_word' id='word_1_24' title='bbox 562 831 740 902; x_wconf 86' lang='lat' dir='ltr'>obsistendi</span> <span class='ocrx_word' id='word_1_25' title='bbox 753 831 917 902; x_wconf 69' lang='lat' dir='ltr'>facilitate.</span> 
     </span>
    </p>
   </div>
   <div class='ocr_carea' id='block_1_3' title="bbox 816 1077 1027 1176">
    <p class='ocr_par' dir='ltr' id='par_1_3' title="bbox 816 1077 1027 1176">
     <span class='ocr_line' id='line_1_5' title="bbox 816 1077 1027 1176; baseline -0.009 -3"><span class='ocrx_word' id='word_1_26' title='bbox 816 1077 976 1176; x_wconf 79' lang='lat' dir='ltr'>ruusrua</span> <span class='ocrx_word' id='word_1_27' title='bbox 995 1119 1027 1172; x_wconf 89' lang='lat' dir='ltr'>v.</span> 
     </span>
    </p>
   </div>
   <div class='ocr_carea' id='block_1_4' title="bbox 510 1271 1344 1338">
    <p class='ocr_par' dir='ltr' id='par_1_4' title="bbox 510 1271 1344 1338">
     <span class='ocr_line' id='line_1_6' title="bbox 510 1271 1344 1338; baseline -0.001 -14"><span class='ocrx_word' id='word_1_28' title='bbox 510 1275 547 1324; x_wconf 83' lang='lat' dir='ltr'>tta</span> <span class='ocrx_word' id='word_1_29' title='bbox 561 1271 664 1324; x_wconf 85' lang='lat' dir='ltr'>aitsntto</span> <span class='ocrx_word' id='word_1_30' title='bbox 676 1272 771 1324; x_wconf 73' lang='lat' dir='ltr'>summ</span> <span class='ocrx_word' id='word_1_31' title='bbox 784 1271 916 1324; x_wconf 80' lang='lat' dir='ltr'>Ponttttets</span> <span class='ocrx_word' id='word_1_32' title='bbox 930 1273 1028 1338; x_wconf 81' lang='lat' dir='ltr'>sbaqas</span> <span class='ocrx_word' id='word_1_33' title='bbox 1039 1271 1199 1326; x_wconf 75' lang='lat' dir='ltr'>testamenti</span> <span class='ocrx_word' id='word_1_34' title='bbox 1212 1272 1344 1326; x_wconf 61' lang='lat' dir='ltr'>tuatim</span> 
     </span>
    </p>
   </div>
   <div class='ocr_carea' id='block_1_5' title="bbox 363 1478 1513 2337">
    <p class='ocr_par' dir='ltr' id='par_1_5' title="bbox 363 1478 1513 2337">
     <span class='ocr_line' id='line_1_7' title="bbox 407 1478 1474 1574; baseline -0.008 -20"><span class='ocrx_word' id='word_1_35' title='bbox 407 1486 514 1567; x_wconf 80' lang='lat' dir='ltr'>Quam</span> <span class='ocrx_word' id='word_1_36' title='bbox 538 1481 649 1574; x_wconf 80' lang='lat' dir='ltr'>gravis</span> <span class='ocrx_word' id='word_1_37' title='bbox 666 1490 698 1550; x_wconf 91' lang='lat' dir='ltr'>et</span> <span class='ocrx_word' id='word_1_38' title='bbox 715 1483 855 1574; x_wconf 88' lang='lat' dir='ltr'>praetiea</span> <span class='ocrx_word' id='word_1_39' title='bbox 868 1482 912 1552; x_wconf 86' lang='lat' dir='ltr'>sit</span> <span class='ocrx_word' id='word_1_40' title='bbox 926 1482 1090 1574; x_wconf 81' lang='lat' dir='ltr'>proposita</span> <span class='ocrx_word' id='word_1_41' title='bbox 1105 1483 1257 1574; x_wconf 78' lang='lat' dir='ltr'>quaestio,</span> <span class='ocrx_word' id='word_1_42' title='bbox 1276 1481 1373 1550; x_wconf 78' lang='lat' dir='ltr'>facile</span> <span class='ocrx_word' id='word_1_43' title='bbox 1388 1478 1474 1548; x_wconf 88' lang='lat' dir='ltr'>intel-</span> 
     </span>
     <span class='ocr_line' id='line_1_8' title="bbox 363 1587 1512 1685; baseline -0.008 -22"><span class='ocrx_word' id='word_1_44' title='bbox 363 1596 443 1684; x_wconf 80' lang='lat' dir='ltr'>liget</span> <span class='ocrx_word' id='word_1_45' title='bbox 462 1590 624 1685; x_wconf 83' lang='lat' dir='ltr'>qoisquis,</span> <span class='ocrx_word' id='word_1_46' title='bbox 648 1589 792 1660; x_wconf 77' lang='lat' dir='ltr'>bistoriae</span> <span class='ocrx_word' id='word_1_47' title='bbox 815 1591 1038 1660; x_wconf 79' lang='lat' dir='ltr'>eoelesiastieae</span> <span class='ocrx_word' id='word_1_48' title='bbox 1060 1613 1202 1677; x_wconf 86' lang='lat' dir='ltr'>memor,</span> <span class='ocrx_word' id='word_1_49' title='bbox 1220 1590 1401 1682; x_wconf 74' lang='lat' dir='ltr'>perpendet</span> <span class='ocrx_word' id='word_1_50' title='bbox 1417 1587 1472 1656; x_wconf 80' lang='lat' dir='ltr'>llo</span> <span class='ocrx_word' id='word_1_51' title='bbox 1511 1593 1512 1624; x_wconf 64' lang='lat' dir='ltr'>l</span> 
     </span>
     <span class='ocr_line' id='line_1_9' title="bbox 365 1697 1472 1791; baseline -0.006 -21"><span class='ocrx_word' id='word_1_52' title='bbox 365 1723 480 1770; x_wconf 89' lang='lat' dir='ltr'>manos</span> <span class='ocrx_word' id='word_1_53' title='bbox 506 1697 679 1768; x_wconf 83' lang='lat' dir='ltr'>Pontifices</span> <span class='ocrx_word' id='word_1_54' title='bbox 703 1699 747 1767; x_wconf 86' lang='lat' dir='ltr'>ita</span> <span class='ocrx_word' id='word_1_55' title='bbox 773 1721 860 1791; x_wconf 80' lang='lat' dir='ltr'>saepe</span> <span class='ocrx_word' id='word_1_56' title='bbox 885 1697 1128 1768; x_wconf 80' lang='lat' dir='ltr'>difficultatibus</span> <span class='ocrx_word' id='word_1_57' title='bbox 1154 1697 1325 1786; x_wconf 88' lang='lat' dir='ltr'>ooarotari,</span> <span class='ocrx_word' id='word_1_58' title='bbox 1354 1706 1392 1766; x_wconf 89' lang='lat' dir='ltr'>at</span> <span class='ocrx_word' id='word_1_59' title='bbox 1418 1718 1472 1765; x_wconf 90' lang='lat' dir='ltr'>ooo</span> 
     </span>
     <span class='ocr_line' id='line_1_10' title="bbox 364 1803 1472 1898; baseline -0.004 -21"><span class='ocrx_word' id='word_1_60' title='bbox 364 1809 429 1877; x_wconf 90' lang='lat' dir='ltr'>nisi</span> <span class='ocrx_word' id='word_1_61' title='bbox 452 1827 573 1898; x_wconf 80' lang='lat' dir='ltr'>magno</span> <span class='ocrx_word' id='word_1_62' title='bbox 594 1827 672 1875; x_wconf 89' lang='lat' dir='ltr'>eum</span> <span class='ocrx_word' id='word_1_63' title='bbox 690 1805 899 1878; x_wconf 77' lang='lat' dir='ltr'>eeclesiarum</span> <span class='ocrx_word' id='word_1_64' title='bbox 924 1815 957 1876; x_wconf 86' lang='lat' dir='ltr'>et</span> <span class='ocrx_word' id='word_1_65' title='bbox 968 1806 1158 1876; x_wconf 74' lang='lat' dir='ltr'>animarum</span> <span class='ocrx_word' id='word_1_66' title='bbox 1174 1803 1368 1875; x_wconf 67' lang='lat' dir='ltr'>mmmm</span> <span class='ocrx_word' id='word_1_67' title='bbox 1383 1827 1472 1898; x_wconf 71' lang='lat' dir='ltr'>ques</span> 
     </span>
     <span class='ocr_line' id='line_1_11' title="bbox 363 1912 1471 2008; baseline -0.005 -22"><span class='ocrx_word' id='word_1_68' title='bbox 363 1916 440 1986; x_wconf 91' lang='lat' dir='ltr'>dam</span> <span class='ocrx_word' id='word_1_69' title='bbox 463 1913 591 1985; x_wconf 86' lang='lat' dir='ltr'>valeant</span> <span class='ocrx_word' id='word_1_70' title='bbox 605 1913 855 1984; x_wconf 84' lang='lat' dir='ltr'>eonsuetudines</span> <span class='ocrx_word' id='word_1_71' title='bbox 873 1915 1038 2008; x_wconf 82' lang='lat' dir='ltr'>extirpare</span> <span class='ocrx_word' id='word_1_72' title='bbox 1056 1921 1153 2006; x_wconf 83' lang='lat' dir='ltr'>atque</span> <span class='ocrx_word' id='word_1_73' title='bbox 1167 1912 1365 1983; x_wconf 74' lang='lat' dir='ltr'>convellere.</span> <span class='ocrx_word' id='word_1_74' title='bbox 1390 1914 1471 1982; x_wconf 82' lang='lat' dir='ltr'>Tuos</span> 
     </span>
     <span class='ocr_line' id='line_1_12' title="bbox 364 2021 1472 2117; baseline -0.005 -20"><span class='ocrx_word' id='word_1_75' title='bbox 364 2027 466 2115; x_wconf 90' lang='lat' dir='ltr'>enim,</span> <span class='ocrx_word' id='word_1_76' title='bbox 491 2025 565 2094; x_wconf 88' lang='lat' dir='ltr'>lieet</span> <span class='ocrx_word' id='word_1_77' title='bbox 587 2031 653 2094; x_wconf 87' lang='lat' dir='ltr'>toto</span> <span class='ocrx_word' id='word_1_78' title='bbox 676 2024 789 2095; x_wconf 86' lang='lat' dir='ltr'>animo</span> <span class='ocrx_word' id='word_1_79' title='bbox 806 2047 840 2094; x_wconf 90' lang='lat' dir='ltr'>se</span> <span class='ocrx_word' id='word_1_80' title='bbox 855 2023 1048 2117; x_wconf 89' lang='lat' dir='ltr'>hujusmodi</span> <span class='ocrx_word' id='word_1_81' title='bbox 1068 2021 1363 2094; x_wconf 83' lang='lat' dir='ltr'>consuetudinibus</span> <span class='ocrx_word' id='word_1_82' title='bbox 1378 2045 1472 2116; x_wconf 76' lang='lat' dir='ltr'>eppo</span> 
     </span>
     <span class='ocr_line' id='line_1_13' title="bbox 364 2131 1513 2229; baseline -0.006 -21"><span class='ocrx_word' id='word_1_83' title='bbox 364 2159 441 2208; x_wconf 84' lang='lat' dir='ltr'>nere</span> <span class='ocrx_word' id='word_1_84' title='bbox 456 2142 587 2229; x_wconf 81' lang='lat' dir='ltr'>cuperet</span> <span class='ocrx_word' id='word_1_85' title='bbox 600 2133 700 2204; x_wconf 87' lang='lat' dir='ltr'>Sedes</span> <span class='ocrx_word' id='word_1_86' title='bbox 711 2135 907 2228; x_wconf 82' lang='lat' dir='ltr'>Apostoliea,</span> <span class='ocrx_word' id='word_1_87' title='bbox 921 2144 1018 2228; x_wconf 60' lang='lat' dir='ltr'>aque</span> <span class='ocrx_word' id='word_1_88' title='bbox 1029 2133 1251 2204; x_wconf 75' lang='lat' dir='ltr'>neeessariam</span> <span class='ocrx_word' id='word_1_89' title='bbox 1262 2133 1470 2218; x_wconf 81' lang='lat' dir='ltr'>existimaret,</span> <span class='ocrx_word' id='word_1_90' title='bbox 1512 2131 1513 2152; x_wconf 65' lang='lat'>¹</span> 
     </span>
     <span class='ocr_line' id='line_1_14' title="bbox 364 2241 1472 2337; baseline -0.006 -21"><span class='ocrx_word' id='word_1_91' title='bbox 364 2245 406 2316; x_wconf 86' lang='lat' dir='ltr'>od</span> <span class='ocrx_word' id='word_1_92' title='bbox 423 2245 547 2337; x_wconf 85' lang='lat' dir='ltr'>majora</span> <span class='ocrx_word' id='word_1_93' title='bbox 559 2253 669 2312; x_wconf 63' lang='lat' dir='ltr'>umen</span> <span class='ocrx_word' id='word_1_94' title='bbox 684 2243 818 2312; x_wconf 85' lang='lat' dir='ltr'>vitanda</span> <span class='ocrx_word' id='word_1_95' title='bbox 832 2244 931 2332; x_wconf 88' lang='lat' dir='ltr'>mala,</span> <span class='ocrx_word' id='word_1_96' title='bbox 947 2244 1019 2312; x_wconf 90' lang='lat' dir='ltr'>silet</span> <span class='ocrx_word' id='word_1_97' title='bbox 1034 2250 1066 2312; x_wconf 86' lang='lat' dir='ltr'>et</span> <span class='ocrx_word' id='word_1_98' title='bbox 1081 2241 1318 2334; x_wconf 87' lang='lat' dir='ltr'>opportuniora</span> <span class='ocrx_word' id='word_1_99' title='bbox 1332 2251 1472 2334; x_wconf 83' lang='lat' dir='ltr'>tempora</span> 
     </span>
    </p>
   </div>
   <div class='ocr_carea' id='block_1_6' title="bbox 364 2354 1514 2551">
    <p class='ocr_par' dir='ltr' id='par_1_6' title="bbox 364 2354 1514 2551">
     <span class='ocr_line' id='line_1_15' title="bbox 364 2354 710 2448; baseline -0.009 -25"><span class='ocrx_word' id='word_1_100' title='bbox 364 2354 541 2448; x_wconf 77' lang='lat' dir='ltr'>prudenter</span> <span class='ocrx_word' id='word_1_101' title='bbox 553 2357 710 2444; x_wconf 84' lang='lat' dir='ltr'>expectet.</span> 
     </span>
     <span class='ocr_line' id='line_1_16' title="bbox 407 2457 1514 2551; baseline -0.006 -21"><span class='ocrx_word' id='word_1_102' title='bbox 407 2459 502 2530; x_wconf 84' lang='lat' dir='ltr'>Unde</span> <span class='ocrx_word' id='word_1_103' title='bbox 526 2459 647 2551; x_wconf 82' lang='lat' dir='ltr'>duplex</span> <span class='ocrx_word' id='word_1_104' title='bbox 671 2459 812 2528; x_wconf 89' lang='lat' dir='ltr'>Romani</span> <span class='ocrx_word' id='word_1_105' title='bbox 832 2459 998 2530; x_wconf 83' lang='lat' dir='ltr'>Pontitiois</span> <span class='ocrx_word' id='word_1_106' title='bbox 1018 2459 1184 2528; x_wconf 87' lang='lat' dir='ltr'>silentium</span> <span class='ocrx_word' id='word_1_107' title='bbox 1203 2458 1343 2526; x_wconf 90' lang='lat' dir='ltr'>omuino</span> <span class='ocrx_word' id='word_1_108' title='bbox 1361 2457 1480 2546; x_wconf 20' lang='lat' dir='ltr'>distin-³</span> <span class='ocrx_word' id='word_1_109' title='bbox 1513 2470 1514 2544; x_wconf 74' lang='lat' dir='ltr'>t</span> 
     </span>
    </p>
   </div>
   <div class='ocr_carea' id='block_1_7' title="bbox 363 2545 1514 2877">
    <p class='ocr_par' dir='ltr' id='par_1_7' title="bbox 363 2545 1514 2877">
     <span class='ocr_line' id='line_1_17' title="bbox 363 2545 1514 2660; baseline -0.002 -24"><span class='ocrx_word' id='word_1_110' title='bbox 363 2565 534 2659; x_wconf 77' lang='lat' dir='ltr'>goendum</span> <span class='ocrx_word' id='word_1_111' title='bbox 562 2573 640 2635; x_wconf 86' lang='lat' dir='ltr'>est:</span> <span class='ocrx_word' id='word_1_112' title='bbox 668 2565 843 2636; x_wconf 71' lang='lat' dir='ltr'>Silentium</span> <span class='ocrx_word' id='word_1_113' title='bbox 868 2591 987 2660; x_wconf 88' lang='lat' dir='ltr'>nempe</span> <span class='ocrx_word' id='word_1_114' title='bbox 1008 2589 1153 2636; x_wconf 69' lang='lat' dir='ltr'>moeonas</span> <span class='ocrx_word' id='word_1_115' title='bbox 1177 2587 1233 2634; x_wconf 90' lang='lat' dir='ltr'>seu</span> <span class='ocrx_word' id='word_1_116' title='bbox 1259 2567 1470 2650; x_wconf 81' lang='lat' dir='ltr'>consentiens,</span> <span class='ocrx_word' id='word_1_117' title='bbox 1513 2545 1514 2634; x_wconf 89' lang='lat' dir='ltr'>l</span> 
     </span>
     <span class='ocr_line' id='line_1_18' title="bbox 363 2671 1473 2765; baseline -0.002 -23"><span class='ocrx_word' id='word_1_118' title='bbox 363 2683 395 2742; x_wconf 88' lang='lat' dir='ltr'>et</span> <span class='ocrx_word' id='word_1_119' title='bbox 419 2673 587 2744; x_wconf 90' lang='lat' dir='ltr'>silentium</span> <span class='ocrx_word' id='word_1_120' title='bbox 609 2697 700 2744; x_wconf 88' lang='lat' dir='ltr'>mere</span> <span class='ocrx_word' id='word_1_121' title='bbox 718 2676 962 2757; x_wconf 68' lang='lat' dir='ltr'>economum,</span> <span class='ocrx_word' id='word_1_122' title='bbox 983 2674 1016 2743; x_wconf 92' lang='lat' dir='ltr'>id</span> <span class='ocrx_word' id='word_1_123' title='bbox 1034 2683 1095 2762; x_wconf 90' lang='lat' dir='ltr'>est,</span> <span class='ocrx_word' id='word_1_124' title='bbox 1117 2697 1158 2743; x_wconf 88' lang='lat' dir='ltr'>ex</span> <span class='ocrx_word' id='word_1_125' title='bbox 1173 2671 1348 2765; x_wconf 88' lang='lat' dir='ltr'>prudentia</span> <span class='ocrx_word' id='word_1_126' title='bbox 1363 2695 1473 2742; x_wconf 82' lang='lat' dir='ltr'>serva-</span> 
     </span>
     <span class='ocr_line' id='line_1_19' title="bbox 363 2781 1474 2877; baseline 0 -25"><span class='ocrx_word' id='word_1_127' title='bbox 363 2792 448 2866; x_wconf 88' lang='lat' dir='ltr'>tum,</span> <span class='ocrx_word' id='word_1_128' title='bbox 477 2782 564 2874; x_wconf 84' lang='lat' dir='ltr'>quod</span> <span class='ocrx_word' id='word_1_129' title='bbox 593 2782 723 2851; x_wconf 90' lang='lat' dir='ltr'>nullum</span> <span class='ocrx_word' id='word_1_130' title='bbox 752 2781 890 2854; x_wconf 83' lang='lat' dir='ltr'>includit</span> <span class='ocrx_word' id='word_1_131' title='bbox 918 2805 1104 2872; x_wconf 79' lang='lat' dir='ltr'>assensum,</span> <span class='ocrx_word' id='word_1_132' title='bbox 1136 2783 1328 2875; x_wconf 88' lang='lat' dir='ltr'>nullamque</span> <span class='ocrx_word' id='word_1_133' title='bbox 1358 2806 1474 2877; x_wconf 79' lang='lat' dir='ltr'>appro</span> 
     </span>
    </p>
   </div>
   <div class='ocr_carea' id='block_1_8' title="bbox 355 2890 1475 4285">
    <p class='ocr_par' dir='ltr' id='par_1_8' title="bbox 355 2890 1475 3720">
     <span class='ocr_line' id='line_1_20' title="bbox 362 2890 1473 2985; baseline 0 -25"><span class='ocrx_word' id='word_1_134' title='bbox 362 2890 527 2960; x_wconf 86' lang='lat' dir='ltr'>botionem</span> <span class='ocrx_word' id='word_1_135' title='bbox 561 2890 822 2979; x_wconf 86' lang='lat' dir='ltr'>eonsuetudinis,</span> <span class='ocrx_word' id='word_1_136' title='bbox 858 2915 877 2960; x_wconf 91' lang='lat' dir='ltr'>a</span> <span class='ocrx_word' id='word_1_137' title='bbox 910 2891 1005 2984; x_wconf 83' lang='lat' dir='ltr'>eujus</span> <span class='ocrx_word' id='word_1_138' title='bbox 1039 2900 1149 2960; x_wconf 88' lang='lat' dir='ltr'>tameo</span> <span class='ocrx_word' id='word_1_139' title='bbox 1179 2891 1393 2962; x_wconf 74' lang='lat' dir='ltr'>damnatione</span> <span class='ocrx_word' id='word_1_140' title='bbox 1421 2915 1473 2985; x_wconf 90' lang='lat' dir='ltr'>pro</span> 
     </span>
     <span class='ocr_line' id='line_1_21' title="bbox 360 2996 1475 3089; baseline 0 -22"><span class='ocrx_word' id='word_1_141' title='bbox 360 3007 508 3089; x_wconf 88' lang='lat' dir='ltr'>tempore</span> <span class='ocrx_word' id='word_1_142' title='bbox 537 2996 727 3066; x_wconf 87' lang='lat' dir='ltr'>abstinetur.</span> <span class='ocrx_word' id='word_1_143' title='bbox 761 2998 858 3068; x_wconf 88' lang='lat' dir='ltr'>Posse</span> <span class='ocrx_word' id='word_1_144' title='bbox 882 3007 991 3068; x_wconf 61' lang='lat' dir='ltr'>auum</span> <span class='ocrx_word' id='word_1_145' title='bbox 1022 2999 1190 3068; x_wconf 88' lang='lat' dir='ltr'>Romanos</span> <span class='ocrx_word' id='word_1_146' title='bbox 1214 2998 1390 3068; x_wconf 78' lang='lat' dir='ltr'>Pontifices</span> <span class='ocrx_word' id='word_1_147' title='bbox 1419 2999 1475 3067; x_wconf 87' lang='lat' dir='ltr'>boo</span> 
     </span>
     <span class='ocr_line' id='line_1_22' title="bbox 361 3103 1475 3200; baseline 0.001 -25"><span class='ocrx_word' id='word_1_148' title='bbox 361 3104 533 3200; x_wconf 82' lang='lat' dir='ltr'>posteriori</span> <span class='ocrx_word' id='word_1_149' title='bbox 566 3103 664 3174; x_wconf 91' lang='lat' dir='ltr'>modo</span> <span class='ocrx_word' id='word_1_150' title='bbox 692 3113 810 3195; x_wconf 83' lang='lat' dir='ltr'>tacere,</span> <span class='ocrx_word' id='word_1_151' title='bbox 839 3114 871 3176; x_wconf 90' lang='lat' dir='ltr'>et</span> <span class='ocrx_word' id='word_1_152' title='bbox 900 3115 1013 3176; x_wconf 89' lang='lat' dir='ltr'>eontra</span> <span class='ocrx_word' id='word_1_153' title='bbox 1039 3107 1199 3198; x_wconf 90' lang='lat' dir='ltr'>quasdam</span> <span class='ocrx_word' id='word_1_154' title='bbox 1226 3107 1475 3177; x_wconf 82' lang='lat' dir='ltr'>consuetudines</span> 
     </span>
     <span class='ocr_line' id='line_1_23' title="bbox 361 3213 1474 3304; baseline -0.001 -19"><span class='ocrx_word' id='word_1_155' title='bbox 361 3215 422 3286; x_wconf 92' lang='lat' dir='ltr'>sibi</span> <span class='ocrx_word' id='word_1_156' title='bbox 450 3215 534 3283; x_wconf 89' lang='lat' dir='ltr'>bene</span> <span class='ocrx_word' id='word_1_157' title='bbox 563 3221 669 3304; x_wconf 88' lang='lat' dir='ltr'>notes,</span> <span class='ocrx_word' id='word_1_158' title='bbox 694 3213 770 3284; x_wconf 87' lang='lat' dir='ltr'>lieet</span> <span class='ocrx_word' id='word_1_159' title='bbox 793 3216 843 3285; x_wconf 87' lang='lat' dir='ltr'>eis</span> <span class='ocrx_word' id='word_1_160' title='bbox 869 3217 1007 3284; x_wconf 89' lang='lat' dir='ltr'>minime</span> <span class='ocrx_word' id='word_1_161' title='bbox 1034 3217 1250 3302; x_wconf 80' lang='lat' dir='ltr'>consentiant,</span> <span class='ocrx_word' id='word_1_162' title='bbox 1279 3239 1347 3285; x_wconf 92' lang='lat' dir='ltr'>non</span> <span class='ocrx_word' id='word_1_163' title='bbox 1375 3217 1474 3286; x_wconf 87' lang='lat' dir='ltr'>reela-</span> 
     </span>
     <span class='ocr_line' id='line_1_24' title="bbox 361 3321 1471 3419; baseline -0.001 -25"><span class='ocrx_word' id='word_1_164' title='bbox 361 3346 464 3412; x_wconf 86' lang='lat' dir='ltr'>mare,</span> <span class='ocrx_word' id='word_1_165' title='bbox 496 3321 627 3412; x_wconf 78' lang='lat' dir='ltr'>negabit</span> <span class='ocrx_word' id='word_1_166' title='bbox 657 3322 778 3393; x_wconf 89' lang='lat' dir='ltr'>nullus.</span> <span class='ocrx_word' id='word_1_167' title='bbox 809 3325 935 3408; x_wconf 82' lang='lat' dir='ltr'>Quibus</span> <span class='ocrx_word' id='word_1_168' title='bbox 962 3325 1161 3417; x_wconf 70' lang='lat' dir='ltr'>prenotatis,</span> <span class='ocrx_word' id='word_1_169' title='bbox 1192 3324 1231 3393; x_wconf 91' lang='lat' dir='ltr'>ad</span> <span class='ocrx_word' id='word_1_170' title='bbox 1260 3326 1471 3419; x_wconf 67' lang='lat' dir='ltr'>questionem</span> 
     </span>
     <span class='ocr_line' id='line_1_25' title="bbox 358 3427 1472 3525; baseline -0.002 -24"><span class='ocrx_word' id='word_1_171' title='bbox 358 3433 465 3524; x_wconf 87' lang='lat' dir='ltr'>ipsem</span> <span class='ocrx_word' id='word_1_172' title='bbox 485 3427 687 3498; x_wconf 81' lang='lat' dir='ltr'>secedamus.</span> <span class='ocrx_word' id='word_1_173' title='bbox 713 3429 948 3524; x_wconf 84' lang='lat' dir='ltr'>Expandsmus</span> <span class='ocrx_word' id='word_1_174' title='bbox 968 3433 1089 3501; x_wconf 84' lang='lat' dir='ltr'>scilieet</span> <span class='ocrx_word' id='word_1_175' title='bbox 1107 3433 1189 3525; x_wconf 85' lang='lat' dir='ltr'>qaid</span> <span class='ocrx_word' id='word_1_176' title='bbox 1203 3433 1355 3518; x_wconf 87' lang='lat' dir='ltr'>ooneludi</span> <span class='ocrx_word' id='word_1_177' title='bbox 1371 3433 1472 3501; x_wconf 78' lang='lat' dir='ltr'>valeat</span> 
     </span>
     <span class='ocr_line' id='line_1_26' title="bbox 357 3535 1471 3628; baseline -0.003 -18"><span class='ocrx_word' id='word_1_178' title='bbox 357 3563 399 3610; x_wconf 86' lang='lat' dir='ltr'>ex</span> <span class='ocrx_word' id='word_1_179' title='bbox 420 3539 548 3608; x_wconf 87' lang='lat' dir='ltr'>silentio</span> <span class='ocrx_word' id='word_1_180' title='bbox 567 3537 691 3606; x_wconf 91' lang='lat' dir='ltr'>summi</span> <span class='ocrx_word' id='word_1_181' title='bbox 706 3535 884 3628; x_wconf 86' lang='lat' dir='ltr'>Pontifiois,</span> <span class='ocrx_word' id='word_1_182' title='bbox 907 3539 1103 3609; x_wconf 78' lang='lat' dir='ltr'>reclamandi</span> <span class='ocrx_word' id='word_1_183' title='bbox 1124 3539 1314 3610; x_wconf 79' lang='lat' dir='ltr'>facilitatem</span> <span class='ocrx_word' id='word_1_184' title='bbox 1333 3561 1401 3610; x_wconf 88' lang='lat' dir='ltr'>non</span> <span class='ocrx_word' id='word_1_185' title='bbox 1417 3540 1471 3608; x_wconf 93' lang='lat' dir='ltr'>ba-</span> 
     </span>
     <span class='ocr_line' id='line_1_27' title="bbox 355 3649 474 3720; baseline -0.034 0"><span class='ocrx_word' id='word_1_186' title='bbox 355 3649 474 3720; x_wconf 88' lang='lat' dir='ltr'>beatis.</span> 
     </span>
    </p>

    <p class='ocr_par' dir='ltr' id='par_1_9' title="bbox 355 3755 1469 4285">
     <span class='ocr_line' id='line_1_28' title="bbox 400 3755 1469 3847; baseline -0.005 -20"><span class='ocrx_word' id='word_1_187' title='bbox 400 3759 585 3828; x_wconf 84' lang='lat' dir='ltr'>Paorosrrro</span> <span class='ocrx_word' id='word_1_188' title='bbox 603 3758 649 3823; x_wconf 74' lang='lat'>1².</span> <span class='ocrx_word' id='word_1_189' title='bbox 664 3793 708 3807; x_wconf 94' lang='lat'>-</span> <span class='ocrx_word' id='word_1_190' title='bbox 722 3755 905 3847; x_wconf 78' lang='lat' dir='ltr'>Lepialator</span> <span class='ocrx_word' id='word_1_191' title='bbox 919 3756 1092 3826; x_wconf 70' lang='lat' dir='ltr'>cernendus</span> <span class='ocrx_word' id='word_1_192' title='bbox 1106 3769 1152 3826; x_wconf 80' lang='lat' dir='ltr'>eat</span> <span class='ocrx_word' id='word_1_193' title='bbox 1166 3756 1245 3826; x_wconf 84' lang='lat' dir='ltr'>uelle</span> <span class='ocrx_word' id='word_1_194' title='bbox 1259 3757 1364 3847; x_wconf 77' lang='lat' dir='ltr'>lepem</span> <span class='ocrx_word' id='word_1_195' title='bbox 1376 3777 1469 3824; x_wconf 83' lang='lat' dir='ltr'>suom</span> 
     </span>
     <span class='ocr_line' id='line_1_29' title="bbox 355 3863 1469 3958; baseline -0.004 -22"><span class='ocrx_word' id='word_1_196' title='bbox 355 3867 490 3950; x_wconf 60' lang='lat' dir='ltr'>seuam,</span> <span class='ocrx_word' id='word_1_197' title='bbox 520 3863 667 3958; x_wconf 78' lang='lat' dir='ltr'>quandiu</span> <span class='ocrx_word' id='word_1_198' title='bbox 689 3863 832 3955; x_wconf 78' lang='lat' dir='ltr'>lepitimo</span> <span class='ocrx_word' id='word_1_199' title='bbox 855 3864 1005 3934; x_wconf 81' lang='lat' dir='ltr'>concludi</span> <span class='ocrx_word' id='word_1_200' title='bbox 1027 3889 1091 3934; x_wconf 84' lang='lat' dir='ltr'>non</span> <span class='ocrx_word' id='word_1_201' title='bbox 1109 3876 1218 3958; x_wconf 83' lang='lat' dir='ltr'>potest</span> <span class='ocrx_word' id='word_1_202' title='bbox 1238 3866 1350 3957; x_wconf 79' lang='lat' dir='ltr'>ipsum</span> <span class='ocrx_word' id='word_1_203' title='bbox 1370 3865 1469 3955; x_wconf 69' lang='lat' dir='ltr'>trojus</span> 
     </span>
     <span class='ocr_line' id='line_1_30' title="bbox 355 3971 1469 4067; baseline -0.007 -21"><span class='ocrx_word' id='word_1_204' title='bbox 355 3976 433 4067; x_wconf 80' lang='lat' dir='ltr'>lepis</span> <span class='ocrx_word' id='word_1_205' title='bbox 449 3971 656 4064; x_wconf 74' lang='lat' dir='ltr'>deropationi</span> <span class='ocrx_word' id='word_1_206' title='bbox 673 3971 864 4040; x_wconf 83' lang='lat' dir='ltr'>consentire.</span> <span class='ocrx_word' id='word_1_207' title='bbox 878 4009 922 4024; x_wconf 92' lang='lat'><em>-</em></span> <span class='ocrx_word' id='word_1_208' title='bbox 934 3973 1020 4059; x_wconf 76' lang='lat' dir='ltr'>Nem</span> <span class='ocrx_word' id='word_1_209' title='bbox 1041 3973 1102 4041; x_wconf 89' lang='lat' dir='ltr'>boe</span> <span class='ocrx_word' id='word_1_210' title='bbox 1117 3973 1188 4066; x_wconf 93' lang='lat' dir='ltr'>ipso</span> <span class='ocrx_word' id='word_1_211' title='bbox 1203 3971 1291 4065; x_wconf 90' lang='lat' dir='ltr'>quod</span> <span class='ocrx_word' id='word_1_212' title='bbox 1306 3971 1469 4063; x_wconf 78' lang='lat' dir='ltr'>legislator</span> 
     </span>
     <span class='ocr_line' id='line_1_31' title="bbox 355 4078 1468 4173; baseline -0.006 -19"><span class='ocrx_word' id='word_1_213' title='bbox 355 4081 577 4154; x_wconf 84' lang='lat' dir='ltr'>universalem</span> <span class='ocrx_word' id='word_1_214' title='bbox 600 4078 683 4148; x_wconf 85' lang='lat' dir='ltr'>ierat</span> <span class='ocrx_word' id='word_1_215' title='bbox 705 4078 824 4169; x_wconf 76' lang='lat' dir='ltr'>legem,</span> <span class='ocrx_word' id='word_1_216' title='bbox 853 4079 944 4148; x_wconf 87' lang='lat' dir='ltr'>illam</span> <span class='ocrx_word' id='word_1_217' title='bbox 968 4079 1031 4148; x_wconf 88' lang='lat' dir='ltr'>fert</span> <span class='ocrx_word' id='word_1_218' title='bbox 1051 4079 1087 4148; x_wconf 92' lang='lat' dir='ltr'>in</span> <span class='ocrx_word' id='word_1_219' title='bbox 1109 4100 1223 4149; x_wconf 88' lang='lat' dir='ltr'>omnes</span> <span class='ocrx_word' id='word_1_220' title='bbox 1245 4087 1279 4148; x_wconf 89' lang='lat' dir='ltr'>et</span> <span class='ocrx_word' id='word_1_221' title='bbox 1295 4080 1330 4149; x_wconf 92' lang='lat' dir='ltr'>in</span> <span class='ocrx_word' id='word_1_222' title='bbox 1353 4101 1468 4173; x_wconf 88' lang='lat' dir='ltr'>perpe-</span> 
     </span>
     <span class='ocr_line' id='line_1_32' title="bbox 358 4185 1468 4285; baseline -0.004 -24"><span class='ocrx_word' id='word_1_223' title='bbox 358 4201 452 4261; x_wconf 90' lang='lat' dir='ltr'>tuum</span> <span class='ocrx_word' id='word_1_224' title='bbox 466 4219 475 4280; x_wconf 92' lang='lat'>;</span> <span class='ocrx_word' id='word_1_225' title='bbox 497 4213 533 4259; x_wconf 88' lang='lat' dir='ltr'>ae</span> <span class='ocrx_word' id='word_1_226' title='bbox 548 4185 685 4285; x_wconf 89' lang='lat' dir='ltr'>proinde</span> <span class='ocrx_word' id='word_1_227' title='bbox 699 4195 786 4256; x_wconf 87' lang='lat' dir='ltr'>certa</span> <span class='ocrx_word' id='word_1_228' title='bbox 800 4195 849 4257; x_wconf 89' lang='lat' dir='ltr'>est</span> <span class='ocrx_word' id='word_1_229' title='bbox 863 4187 934 4280; x_wconf 83' lang='lat' dir='ltr'>ejus</span> <span class='ocrx_word' id='word_1_230' title='bbox 947 4188 1098 4257; x_wconf 86' lang='lat' dir='ltr'>voluutas</span> <span class='ocrx_word' id='word_1_231' title='bbox 1111 4209 1225 4258; x_wconf 86' lang='lat' dir='ltr'>omnes</span> <span class='ocrx_word' id='word_1_232' title='bbox 1239 4197 1468 4281; x_wconf 88' lang='lat' dir='ltr'>permanenter</span> 
     </span>
    </p>
   </div>
   <div class='ocr_carea' id='block_1_9' title="bbox 0 0 1540 4948">
    <p class='ocr_par' dir='ltr' id='par_1_10' title="bbox 0 0 1540 4948">
     <span class='ocr_line' id='line_1_33' title="bbox 0 0 1540 4948; baseline 0 3"><span class='ocrx_word' id='word_1_233' title='bbox 0 0 1540 4948; x_wconf 95' lang='lat' dir='ltr'> </span> 
     </span>
    </p>
   </div>
  </div>
 </body>
</html>
