3022 4950
504 551 587 597 sums
608 549 759 598 caucam.
1147 533 1187 596 33

83 689 175 758 simul
190 689 393 781 prohibitum
413 699 446 760 et
466 693 611 762 irritum.
628 693 714 760 Hinc
733 693 909 761 canonista
935 693 1079 762 multum
1101 693 1193 762 adla-

83 799 232 868 borarnnt
254 811 291 870 ut
313 811 433 872 certam
462 804 640 896 quamdam
669 803 856 873 invenirent
883 811 914 872 et
939 801 1194 873 determinarent

24 955 26 1002 3
84 907 238 996 regulam,
257 932 299 979 ex
322 935 388 1002 qua
410 920 479 982 tuto
502 910 643 982 discerni
661 921 785 1004 posset,
801 913 937 1004 quinam
954 923 1045 982 actus
1067 913 1194 982 censeri

84 1014 211 1084 debcant
225 1039 267 1085 ex
281 1018 357 1110 jure
369 1019 510 1088 naturali
524 1019 681 1111 prohibiti
696 1027 837 1107 tantum,
849 1019 1025 1112 etquinam
1036 1019 1193 1113 prohibiti

24 1131 25 1208 g
85 1123 173 1193 simul
188 1135 220 1194 et
234 1125 333 1195 irriti.

24 1225 26 1262 '
124 1232 290 1325 lluplicem
335 1234 523 1327 hujusmodi
568 1235 715 1328 regulam
757 1235 856 1305 tradit
902 1235 1193 1328 Schmolzgrucber

90 1341 287 1435 (Promm.‚§
311 1348 343 1432 2,
369 1369 402 1413 n.
431 1345 500 1435 70),
521 1367 596 1414 cnm
621 1345 785 1433 Suaresio,
803 1345 980 1434 Wieatnm,
998 1346 1147 1418 Schmier
1162 1356 1194 1418 et

24 1441 25 1446 ’
86 1450 148 1517 aliis
173 1477 181 1518 :
213 1479 230 1516 a
254 1452 452 1538 Primam,
470 1453 721 1544 inquit‚irritos
742 1475 812 1522 esse
825 1453 901 1545 jure
925 1455 1066 1524 naturali
1080 1477 1193 1526 omnes

24 1581 25 1584 ¹
88 1583 102 1619 ι
122 1557 189 1626 illos
203 1567 295 1628 actus
309 1559 366 1651 qui
381 1559 537 1629 deficiunt
550 1561 585 1628 in
600 1560 720 1628 valoris
735 1561 897 1653 principio
911 1561 1130 1648 substantiali,
1140 1562 1194 1632 vel

24 1743 25 1746 Ἴ
89 1691 102 1726 a
122 1665 178 1735 boc
193 1667 329 1735 omnino
343 1667 463 1736 tollunt
481 1694 489 1736 ι
507 1677 539 1736 ct
555 1667 600 1735 sic
614 1667 724 1758 1⁰jure
737 1668 880 1736 naturali
896 1677 944 1737 est
954 1669 1046 1738 irrita
1061 1669 1193 1738 donatio

24 1825 26 1856 s
90 1785 173 1843 taut
186 1776 332 1845 venditio
347 1776 393 1844 rei
414 1775 483 1867 jam
499 1783 594 1844 aritae
616 1774 757 1857 donatae,
777 1785 833 1844 aut
853 1776 1006 1866 vendite,
1031 1778 1194 1869 simulque

24 1879 25 1956 ξ
90 1909 103 1948 ι
123 1882 266 1962 traditae;
284 1885 364 1976 quia
381 1884 416 1952 in
431 1883 491 1952 hac
507 1884 680 1953 donatione
694 1892 726 1952 et
742 1883 929 1954 venditione
945 1885 1057 1954 delicit
1070 1886 1193 1977 princi-

24 2013 25 2030 1
89 2017 102 2052 c
121 1992 208 2082 pium
218 1991 442 2078 substantiale,
457 1993 577 2061 scilicet
585 1999 726 2084 potestas
735 1992 944 2084 disponendi,
954 2004 986 2063 ct
995 1994 1191 2082 dominium,

89 2099 204 2190 «qnod
230 2123 289 2192 per
311 2099 452 2193 primam
476 2101 684 2170 donationem
706 2109 738 2170 ct
752 2100 974 2171 venditionem
993 2111 1103 2172 secuta
1126 2111 1192 2172 tra-

91 2234 103 2268 c
122 2205 241 2275 ditione
253 2206 322 2299 jem
337 2209 530 2276 translatum
546 2216 594 2276 est
608 2209 642 2276 in
660 2208 804 2299 pmmum
827 2209 1033 2278 donaterium
1049 2222 1080 2279 et
1095 2233 1191 2302 emp—

90 2325 234 2382 ctorem.
263 2317 298 2381 2⁰
316 2315 432 2384 Irritus
453 2323 501 2384 est
520 2315 595 2408 jure
616 2315 761 2384 naturali
782 2325 966 2385 contractus
989 2325 1136 2386 extortus
1159 2319 1193 2384 vi

24 2415 25 2468 ἶ
91 2422 282 2508 «absoluta,
313 2432 370 2490 aut
393 2421 468 2492 dolo
494 2432 642 2491 versante
672 2421 757 2490 circa
785 2424 997 2492 substantiam
1024 2425 1086 2505 rei,
1114 2425 1192 2516 quia

91 2556 102 2592 α
122 2532 190 2599 talis
204 2532 255 2599 vis
268 2541 299 2599 et
319 2531 415 2600 dolus
437 2553 650 2618 consensum,
664 2533 739 2622 jure
754 2531 893 2600 naturali
915 2530 957 2600 ad
975 2533 1190 2602 substantiam

91 2666 101 2698 u
122 2649 302 2708 contractus
315 2640 416 2708 validi
440 2641 645 2732 requisitum,
663 2639 757 2709 tollit.
777 2644 809 2708 3ο
824 2640 947 2708 Eodem
959 2641 1034 2733 jure
1050 2642 1191 2714 naturali

90 2771 102 2810 c
123 2747 246 2814 irritum
264 2755 314 2814 est
329 2747 578 2817 matrimonium
600 2757 799 2817 conuectum
816 2771 891 2817 cum
913 2750 1102 2840 impotentia
1115 2773 1191 2842 per-

92 2865 226 2945 «petua.

126 2989 140 3026 α
162 2965 274 3032 Altera
297 2965 412 3055 rapula
435 2974 499 3052 est,
517 2965 591 3033 illos
611 2974 701 3034 actus
721 2967 796 3058 jure
817 2965 957 3034 naturali
975 2987 1045 3034 esse
1061 2966 1187 3054 irritos,

92 3096 103 3129 c
122 3072 174 3161 qui
191 3095 230 3139 eo
247 3072 322 3162 jure
340 3072 443 3141 illiciti
458 3080 535 3141 sunt
558 3082 689 3164 propter
710 3072 866 3140 malitiam
889 3073 1098 3142 intrinsecam
1115 3099 1189 3166 per-

24 3265 25 3270 *
91 3203 103 3240 a
122 3188 261 3267 petuam,
276 3179 345 3247 sive
365 3179 598 3271 turpitudinem
614 3201 741 3272 semper
755 3179 947 3266 durantem3
965 3181 1042 3272 quia
1056 3183 1188 3274 quando

24 3279 26 3374 l
92 3287 208 3354 «valor
223 3296 314 3356 actus
336 3297 383 3355 est
406 3297 518 3358 contra
536 3289 591 3380 jus
614 3298 793 3374 naturae,a
820 3290 949 3358 nominc
974 3291 1045 3358 ficri
1066 3301 1186 3382 potest,

24 3385 26 3496 l
91 3416 192 3461 rcum
212 3394 268 3484 jus
292 3395 470 3486 superioris
495 3397 632 3464 resistat.
651 3398 687 3464 ln
713 3417 791 3463 casu
815 3407 923 3463 autem
945 3399 1115 3488 praesentis
1135 3425 1189 3470 re-

24 3497 26 3570 l
91 3527 103 3560 u
122 3501 203 3590 gulae
219 3503 311 3570 valor
327 3503 394 3594 ipse
408 3512 456 3571 cst
477 3513 591 3572 contra
607 3503 663 3594 jus
679 3511 806 3572 nnturae
815 3530 824 3589 ;
841 3503 919 3596 qnia
934 3505 1101 3596 turpitudo
1116 3507 1188 3599 ejus

24 3627 26 3690 v
90 3635 102 3670 c
121 3608 212 3679 babet
226 3633 358 3680 causam
372 3619 562 3703 perpetuam
577 3619 610 3680 et
624 3633 751 3702 semper
769 3610 962 3680 duraturam
980 3639 988 3678 :
1006 3613 1108 3702 igitur
1120 3638 1187 3685 uon

24 3707 25 3718 ¹
90 3725 220 3806 upotest
242 3717 334 3787 valor
365 3718 440 3786 talis
468 3727 559 3786 actus
589 3707 782 3804 subsistere;
813 3727 1045 3809 consequenter
1061 3721 1186 3793 'irritus

90 3851 102 3886 a
120 3825 177 3892 crit
191 3835 293 3895 actus.
312 3827 352 3894 Et
365 3849 406 3894 cx
419 3825 480 3895 hoc
494 3826 596 3918 capite
609 3825 682 3918 jure
698 3825 838 3894 naturali
855 3826 986 3894 irritum
1002 3837 1049 3896 est
1068 3833 1187 3898 matri-

89 3935 372 4004 «contaminor
398 3936 656 4025 consanguineos
682 3935 781 4026 primi
806 3933 928 4024 gradus
956 3935 1049 4004 liueae
1075 3949 1183 4013 rectae.

90 4042 196 4110 altam
216 4043 291 4133 jura
314 4043 455 4144 naturali
477 4043 590 4111 irritus
614 4051 663 4110 est
677 4051 860 4112 contractus
884 4045 1055 4112 usurarius
1077 4051 1185 4142 quoad

91 4173 103 4208 v
122 4173 243 4237 usuras,
260 4152 338 4242 quia
352 4151 520 4242 turpitudo
535 4151 624 4220 illins
639 4151 723 4218 sicut
735 4152 771 4218 in
785 4153 1011 4235 conventione,
1030 4153 1075 4220 ita
1087 4156 1185 4225 etiam

93 4283 104 4317 a
123 4257 151 4324 in
169 4281 343 4328 usurarum
357 4261 525 4330 exactione
544 4269 576 4328 et
590 4259 771 4328 solutorum
791 4259 969 4329 retentione
991 4282 1119 4352 semper
1135 4287 1186 4332 ren

1009 4371 1028 4434 3
