3022 4950
539 495 622 544 sums
644 493 796 545 canonici.
1185 479 1224 542 29

28 683 29 694 .
116 633 312 732 temporibus
331 647 534 726 renovatum,
557 639 689 708 cuilibet
712 639 840 732 privato
861 636 1040 707 intellectui
1062 637 1129 706 vim
1153 659 1228 706 om-

116 768 188 814 nem
213 744 364 814 veriuoes
385 754 473 815 certo
496 746 712 838 cognoscendi
739 745 898 816 adimens.
927 744 1011 815 Nam
1041 745 1098 836 qui
1127 746 1229 815 credit

117 861 238 922 tautum
263 853 516 944 propositionem
542 855 756 936 enuntiatam,
782 853 872 922 illem
894 853 955 922 hoc
981 852 1050 922 solo
1069 863 1144 922 actu
1159 872 1229 922 cre·

117 962 213 1031 dendi
239 985 299 1032 nec
323 986 433 1033 veram
456 987 516 1033 uec
538 964 652 1033 falsam
677 964 832 1057 percipit;
860 963 951 1054 atqui
971 961 1067 1053 juxta
1089 970 1230 1055 systema

119 1071 376 1140 traditionalismi
397 1072 533 1163 quilibet
552 1071 651 1144 homo
671 1081 779 1164 posset
799 1079 923 1139 tantum
945 1069 1065 1138 tradita
1087 1070 1230 1160 recipere

119 1189 148 1246 et
165 1178 311 1267 credere,
332 1201 399 1249 non
417 1187 527 1249 autem
546 1181 681 1272 propria
699 1179 733 1249 vi
750 1176 954 1267 intelligendi
976 1185 1008 1244 et
1033 1177 1232 1270 percipiendi

28 1363 29 1384 ἶ
119 1311 191 1357 vera
205 1297 294 1357 certo
308 1311 538 1380 recognoscere
548 1316 558 1376 3
574 1312 654 1380 ergo
667 1297 809 1382 systema
827 1287 923 1374 illud,
948 1287 1031 1356 sicut
1054 1295 1085 1354 et
1108 1308 1231 1379 praece-

118 1395 196 1465 dens
215 1396 340 1466 domini
364 1397 404 1466 de
427 1398 634 1486 Lamennais,
654 1396 835 1466 intellectui
859 1395 986 1487 privato
1010 1395 1078 1465 vim
1100 1398 1246 1464 omnem'

118 1504 269 1574 veritates
284 1515 371 1574 certo
386 1505 589 1598 percipiendi
604 1505 732 1575 adimit.

162 1617 193 1679 5⁰
207 1613 336 1682 luducit
350 1612 390 1681 ad
407 1615 657 1706 scepticismum.
685 1613 769 1682 Nam
790 1614 824 1681 in
846 1612 960 1682 ordine
973 1613 1117 1682 naturali
1133 1612 1231 1682 homo

120 1721 260 1810 legitime
283 1720 409 1792 dubitat
431 1730 463 1790 et
487 1722 637 1792 dubitare
657 1721 752 1790 debet
774 1720 814 1789 de
828 1722 920 1790 omni
936 1719 1159 1794 enuntiatione
1172 1743 1231 1790 ex-

121 1839 206 1898 terne
222 1829 284 1898 sibi
300 1830 394 1918 lacta,
410 1831 570 1923 quamdiu
588 1830 677 1898 illam
693 1837 781 1898 certo
796 1850 908 1898 veram
922 1851 992 1896 esse
1006 1827 1116 1919 aliquo
1136 1829 1232 1899 modo

120 1958 182 2006 non
197 1937 345 2030 percipit.
362 1939 464 2030 Atqui
484 1937 618 2007 traditas
638 1961 658 2006 a
681 1937 830 2005 societate
849 1935 957 2004 varias
977 1935 1230 2026 propositiones,

121 2043 153 2112 in
175 2053 350 2135 systemate
373 2044 648 2132 traditionalismi,
668 2043 780 2114 nullus
802 2053 889 2112 certo
910 2063 1004 2112 veras
1027 2042 1230 2134 perciperet:

122 2173 184 2220 non
212 2151 391 2244 perciperet
417 2151 603 2221 immediate
629 2163 815 2244 peractum
839 2151 1022 2220 intellectus
1046 2153 1231 2245 proprium,

122 2257 199 2350 quia
230 2261 376 2352 alioquin
404 2269 608 2330 enasceretur
636 2261 672 2329 iu
705 2260 838 2330 homine
874 2261 963 2329 notio
992 2260 1102 2353 aliqua
1130 2272 1232 2348 certa,

122 2366 254 2436 aliunde
276 2370 411 2438 venicus
437 2389 536 2460 quam
560 2391 602 2437 ex
627 2368 789 2454 societate,
814 2367 903 2459 quod
925 2376 1022 2457 negat
1043 2368 1235 2460 praedictum

123 2484 272 2568 systema.
291 2477 364 2546 Non
387 2478 565 2569 perciperet
584 2475 808 2546 concludendo
833 2499 874 2544 ex
898 2476 1127 2547 infallibilitate
1143 2479 1237 2546 testi-

124 2584 222 2652 monii
243 2584 385 2671 socialis,
408 2585 561 2677 quiahoc
584 2584 694 2676 ipsum
714 2585 933 2673 ratiocinium,
958 2593 1070 2678 utpote
1084 2607 1104 2654 a
1118 2585 1186 2654 sola
1201 2586 1237 2653 vi

123 2691 302 2760 intellectus
317 2692 506 2783 procedens,
521 2699 604 2761 esset
617 2693 716 2761 series
725 2693 896 2762 notionum
907 2716 927 2761 a
938 2701 1073 2762 testante
1088 2695 1238 2763 societate

123 2823 188 2870 non
201 2800 401 2889 inlusarum3
419 2802 507 2895 quod
522 2802 645 2894 pariter
659 2802 804 2872 excludit
822 2802 1125 2872 traditionalismus.
1148 2803 1236 2893 Ergo

123 2910 259 2978 traditas
273 2933 293 2979 a
307 2909 456 2979 societate
478 2909 586 2978 varias
609 2910 757 2978 notiones
778 2909 889 2978 nullus
913 2918 1001 2979 certo
1025 2933 1118 2979 veras
1131 2911 1237 3003 perci·
1287 2975 1290 2982 .

124 3027 228 3109 peret;
243 3039 323 3107 ergo
338 3017 378 3086 de
392 3017 455 3085 illis
469 3016 618 3085 dubitare
633 3015 781 3098 deberet,
805 3039 884 3108 ergo
905 3019 940 3086 in
960 3017 1074 3087 ordine
1094 3019 1238 3086 naturali

124 3125 254 3194 deberet
267 3127 353 3194 circa
365 3145 497 3194 omnem
510 3126 767 3194 enuntiationem
785 3127 911 3194 baerere
925 3127 1056 3196 dubius.

169 3236 201 3300 6ο
216 3233 364 3302 Tandem
378 3242 522 3325 systema
536 3233 618 3302 illud
631 3233 827 3302 contrariam
843 3233 906 3301 sibi
921 3234 1016 3303 habet
1031 3257 1238 3306 communem

125 3343 303 3412 doctrinam
319 3343 545 3432 theologorum
564 3352 596 3411 et
609 3343 863 3430 canonistarum,
886 3367 927 3414 ex
943 3367 1010 3436 quo
1025 3344 1094 3414 solo
1108 3367 1239 3438 suspec-

126 3459 195 3518 tum
208 3452 321 3520 saltem
337 3452 489 3521 omnibus
503 3473 571 3520 esse
587 3451 728 3520 deberet.

170 3561 220 3628 Ex
239 3560 334 3629 dictis
355 3571 463 3630 autem
483 3560 578 3629 facile
601 3560 711 3650 colligi
733 3569 838 3652 potest
859 3560 993 3653 quidde
1012 3562 1239 3632 rationalismo

125 3668 329 3739 sentiendum
344 3671 396 3738 sit.
423 3670 509 3740 lllud
531 3669 652 3738 scilicet
677 3670 884 3757 vocabulum,
902 3671 1139 3740 recentioribus
1154 3678 1242 3738 tem-

124 3777 258 3868 poribus
272 3778 450 3866 invectum,
473 3778 609 3846 omnino
631 3777 824 3867 ambiguum
840 3787 912 3864 est;
939 3787 970 3846 et
990 3785 1089 3870 prout
1104 3800 1169 3847 uno
1187 3765 1238 3848 vel

28 3945 29 3948 ,
124 3886 224 3957 altero
239 3910 335 3956 sensu
351 3887 519 3978 accipitur,
535 3887 690 3979 exprimit
706 3909 831 3976 veram,
849 3896 905 3955 aut
919 3909 1090 3957 erroneam
1113 3897 1145 3956 et
1168 3889 1242 3958 exi·-

126 3994 235 4064 tialem
249 3995 445 4064 doctrinam.

170 4103 440 4190 transnatamus,
457 4111 554 4194 prout
568 4103 724 4194 exprimit
738 4105 920 4173 doctrinam
934 4127 998 4196 qua
1014 4103 1167 4192 traditur,
1183 4105 1242 4173 do-

128 4211 261 4292 minam,
275 4233 338 4302 per
352 4233 448 4280 suum
457 4211 634 4302 propriam
652 4223 683 4279 et
697 4211 887 4280 naturalem
910 4211 1117 4302 coqnoscendi
1131 4215 1245 4305 sacul—
1279 4209 1283 4218 ’
