3022 4950
467 525 551 572 surus
574 527 725 572 cononici.
1137 507 1153 566 :i

55 665 111 756 ipsa
135 667 326 758 quatiuntur
352 666 608 736 orthodoxarum
633 667 855 736 doctrinarum
876 665 1106 778 fundamenta,
1128 675 1160 732 et

54 775 80 840 in
111 774 249 843 dubium
282 774 445 868 primariae
477 777 603 867 jurium
635 777 781 845 omnium
817 777 957 844 rationes
988 783 1158 844 vocantur.
1254 778 1256 782 ’

54 882 118 950 Non
145 905 221 973 ergo
251 907 473 975 supponamus
499 884 731 976 praecognitam
761 892 794 953 et
817 885 969 953 omnibus
999 893 1160 973 quantum

55 991 124 1056 saris
137 1000 182 1058 est
198 1001 398 1084 perspectam
412 992 497 1083 juris
510 992 691 1082 generatim
708 993 832 1082 sumpti
847 992 1004 1061 rationem
1018 1019 1027 1080 ;
1055 991 1111 1060 sed
1126 992 1161 1058 in

27 1165 28 1178 ,
53 1120 149 1185 genus
162 1097 283 1190 ipsum,
302 1099 336 1166 iu
350 1109 499 1168 naturam
515 1122 632 1192 nempe
642 1101 784 1192 juricio
800 1123 927 1191 peracre,
946 1099 1090 1193 primum
1106 1099 1160 1168 di-

27 1187 28 1200 *
51 1204 157 1293 ligendi
177 1207 294 1276 obtutu
318 1207 545 1284 intendamus;
571 1230 611 1275 ue
633 1209 707 1299 quis
722 1207 817 1296 forte,
833 1207 912 1276 dum
928 1207 1035 1275 statim
1051 1205 1091 1274 ad
1104 1206 1160 1297 jus

54 1315 190 1404 speciale,
215 1316 255 1384 de
275 1339 342 1408 quo
362 1326 410 1386 est
430 1319 464 1385 in
480 1318 542 1386 hoc
566 1340 663 1410 opere
679 1317 899 1403 tractandum,
916 1317 1158 1402 deveniremus,

55 1423 137 1490 uobis
154 1423 195 1491 de
217 1431 304 1494 retro
328 1425 439 1493 relicta
458 1427 637 1516 quaestione
661 1427 812 1516 generice
827 1427 994 1516 negotium
1011 1424 1156 1493 facessat.

57 1529 114 1598 imo
138 1553 196 1599 nec
218 1531 283 1600 alis
299 1533 375 1624 jura
396 1557 416 1600 a
435 1535 591 1604 canonico
610 1533 740 1604 diverse
759 1535 893 1604 omniuo
913 1532 1161 1624 praetergredia-

57 1661 179 1708 uumea
193 1641 280 1708 euim
295 1642 329 1708 in
340 1643 562 1711 testimonium
576 1665 660 1736 saepe
675 1667 791 1713 vocare
806 1651 855 1712 est
870 1642 1049 1733 disciplinae
1063 1664 1160 1711 cauo-

58 1747 125 1815 nirae
146 1749 299 1834 solitum3
327 1750 421 1841 cujus
442 1759 599 1841 practerea
619 1751 764 1841 genuina
782 1761 814 1819 et
834 1751 967 1843 propria
987 1751 1071 1820 ratio
1084 1748 1161 1816 inde

59 1854 271 1924 commorior
286 1858 387 1924 menti
400 1857 548 1948 affulget,
570 1859 659 1949 quod
682 1858 832 1927 instituta
853 1881 928 1927 rum
942 1857 1066 1926 coeteris
1077 1856 1161 1948 juri-

59 1961 108 2029 hus
122 1963 302 2053 collatione,
324 1989 390 2057 qua
409 1976 500 2058 parte
522 1990 597 2036 cum
622 1968 687 2036 illis
710 1967 896 2050 conveniat,
922 1967 975 2036 vel
990 1967 1031 2035 ab
1045 1965 1159 2034 iisdem

59 2070 182 2158 recedat,
199 2070 299 2140 fuerit
312 2082 528 2165 perspectum.

94 2180 159 2247 Non
184 2203 302 2270 parum
320 2181 453 2274 insuper
475 2183 619 2252 conferet
644 2184 684 2253 sd
713 2207 843 2253 omnem
870 2182 1101 2252 removendam
1126 2185 1159 2250 in

60 2296 208 2374 posterum
225 2288 447 2358 confusionem
461 2299 557 2382 atquc
572 2273 876 2383 aequivocationem,
893 2314 959 2382 qua
971 2297 1080 2382 posset
1094 2289 1161 2358 dis-

60 2393 141 2462 tincta
163 2393 203 2463 de
229 2396 374 2464 canonici
398 2397 481 2486 juris
507 2406 624 2467 ustura
651 2398 825 2492 praepediri
851 2400 957 2484 nolio,
990 2397 1161 2488 explorare

59 2509 138 2594 aiqrm
154 2504 369 2574 determinare
383 2503 464 2596 quid
479 2506 521 2574 sit
535 2516 566 2575 et
579 2529 644 2598 qno
659 2506 846 2576 habendum
869 2507 939 2575 loco
956 2505 1011 2596 jus
1024 2507 1161 2573 canoni-

27 2631 28 2634 *
59 2632 118 2678 urm
139 2614 321 2696 nationale,
346 2616 517 2706 proprium
537 2637 653 2708 nempe
681 2617 820 2708 alicujus
841 2617 983 2706 regionis
1006 2615 1157 2683 ecclesiia.

27 2745 29 2808 ὲ
58 2717 131 2788 Inter
156 2721 332 2790 nationalis
349 2729 457 2790 summ
484 2723 676 2814 hujusmodi
699 2724 776 2815 jura
801 2723 883 2792 adeo
905 2721 1088 2814 percelebre
1114 2733 1162 2788 est

27 2815 28 2824 ¹
59 2825 126 2896 illud
153 2829 242 2921 quod
265 2831 468 2920 pellicanum
489 2839 617 2919 vocant,
646 2840 683 2900 ut
708 2831 824 2900 merito
845 2831 908 2900 sibi
929 2831 1070 2900 vindicet
1091 2852 1159 2920 prae

58 2937 166 3006 cereris
179 2941 215 3006 in
229 2938 416 3029 exemplum
431 2940 566 3026 assumi,
584 2948 616 3008 et
633 2963 707 3008 cum
724 2940 903 3009 universali
923 2938 1074 3008 Ecclesiae
1087 2938 1160 3028 jure

58 3044 193 3112 conferri.

89 3153 176 3240 fleo,
202 3153 351 3246 inquam,
378 3155 488 3224 omnia
509 3155 660 3225 adeunda
680 3157 751 3225 viss
766 3164 854 3242 sunt,
878 3177 919 3223 ne
942 3163 1104 3240 truncam,
1128 3165 1160 3220 et

58 3279 104 3344 pro
118 3268 306 3331 nostrorum
327 3272 512 3354 temporum
534 3263 658 3331 ratione
680 3263 789 3330 minus
807 3263 895 3354 justo
914 3261 1078 3332 evolutam
1094 3283 1159 3328 no-

58 3365 165 3436 iiouem
189 3368 229 3437 de
252 3368 399 3437 canonici
424 3369 509 3460 juris
532 3379 650 3438 ustura
670 3358 884 3438 traderemus.
904 3371 942 3437 lu
963 3391 1030 3460 qua
1051 3377 1158 3436 tamen

58 3470 271 3568 disceptatione
304 3477 456 3547 brevitati
485 3485 645 3568 quantum
667 3477 716 3546 fas
740 3478 801 3547 erit
831 3478 1049 3547 consulemus.
1076 3477 1157 3546 Eam

57 3593 150 3653 aurem
171 3586 385 3677 expediemus
406 3585 468 3655 hoc
481 3586 596 3655 ordine
612 3609 619 3651 :
640 3591 671 3654 1·
685 3587 791 3657 Seruio
808 3587 931 3677 dejure
946 3587 1160 3676 ingererent

57 3689 170 3776 juribus
182 3717 203 3762 a
216 3695 371 3765 canonico
383 3695 539 3776 diversis;
559 3700 590 3764 2·
604 3695 644 3764 de
658 3696 761 3787 ipsius
772 3697 855 3786 juris
868 3695 1015 3763 canonici
1031 3701 1117 3762 reeta
1128 3700 1160 3759 et

59 3804 178 3885 precisa
192 3805 341 3885 noricum
360 3808 391 3870 3·
403 3805 443 3872 de
456 3804 530 3894 jure
544 3805 703 3894 gallicano
718 3813 802 3894 aget.
