3068 4948
331 471 393 535 rto
684 491 859 538 ratu‘rarus
882 493 919 537 aa
942 493 1095 539 enrucnns

331 632 498 725 prohibuit
537 635 711 726 ipsummet
743 635 908 725 potestatis
944 635 1023 726 ipsis
1061 634 1189 702 traditae
1230 633 1454 718 exercitinm3

333 765 438 834 neque
474 742 569 811 etiam
610 743 676 812 nllo
712 742 807 812 modo
849 742 1023 812 declaravit
1060 743 1184 812 nullam
1222 743 1290 812 fore
1327 742 1455 834 legem,

333 852 464 920 aliunde
485 851 619 942 justam,
646 875 743 944 qnam
771 852 930 921 Praelatus
954 875 995 920 ex
1020 851 1173 944 superbia
1202 861 1233 919 et
1261 874 1337 920 cum
1368 851 1456 919 iustu

332 961 523 1051 imponeret.
542 961 581 1030 Et
595 961 726 1052 quando
741 961 863 1030 Paulus
876 960 972 1048 dixit,
984 961 1091 1030 omnis
1104 961 1220 1030 anima
1232 961 1458 1053 potestatibus

334 1069 575 1137 sublimioribus
589 1068 863 1150 subridentem
876 1082 1006 1138 tautum
1020 1093 1061 1137 ea
1073 1069 1270 1151 necessitate,
1284 1067 1457 1161 sedprcp-

333 1189 382 1244 ter
403 1177 642 1258 conscientiam,
665 1199 731 1245 non
752 1173 877 1245 addidit
900 1176 984 1246 hanc
1006 1178 1241 1268 exceptionem,
1265 1175 1367 1244 modo
1393 1200 1458 1245 non

326 1286 529 1380 precipiunt
550 1308 625 1354 mm
651 1285 802 1377 superbia
830 1297 860 1352 et
882 1287 985 1377 fastu.
1012 1285 1101 1352 Licet
1126 1285 1212 1352 enim
1239 1295 1375 1378 peccent
1402 1286 1459 1377 qui

332 1393 470 1485 superbe
483 1393 705 1479 dominantur,
720 1391 933 1461 nihilomiuus
947 1393 1051 1483 ligant
1065 1415 1179 1462 eorum
1201 1401 1365 1486 praecepte
1380 1417 1458 1486 qnae

333 1525 400 1572 non
428 1503 590 1572 excedunt
619 1504 781 1595 potestatis
808 1526 922 1572 eornm
948 1503 1077 1572 limites.
1109 1503 1182 1571 Jam
1212 1525 1290 1572 vero
1309 1503 1458 1572 Romani

333 1610 507 1680 Pontifices
521 1635 562 1680 ex
574 1635 611 1680 eo
621 1610 709 1703 qnod
724 1610 932 1704 promulgent
947 1613 1033 1702 leges
1049 1633 1123 1679 suns
1137 1613 1252 1680 Roma
1269 1619 1416 1698 tantum,
1430 1621 1460 1679 et

333 1719 490 1810 obligatos
511 1719 621 1787 fideles
643 1718 754 1804 velint,
778 1719 898 1812 absque
919 1720 982 1788 alia
1004 1721 1038 1787 in
1062 1719 1237 1811 provinciis
1259 1720 1460 1812 promulga-

334 1830 434 1914 tione,
454 1829 588 1896 minime
613 1827 795 1896 insimulari
818 1837 954 1920 possunt
979 1828 1143 1921 superbire
1169 1851 1273 1921 neque
1299 1827 1457 1898 fastuosa

335 1935 576 2005 dominationis.
590 1935 674 2004 Nam
687 1935 722 2003 in
734 1935 907 2027 hypothesi
917 1937 1005 2029 quod
1021 1938 1198 2005 necessaria
1210 1945 1293 2005 esset
1302 1938 1458 2029 promul-

334 2045 421 2134 gatio
440 2043 474 2111 io
495 2043 684 2135 provinciis,
702 2043 752 2112 vel
776 2042 959 2113 admittitur
982 2044 1155 2114 Pontifices
1172 2045 1340 2114 Romanos
1361 2067 1457 2136 posse

335 2152 423 2221 illam
439 2150 733 2244 promulgationem
748 2151 907 2244 imperare
919 2161 951 2220 et
965 2154 1108 2243 exigere,
1121 2152 1173 2221 vel
1185 2175 1262 2222 non.
1277 2152 1314 2220 Si
1326 2153 1457 2222 dicatur

334 2283 388 2330 eos
402 2283 466 2329 non
484 2281 576 2350 posse
591 2259 674 2327 hanc
689 2260 983 2350 promulgationem
999 2261 1223 2352 obligatoriam
1245 2261 1363 2348 lacere,
1377 2285 1458 2351 ergo

336 2371 371 2438 in
396 2369 536 2438 nihilum
561 2368 628 2438 abit
651 2368 831 2459 legislativa
853 2392 966 2439 eorum
989 2377 1139 2462 potestas,
1157 2376 1190 2438 et
1212 2392 1339 2436 merum
1362 2391 1458 2439 mcu-

337 2478 464 2546 dacium
490 2487 537 2544 est
559 2475 679 2566 dogma
692 2477 885 2546 catholicum
906 2477 946 2546 de
963 2480 1065 2571 plena
1088 2489 1252 2570 potestate
1267 2477 1457 2547 universam

337 2585 517 2654 Ecclesiam
524 2582 720 2676 pcscendiet
730 2585 936 2674 gubernandi
943 2586 1181 2655 successoribus
1192 2586 1280 2654 Petri
1292 2609 1313 2653 a
1324 2585 1458 2656 Christo

337 2695 464 2765 tradite.
483 2696 519 2765 Si
534 2696 729 2764 concedatur
742 2696 907 2766 Romanos
917 2699 1090 2767 Pontifices
1100 2697 1231 2786 exigere
1240 2720 1335 2789 posse
1349 2700 1457 2789 primo

338 2814 373 2873 ut
395 2805 481 2895 leges
507 2803 681 2895 pontificiae
703 2827 721 2871 a
742 2806 917 2895 provinciis
931 2807 1192 2899 promulgentur,
1213 2813 1244 2873 et
1259 2804 1406 2875 secundo
1422 2813 1457 2875 ut

338 2913 383 2981 sic
396 2941 397 2946 ¹
412 2911 628 3005 promulgatae
651 2911 876 3000 observentur,
899 2936 965 2983 non
989 2915 1096 2982 minus
1113 2912 1219 3002 rigida
1241 2913 1304 2980 erit
1317 2913 1456 2983 istadu-

337 3025 412 3118 plex
435 3023 587 3116 imposita
606 3022 772 3113 obligatio,
788 3046 886 3116 qnam
907 3023 1047 3116 simplex
1064 3023 1239 3116 imperium
1252 3023 1367 3114 legum
1382 3046 1455 3091 ser-

337 3134 519 3203 vandarum
538 3139 610 3224 post
629 3129 745 3198 iactam
768 3131 882 3201 Romae
903 3131 1128 3201 tantummodo
1142 3131 1452 3224 promulgationem.

339 3239 540 3312 Sanctissimi
560 3247 714 3331 praeterea
728 3239 912 3328 Pontifices,
936 3239 1116 3310 humilitate
1133 3238 1227 3308 valde
1242 3239 1456 3309 commenda-

337 3351 430 3437 biles,
457 3369 598 3442 quorum
614 3346 711 3415 etiam
728 3346 862 3440 quidam
874 3349 1054 3417 canonizati
1068 3355 1155 3436 sunt,
1175 3347 1351 3416 voluerunt
1366 3348 1455 3438 leges

338 3483 413 3530 suas
426 3459 548 3550 absque
561 3457 820 3550 promulgatione
837 3459 873 3526 in
887 3459 1066 3551 provinciis
1080 3459 1243 3548 obligare3
1261 3481 1327 3550 quo
1339 3481 1455 3527 exem-

338 3570 393 3661 plo
416 3565 628 3635 confirmatur
650 3563 739 3632 huno
752 3565 886 3635 modum
902 3567 1038 3657 regendi
1052 3563 1227 3658 Ecclesium
1244 3565 1380 3635 minime
1393 3566 1454 3634 hu-

338 3675 467 3744 militati
488 3673 684 3764 evangelice
706 3695 899 3764 repugnare.
930 3675 1002 3744 Non
1017 3682 1142 3744 tentum
1159 3674 1454 3767 promulgationem

339 3783 373 3850 in
403 3781 592 3874 provinciis,
626 3781 732 3872 quoad
760 3781 944 3872 pontificias
971 3783 1059 3873 leges
1079 3805 1203 3870 amaea,
1222 3785 1456 3874 uon'exigebat

340 3889 516 3958 christiana
537 3888 716 3968 humilitas,
733 3889 875 3959 textibus
890 3890 995 3959 allatis
1010 3890 1247 3976 commendata,
1263 3890 1320 3959 sed
1336 3915 1395 3961 nec
1411 3892 1453 3959 si-

340 3997 437 4066 nebat
460 3994 633 4089 prudentia
653 4005 684 4063 et
706 3996 856 4066 Ecclesiae
882 3998 1016 4067 bonum.
1035 3997 1070 4067 Si
1082 3999 1169 4067 enim
1183 3999 1362 4067 necessaria
1374 4001 1455 4068 tecte

340 4105 455 4173 fuisset
481 4128 501 4171 a
530 4103 660 4172 Christo
687 4102 722 4171 in
751 4105 928 4194 provinciis
945 4107 1176 4198 promulgatio,
1203 4107 1244 4175 ah
1259 4129 1454 4200 unaquaque

341 4211 508 4304 provincia
530 4209 684 4304 penderet
704 4211 809 4303 legem
834 4214 1031 4307 pontificiam
1046 4213 1176 4282 firmare
1194 4214 1450 4303 autannullare3
