3072 4948
483 515 486 522 ·
523 503 625 552 vartus
648 505 798 552 sosoma.
1164 487 1225 553 lit

112 661 155 706 ex
178 661 217 708 ec
231 638 298 708 sola
318 642 441 712 ratione
468 645 555 735 qnod
578 645 687 714 minus
713 644 805 712 utilis
825 644 867 712 sit
893 667 991 738 qaum
1011 645 1224 731 contrarium,

113 753 218 836 potest
234 747 317 816 velie
336 748 429 818 illam
452 749 610 840 abrogare
631 759 663 819 at
685 773 745 842 pro
766 750 885 820 tuturis
902 752 1104 845 temporibus
1118 753 1227 846 impe-

111 853 194 922 dire.
213 854 359 924 Tandem
373 857 504 948 quando
518 859 573 927 lex
590 858 744 950 reprobat
758 858 821 928 sibi
834 860 1032 930 contrariam
1048 871 1226 932 consuetu-

111 959 238 1050 dinem,
274 985 340 1031 non
371 972 499 1034 tantum
535 966 798 1056 praeexistentem
829 967 976 1057 abrogat,
1008 978 1040 1038 et
1070 969 1161 1038 illam
1191 971 1227 1038 in

111 1067 263 1139 futurum
287 1070 448 1162 prohibet,
472 1071 529 1142 sed
555 1073 688 1165 insuper
715 1073 856 1142 declarat
882 1073 1004 1142 mnam
1024 1083 1121 1167 atquc
1140 1078 1226 1146 irra-

111 1177 312 1248 tionabilem.
347 1179 432 1248 ilinc
466 1189 559 1250 cauto
584 1181 788 1252 attendendo
820 1190 895 1250 sunt
929 1182 1083 1254 clausulae
1113 1184 1224 1274 legum

110 1287 401 1356 consuetudinibus
414 1289 663 1358 contrariarum.
685 1289 889 1378 Abrogsntes
902 1297 1031 1360 tantam
1045 1299 1121 1358 sunt
1134 1291 1226 1360 clan-

110 1393 193 1462 sulae
218 1394 409 1485 hujusmodi
442 1423 449 1462 :
479 1419 545 1464 aon
574 1395 721 1464 obstante
747 1419 953 1488 quacumque
982 1397 1223 1466 consuetudine.

113 1499 285 1591 (Clement.
310 1505 498 1582 Statutum,
523 1502 562 1571 de
582 1503 687 1592 elect.)
713 1503 896 1573 Prohibeus
915 1504 1074 1573 censenda
1089 1514 1137 1573 est
1156 1505 1227 1576 hec

108 1609 254 1678 clausula
266 1637 274 1678 :
286 1611 448 1682 Nolumus
456 1623 571 1680 contra
586 1611 670 1680 darec
684 1613 787 1702 lepem
802 1613 952 1704 aliquam
967 1613 1226 1684 consuetudinem

108 1719 239 1800 aalma·
278 1720 356 1788 item
391 1743 410 1788 c
440 1721 567 1790 fortiori
604 1721 756 1814 quelibet
789 1722 934 1790 clausula
967 1745 1033 1814 qua
1062 1723 1228 1812 legislator

107 1847 260 1919 expresse
288 1827 436 1918 prohibet
465 1851 505 1896 ne
534 1829 570 1896 in
602 1833 760 1913 futurum
787 1839 948 1921 protextu
981 1829 1226 1900 consuetudinis

107 1935 254 2026 cujusvis
282 1936 335 2004 lex
364 1959 424 2005 sua
451 1937 661 2026 infringatur.
701 1937 923 2029 Reprobantes
959 1960 1037 2006 vero
1070 1946 1147 2006 sunt
1177 1961 1227 2006 se·

107 2055 244 2137 quentes
259 2045 411 2114 iormulae
431 2073 438 2114 ε
458 2046 733 2116 Consuetudinem
747 2049 841 2118 illam
854 2051 984 2142 penitus
1004 2051 1226 2140 improbantes

110 2159 193 2249 (cap.
210 2159 359 2244 unicum,
377 2157 416 2228 de
429 2159 550 2228 clericis
564 2181 631 2226 non
643 2159 739 2228 resid.
758 2161 793 2228 in
811 2158 855 2248 6).
870 2199 915 2214 -
932 2159 1041 2228 Talem
1055 2174 1225 2230 cousuetu-

105 2267 215 2336 dinem
239 2269 450 2358 reprobamus
473 2269 555 2359 (cap.
573 2273 605 2352 2,
623 2267 663 2336 de
684 2267 805 2360 probi.
823 2306 868 2320 -
885 2271 967 2338 Cum
992 2267 1061 2335 tec
1073 2289 1138 2334 oon
1154 2281 1225 2336 tam

104 2374 302 2446 consuetudo
324 2399 425 2468 quam
447 2376 631 2467 corruptela
657 2376 773 2444 marito
797 2377 841 2444 sit
865 2373 1034 2443 cassauda.
1065 2375 1113 2463 (C.
1141 2377 1224 2444 Cum

104 2485 309 2567 morabilis,
328 2485 369 2554 dc
384 2487 542 2574 consuet.)

150 2592 257 2661 100111
274 2592 417 2683 lepitime
430 2592 664 2684 praescriptam
692 2603 722 2662 et
736 2616 803 2662 non
819 2591 1049 2684 proscriptam
1063 2593 1220 2685 legitime.

102 2703 297 2795 prescripta
321 2702 438 2771 dicitur
460 2703 672 2788 consuetudo,
700 2699 831 2792 quando
855 2723 932 2770 oum
955 2702 1120 2793 requisitis
1141 2705 1221 2794 qui-

102 2811 243 2880 busdam
265 2807 508 2878 conditionibus
533 2831 592 2900 per
615 2818 740 2880 certum
768 2808 900 2900 aliquod
925 2807 1063 2898 longum
1091 2819 1222 2901 tempus

101 2916 302 3010 perduravit.
321 2915 494 2999 Quodnam
509 2923 619 2986 cutem
635 2917 676 2986 sit
690 2915 772 2986 illud
789 2924 931 3007 tempus,
949 2926 980 2984 et
994 2939 1068 3007 quae
1082 2917 1147 2986 illae
1164 2917 1223 2986 de·

101 3026 179 3094 bitae
195 3023 406 3110 conditiones,
423 3021 620 3114 expenditur
633 3023 730 3093 inira.

631 3303 686 3376 ΙΙΙ.

141 3497 276 3559 Quomodo
291 3495 451 3548 cousuetudo
467 3495 567 3546 diiierut
582 3509 598 3544 a
611 3493 714 3560 legibus
730 3499 757 3544 et
770 3495 878 3556 statutis,
895 3509 909 3544 u
926 3494 1104 3546 traditionibus
1121 3499 1146 3545 ot
1163 3511 1178 3546 s

552 3575 757 3640 praenotione.

144 3790 169 3855 l.
189 3788 305 3878 Diffcrt
320 3809 341 3853 a
356 3785 477 3877 lepidus
493 3797 524 3852 et
541 3783 685 3850 statutis.
705 3783 790 3850 Nam
808 3787 841 3849 1ο
858 3783 975 3851 lervel
992 3791 1149 3852 statutum
1164 3794 1213 3854 est

95 3897 150 3987 jns
172 3894 343 3985 scriptum,
368 3890 566 3960 consuetudo
590 3913 669 3959 vero
679 3891 735 3980 jus
752 3911 817 3956 non
838 3890 996 3980 scriptum
1013 3917 1021 3956 :
1040 3912 1107 3960 non
1122 3893 1212 3982 quod

96 4007 168 4097 ipsc
190 4001 287 4069 mom
313 4000 512 4069 consuetudo
532 4020 597 4067 nou
618 3998 721 4088 possit
741 3998 774 4065 in
796 3997 992 4087 scripturam
1017 3997 1135 4087 redigi,
1153 4002 1209 4070 sed

97 4116 184 4208 qnod
211 4115 253 4182 ab
274 4111 412 4181 exordio
430 4109 493 4194 sni,
518 4129 582 4176 non
606 4105 647 4174 ab
672 4104 782 4195 aliquo
804 4103 997 4192 legislatoris
1019 4103 1141 4195 scripto
1161 4109 1211 4178 vel

97 4231 271 4316 praecepto,
291 4219 398 4287 seder
419 4239 484 4286 usu
507 4225 539 4283 et
560 4214 710 4284 moribus
729 4212 892 4280 utentium
908 4219 979 4278 orla
994 4211 1045 4280 sit.
1064 4213 1208 4284 Gouro-
