3072 4948
523 451 606 496 runis
627 451 777 498 cusona.
1146 433 1207 501 ild

92 583 236 657 dontinus
257 590 385 680 synodi.
411 592 502 660 Hanc
520 594 609 661 euim
628 615 779 685 expresse
799 601 986 685 potestatem
1007 595 1055 664 illi
1073 600 1209 670 contulit

93 695 211 764 Sixtus
235 697 279 784 V,
302 698 335 766 io
359 698 449 768 bulla
473 703 636 770 Immemor
660 727 671 767 .·
699 700 818 768 todoat
847 701 961 772 itidem
992 706 1207 797 Conprepotio

93 805 327 875 maturitatem
338 807 556 898 promovendi
569 809 836 900 reformationem
851 809 930 878 oleri
943 823 974 880 ct
985 813 1105 905 populi
1173 816 1208 884 in

92 911 243 982 moereo
268 915 446 984 christiano
470 915 556 995 orde,
582 916 616 983 io
638 915 679 983 iis
700 937 773 1009 qaae
792 917 956 1008 pertinent
976 920 1023 988 od
1105 943 1211 990 mores

93 1021 269 1090 cimanum
279 1025 397 1116 populi
408 1024 455 1093 ad
470 1023 700 1117 proscriptam
714 1024 859 1116 ejusdem
874 1026 1003 1095 concilii
1017 1051 1209 1122 componen-

95 1128 167 1200 dos.
196 1132 291 1202 Unde
312 1133 409 1201 etiam
435 1140 541 1226 posset
562 1129 763 1201 Tridentium
784 1132 902 1224 synodi
923 1135 1050 1204 decreta
1074 1159 1148 1230 quae
1174 1139 1209 1206 in

95 1239 199 1309 variis
220 1239 408 1332 regionibus
433 1249 490 1310 ant
513 1261 682 1332 uunquam
708 1241 886 1330 viguerunt
913 1250 970 1311 aut
995 1244 1146 1314 abierunt
1176 1246 1209 1314 in

94 1347 357 1436 desuetudinem,
381 1348 573 1439 obligatoria
594 1347 699 1416 lacem
715 1356 747 1416 ot
764 1369 878 1416 eorum
897 1350 1136 1420 exsecutionem
1151 1356 1211 1423 ad-

96 1455 210 1524 hibitis
235 1457 379 1525 censuris
402 1477 531 1548 urgere.
557 1455 638 1538 Quae
666 1455 776 1523 omnia
802 1462 887 1524 certe
909 1455 994 1547 juris
1018 1458 1211 1530 universalis

94 1563 256 1634 rationem
285 1565 452 1636 baberent.
486 1567 519 1632 4⁰
550 1563 682 1632 Falsum
713 1563 875 1653 estquod
905 1563 1017 1633 dicunt
1043 1568 1210 1636 sententias

96 1673 247 1762 negantis
262 1673 402 1765 patroni,
420 1693 535 1766 nempe
551 1693 616 1740 uou
632 1679 779 1740 constare
792 1669 946 1739 traditam
961 1671 1060 1742 luisse
1075 1684 1213 1744 asancta

97 1779 183 1848 Sede
207 1780 460 1872 Congregationi
483 1778 620 1850 Concilii
646 1785 836 1872 potestatem
863 1776 1092 1850 declarationes
1117 1783 1213 1852 emit·

99 1888 189 1958 teudi
211 1911 287 1982 quae
311 1888 514 1978 obligatorice
534 1886 655 1979 ubique
673 1893 779 1955 esseut
796 1913 803 1953 :
822 1886 908 1956 clare
931 1887 1018 1956 enim
1040 1889 1074 1957 in
1096 1892 1214 1982 preaci-

99 1997 175 2066 tatis
203 1997 288 2066 Sixti
310 1995 339 2066 V
363 1997 472 2067 verbis
501 2003 641 2089 potestas
669 1994 725 2062 illa
755 1993 952 2086 exprimitur
981 2007 1011 2064 et
1034 1999 1211 2068 confertur.

103 2111 134 2170 5ο
151 2107 339 2196 Assiguatio
359 2106 513 2198 temporis
527 2113 558 2174 et
573 2104 634 2172 loci
653 2101 832 2194 requiritur
847 2100 982 2192 quidem
997 2104 1031 2171 in
1042 2101 1123 2196 legis
1137 2129 1215 2199 pro-

101 2215 319 2304 mulgetioue;
344 2216 480 2284 minime
504 2235 582 2282 vero
608 2213 643 2279 in
667 2210 881 2281 declaratione
906 2233 1019 2280 sensus
1042 2213 1124 2304 legis
1146 2217 1214 2307 jam

100 2323 328 2414 promulgata.
347 2321 526 2413 Legislator
538 2321 657 2390 scilicet
673 2325 859 2411 potestatem
875 2319 971 2387 babet
982 2321 1216 2414 interpretandi

99 2433 208 2522 legem
223 2455 315 2501 snam
331 2459 340 2520 ;
358 2440 389 2500 et
406 2433 544 2525 quisque
558 2431 678 2518 ligatur
694 2428 766 2519 lege
781 2449 818 2496 eo
831 2448 928 2496 seusu
944 2429 1103 2500 intellecta
1117 2455 1215 2525 quem

100 2563 199 2610 suum
214 2562 283 2608 osse
301 2539 476 2609 declaravit
493 2537 668 2628 legislator.
690 2536 756 2605 Nec
770 2535 895 2604 licitum
911 2544 960 2604 est
979 2538 1097 2631 cuique
1110 2541 1215 2632 legem

101 2671 169 2716 nou
194 2657 359 2740 acceptare
378 2648 413 2715 in
430 2670 469 2716 eo
494 2667 590 2715 sensu
611 2665 708 2737 quem
733 2651 821 2712 certo
834 2645 988 2733 cognovit
1001 2667 1070 2714 esse
1085 2671 1216 2720 sensum

101 2755 302 2846 legislatoris
321 2785 328 2823 :
345 2777 424 2847 ergo
443 2763 480 2825 nt
494 2756 548 2824 lex
564 2754 599 2821 iu
614 2775 711 2820 sensu
725 2751 919 2820 declaratos
936 2751 1119 2842 legislatore
1134 2759 1218 2827 obli-

103 2874 170 2956 get,
196 2863 374 2956 requiritur
398 2870 523 2932 tautum
551 2869 589 2930 nt
615 2867 738 2930 constet
755 2858 794 2928 de
816 2859 872 2926 illa
893 2859 1087 2950 legislatoris
1111 2864 1218 2935 decla-

103 2973 230 3043 ratione
243 2999 252 3060 ;
276 2971 368 3041 nulla
382 2993 460 3040 vero
475 2970 540 3039 alia
555 2969 733 3038 formaliter
746 2968 936 3061 requiritur.
949 2970 1022 3039 Jarn
1038 2993 1117 3042 varo
1130 2977 1218 3066 quod

105 3090 209 3174 potest
219 3079 385 3169 legislator
394 3101 453 3170 per
461 3099 507 3162 se,
519 3084 624 3169 potest
635 3099 693 3168 per
702 3076 822 3155 alinm;
836 3098 914 3166 ergo
922 3076 949 3144 si
960 3079 1013 3146 oui
1021 3078 1220 3170 delegaverit

106 3198 293 3285 potestatam
321 3189 409 3277 leges
430 3187 629 3272 declarandi,
651 3185 771 3254 valebit
796 3184 971 3255 declaratio
993 3187 1116 3282 absque
1139 3194 1219 3260 assi-

106 3300 260 3391 gnatione
288 3297 444 3388 temporis
464 3303 496 3364 et
520 3295 597 3379 loci,
621 3303 653 3362 et
675 3295 752 3361 satis
774 3293 837 3362 erit
865 3294 892 3362 si
917 3303 1040 3363 constet
1068 3296 1108 3365 de
1138 3299 1220 3368 facta

106 3408 335 3478 declaratione.
372 3409 404 3472 6⁰
428 3403 561 3472 Falsum
593 3410 641 3470 est
664 3409 730 3470 tam
758 3401 874 3469 multas
896 3402 1051 3471 exsistere
1077 3405 1221 3474 declara-

105 3518 211 3586 tiones
242 3511 511 3604 Cougrcgatiouis
541 3509 678 3580 Concilii
711 3531 786 3600 quae
817 3509 852 3575 iu
887 3508 1025 3576 invicem
1060 3524 1219 3603 pugnent.

106 3628 256 3695 Testatur
283 3621 459 3712 Faguauns
494 3641 552 3711 per
579 3616 764 3710 quindecim
794 3635 897 3684 anuos
923 3615 1044 3707 quibus
1069 3642 1089 3686 a
1117 3643 1223 3692 secre-

108 3735 149 3803 tis
180 3730 325 3802 indicta
354 3727 613 3819 congregatione
640 3725 714 3813 luit,
747 3747 846 3792 uuam
873 3730 1100 3797 tautummodo
1124 3733 1224 3800 emis-

109 3865 176 3912 sam
203 3839 418 3930 fuisseque
447 3860 467 3904 a
493 3832 752 3928 precedentibus
777 3831 887 3924 aliquo
915 3834 1011 3904 modo
1033 3835 1223 3932 diseederet,

109 3969 139 4030 et
162 3957 206 4026 ab
230 3953 376 4024 instituta
402 3951 661 4042 Congregatione
688 3972 791 4041 usquo
817 3949 952 4018 adeam
978 3975 1043 4044 qua
1066 3955 1225 4026 scribebat

112 4075 239 4136 enom
259 4063 342 4131 duas
364 4061 571 4130 solummodo
593 4059 693 4128 fnisse
720 4058 918 4128 immutatas.
949 4063 982 4124 7⁰
1003 4061 1052 4128 Ex
1073 4085 1111 4131 eo
1138 4068 1225 4157 qnod

112 4184 174 4243 tam
207 4171 316 4242 multae
344 4169 576 4240 declarationes
606 4165 787 4260 prodierint
814 4174 845 4234 et
872 4168 938 4236 vim
969 4168 1048 4260 legis
1075 4171 1223 4261 habeant,
