3072 4948
337 511 398 578 386
689 527 864 576 rnacrrrus
887 533 924 576 or.
946 529 1102 576 ecmonus

380 675 414 737 2⁰
429 668 465 738 Si
500 669 654 760 Princeps
685 691 839 762 expresse
869 669 1049 738 consentiat
1083 667 1180 738 alicui
1211 663 1459 746 consuetudini,

335 777 427 847 nulle
440 775 684 868 prascriptione
697 800 780 869 opus
795 784 863 862 est3
881 775 938 844 sed
953 777 1062 845 statim
1076 799 1113 843 ac
1126 781 1156 843 ei
1171 773 1303 842 accessit
1318 795 1462 864 expres-

334 907 390 954 sus
412 885 573 977 Principis
596 907 784 970 cousensus,
809 886 879 952 vim
902 883 985 975 legis
1006 884 1113 952 habet.
1139 884 1233 951 Tunc
1253 881 1342 950 euim
1360 881 1462 968 Prin·

333 1017 408 1086 ceps
421 1017 493 1063 cam
507 995 542 1063 iu
557 995 662 1085 legem
677 995 785 1086 erigit.

380 1108 413 1170 3⁰
433 1103 469 1171 Si
492 1103 610 1171 merito
630 1101 789 1193 praesumi
813 1103 915 1194 possit
937 1125 1115 1171 cousensus
1138 1100 1253 1170 tacitus
1277 1099 1460 1192 Principis,

334 1210 425 1278 nulla
444 1210 563 1278 iterum
582 1232 665 1301 opus
680 1215 728 1276 est
749 1209 1010 1301 praescriptioue,
1025 1231 1100 1278 cum
1117 1208 1189 1276 talis
1203 1229 1383 1276 cousensus
1400 1229 1463 1298 per

333 1342 367 1387 se
393 1319 499 1388 solum
513 1316 742 1387 consuetudini
758 1317 825 1385 vim
843 1317 977 1386 tribuat.
996 1317 1036 1385 Et
1053 1317 1098 1385 ita
1112 1317 1148 1384 fit
1160 1316 1285 1409 quoties
1298 1315 1462 1404 Princeps

332 1451 528 1518 cognosceus
543 1427 826 1514 cousuetudinem,
854 1435 948 1514 tacet,
963 1450 1038 1496 cum
1055 1436 1174 1519 posset,
1191 1427 1217 1492 si
1234 1425 1344 1512 vellet,
1362 1423 1460 1491 facile

332 1535 507 1604 reclamare
533 1543 565 1603 et
591 1535 859 1604 consuetudinem
888 1534 1058 1603 annullare
1086 1560 1093 1600 ε
1119 1543 1197 1602 tunc
1221 1535 1308 1600 enim
1339 1532 1460 1599 merito

332 1641 378 1709 iili
393 1641 574 1710 consentire
589 1643 811 1732 praesumitur.
832 1642 873 1710 Et
890 1643 975 1710 idem
991 1642 1121 1710 videtur
1135 1641 1309 1710 dicendum
1322 1639 1459 1730 maudo

330 1748 485 1841 Princeps
506 1772 572 1818 non
598 1749 695 1818 habet
716 1750 907 1818 facilitatem
928 1749 1139 1834 reclamandi,
1157 1751 1183 1818 si
1198 1748 1402 1817 consuetudo
1418 1748 1459 1814 sit

330 1864 456 1924 tantum
471 1869 594 1948 practer
606 1855 678 1948 jus,
698 1856 796 1925 modo
810 1867 919 1925 tamen
933 1857 1140 1925 rationabilis
1152 1855 1206 1923 sit.
1224 1855 1308 1938 Quia
1323 1853 1458 1944 quaudo

330 1962 529 2034 consuetudo
556 1963 638 2032 nulii
664 1963 728 2053 legi
754 1967 933 2057 opponitur
960 1974 991 2032 et
1016 1965 1115 2033 simul
1143 1965 1177 2030 in
1198 1986 1232 2030 se
1255 1961 1457 2030 rationabilis

330 2081 390 2159 est,
418 2080 567 2140 censetur
597 2069 752 2163 Princeps
777 2073 860 2141 velle
892 2073 1013 2164 populo
1043 2073 1226 2141 satisfacere
1254 2080 1286 2138 et
1314 2093 1457 2138 cousen-

330 2179 402 2248 tire.

376 2292 409 2354 4⁰
424 2286 561 2368 Quando
601 2311 750 2356 summus
790 2288 940 2356 Pontifex
979 2289 1146 2377 cognoscit
1187 2285 1455 2356 consuetudinem

329 2404 443 2466 contra
465 2395 533 2486 jus,
561 2403 594 2462 et
616 2419 682 2462 nou
708 2395 805 2463 hnbct
830 2393 1015 2464 facilitatem
1039 2393 1251 2482 reclamandi,
1274 2417 1341 2463 nou
1364 2393 1455 2463 vidc-

330 2513 384 2573 tnr
425 2503 693 2573 consuetudinem
727 2527 821 2596 posse
860 2528 919 2596 per
951 2505 1230 2597 proscriptionem
1272 2505 1341 2571 vim
1378 2503 1456 2592 legis

329 2611 508 2703 acquirere.
537 2610 754 2692 Quantumvis
784 2613 871 2680 euim
900 2613 995 2680 duret
1018 2612 1091 2680 talis
1116 2611 1327 2696 cousuetudo,
1351 2611 1454 2680 inccr-

331 2730 401 2789 tum
424 2728 472 2787 est
497 2729 607 2788 utrum
629 2719 780 2788 Pontifex
803 2728 904 2790 tacent
920 2729 1047 2789 tantum
1065 2744 1106 2789 ex
1123 2721 1251 2788 silentio
1268 2743 1358 2788 mere
1372 2743 1456 2788 oeco-

332 2827 472 2913 nomino,
500 2851 575 2896 cum
602 2851 667 2897 non
691 2831 803 2921 possit,
825 2853 866 2899 cx
888 2830 1074 2922 hypothesi,
1096 2829 1197 2897 libere
1217 2829 1319 2920 loqui.
1342 2828 1380 2896 lu
1398 2829 1455 2896 ista

331 2943 440 3004 autem
454 2935 682 3005 incertitudine
696 2937 838 3029 possidet
852 2937 908 3006 lex
924 2945 1038 3005 contre
1052 2934 1335 3005 consuetudinem.

380 3045 411 3108 5ο
425 3041 514 3132 Ergo
538 3042 717 3132 generatim
740 3044 773 3110 in
795 3067 873 3112 casu
893 3066 959 3134 quo
979 3043 1138 3135 Princeps
1158 3041 1260 3111 noscit
1277 3051 1456 3112 consuetu-

332 3149 456 3234 dinem,
480 3171 647 3241 nunquam
671 3171 712 3216 ex
735 3151 981 3241 pracscriptioue
997 3150 1048 3219 vis
1068 3148 1297 3218 consuetudini
1312 3151 1456 3241 acquiri-

332 3271 398 3326 tur.
430 3255 519 3348 Ergo
553 3257 603 3325 vis
632 3257 859 3326 consuetudini
893 3280 951 3349 per
985 3258 1074 3326 viem
1104 3257 1364 3349 praescriptiouis
1391 3281 1455 3325 nou

333 3365 513 3458 acquiritur
526 3365 589 3432 uisi
608 3367 643 3433 in
657 3389 734 3434 casu
748 3389 815 3457 quo
830 3366 986 3458 Princeps
1003 3365 1094 3434 illam
1108 3367 1250 3454 ignorat,
1267 3374 1300 3432 et
1315 3365 1363 3434 ilii
1379 3387 1454 3433 con-

334 3475 455 3544 sentire
471 3473 585 3564 nequit
600 3473 663 3541 nisi
677 3495 837 3543 consensu
858 3475 958 3565 lepali
973 3496 1030 3542 seu
1042 3473 1195 3565 juridico.

789 3757 948 3817 PUNCTUld
968 3761 1002 3816 11.

335 3947 462 4006 umatum
485 3945 611 4012 temporis
634 3945 780 4010 requiratur
797 3947 828 3996 ad
851 3947 1023 3998 sufficientem
1040 3947 1274 4012 prescriptionem,
1292 3950 1453 4014 quandoper

516 4029 584 4080 viam
600 4028 803 4093 prescriptionis
818 4029 981 4079 consuetudo
997 4029 1050 4082 rim
1072 4029 1137 4095 tegis
1153 4030 1272 4096 acquirit.

381 4238 482 4306 Casus
502 4261 568 4331 quo
590 4261 649 4330 per
672 4239 758 4307 viam
785 4239 1040 4331 praescriptionis
1065 4241 1265 4310 consuetudo
1285 4244 1353 4310 vim
1377 4241 1451 4331 legis
