3068 4948
526 530 608 578 ansts
630 531 804 580 canonica·
1149 515 1211 578 aas

101 664 232 735 tratione
256 666 429 736 nltimatim
453 667 561 740 adhuc
589 670 786 762 penderets
814 671 962 741 Romano
987 670 1158 758 Pontifice,
1183 682 1213 740 et

101 796 163 840 non
186 798 207 842 a
229 775 366 846 concilio
389 779 600 864 oecumenico,
629 787 824 870 quatenusn
850 779 938 870 Papo
963 779 1120 870 sejuncto.
1148 778 1215 848 Nec

101 881 197 952 tribui
216 892 319 975 potest
341 907 531 976 supremum
555 887 610 977 jus
631 886 787 956 baneficis
811 886 1000 956 conterendi
1023 887 1153 956 cuilibet
1180 889 1214 955 in

100 987 226 1059 dioecesi
251 1015 309 1060 sua
333 993 492 1086 Episcopo
511 1022 518 1061 :
537 1017 613 1064 nam
636 995 691 1086 jus
718 993 798 1063 illud
827 1015 892 1062 non
918 1003 965 1062 est
993 993 1157 1063 inhaerens
1182 1003 1214 1064 et

100 1099 264 1168 essentiale
287 1109 441 1192 potestate
462 1101 587 1170 ordinis
609 1101 811 1193 episcopalis,
834 1123 910 1170 curn
931 1101 1032 1192 possit
1046 1100 1163 1192 aliquis
1179 1103 1213 1170 in

99 1206 293 1300 Episcopum
322 1219 526 1280 consecratus
555 1211 683 1280 nullum
712 1210 831 1280 habere
855 1209 911 1302 jus
940 1212 974 1278 in
999 1209 1066 1278 ulle
1096 1210 1213 1279 mundi

100 1313 238 1400 diocesi,
262 1325 299 1384 nt
316 1325 431 1386 notum
446 1327 504 1388 cst.
522 1317 596 1386 Non
618 1319 721 1409 magis
741 1328 790 1386 est
808 1317 973 1388 inhaerens
992 1325 1024 1386 et
1042 1317 1212 1386 essentiale

96 1421 316 1511 jurisdictione
348 1427 535 1518 episcopali,
570 1437 605 1496 ot
635 1437 745 1496 tenent
786 1427 1003 1496 communiter
1042 1435 1209 1514 suctoras3

99 1529 182 1620 quod
209 1554 268 1600 nos
290 1532 369 1600 olibi
397 1535 620 1624 probabimus,
646 1543 676 1602 et
702 1533 790 1627 quod
811 1533 887 1602 inde
911 1533 988 1602 satis
1009 1541 1106 1625 petet,
1124 1533 1212 1626 qnod

97 1638 148 1726 jus
174 1639 354 1708 collationis
376 1642 538 1732 pertinere
560 1642 661 1732 possit
675 1664 739 1710 non
757 1641 863 1710 solum
885 1639 926 1708 ad
940 1641 1094 1732 capitula,
1109 1642 1165 1709 sed
1181 1652 1212 1710 et

98 1746 136 1814 ad
160 1747 278 1832 laicos3
305 1750 364 1840 qni
391 1759 475 1817 certe
502 1749 544 1818 ob
565 1749 661 1818 talem
677 1750 861 1818 facultatem
874 1747 1108 1840 jurisdictionis
1127 1751 1212 1841 epis-

99 1854 217 1944 copalis
243 1856 424 1925 essentialia
449 1857 566 1926 bahem
589 1858 722 1926 minime
747 1857 811 1926 dici
834 1867 979 1949 possunt.
1006 1859 1166 1926 Praeterea
1185 1860 1212 1926 si

95 1961 145 2051 jus
168 1964 348 2034 collationis
375 1966 509 2035 haberet
530 1967 709 2059 Episcopus
737 1989 779 2036 ex
804 1969 875 2058 ipsa
900 1990 959 2036 sua
984 1966 1211 2058 jurisdictione

97 2073 278 2164 episcopali,
307 2095 382 2142 cnm
407 2074 468 2142 ista
487 2075 671 2166 jurisdictio
693 2076 829 2167 possita
852 2075 940 2166 Papa
956 2075 1122 2164 restringi,
1145 2076 1210 2143 imo

97 2179 218 2267 attolli,
236 2189 343 2270 posset
361 2191 393 2250 et
412 2204 432 2249 a
452 2205 581 2251 summo
595 2182 752 2252 Pontifice
775 2183 898 2273 privari
918 2181 1097 2273 Episcopus
1120 2183 1211 2249 omni

95 2285 164 2374 jure
199 2286 308 2378 quoad
337 2288 573 2357 beneficiorum
609 2289 824 2358 collationem.
859 2287 894 2356 Si
929 2297 1037 2356 autem
1071 2299 1211 2380 nequeat

96 2393 271 2486 Episcopus
301 2394 363 2463 sibi
393 2396 559 2464 vindicare
585 2396 641 2488 jus
673 2396 778 2464 ullum
808 2393 1027 2486 independens
1055 2395 1211 2464 beneficia

95 2502 292 2590 conterendi,
315 2502 372 2571 sed
392 2513 519 2572 tantum
538 2503 592 2594 jus
609 2503 672 2571 sibi
688 2527 707 2572 a
722 2504 795 2592 lege
808 2512 840 2571 et
853 2525 873 2570 a
888 2525 1041 2594 suprema
1056 2503 1208 2572 Ecclesiae

96 2618 246 2698 potestate
272 2610 461 2680 concessum
485 2620 517 2680 ct
544 2619 713 2699 statutum,
740 2611 901 2680 slortiori
915 2633 1020 2702 neque
1039 2612 1073 2680 id
1094 2612 1211 2703 poterit

97 2716 178 2786 ullus
201 2717 285 2786 alius
304 2719 440 2788 clericus
466 2718 517 2787 vel
538 2719 650 2788 laicus.
669 2719 757 2810 Ergo
781 2720 925 2804 tandem,
944 2718 1007 2786 nisi
1020 2719 1210 2789 admittatur

96 2846 240 2895 summus
266 2826 420 2896 Pontifex
446 2835 601 2919 tanquam
627 2850 799 2918 supremus
827 2829 989 2896 bonorum
1015 2829 1210 2898 ecclesiasti-

95 2953 201 3000 corum
236 2933 490 3020 administrator,
524 2935 633 3004 nullus
660 2936 721 3004 erit
755 2957 929 3026 supremus
958 2946 1014 3003 aut
1044 2937 1210 3026 legitimus

96 3037 278 3130 hujusmodi
302 3042 464 3110 bonorum
486 3043 781 3112 administratorio
797 3042 948 3111 Ecclesia.
968 3044 1062 3125 Quod
1078 3069 1209 3114 consec-

96 3149 208 3216 tarium
235 3171 309 3216 curn
330 3150 467 3218 cornino
490 3159 661 3242 repugnet,
693 3173 822 3218 summo
849 3151 1000 3220 Pontifici
1029 3156 1208 3222 necessario

96 3253 263 3324 tribuenda
277 3263 325 3324 est
338 3255 394 3323 illa
408 3257 448 3325 de
463 3279 528 3347 qna
543 3257 711 3348 loquimur
732 3267 881 3348 potestas.

136 3365 301 3434 Probatur
316 3371 333 3436 3
349 3405 393 3418 -
408 3369 463 3436 Ex
489 3390 525 3436 eo
549 3367 638 3458 quod
658 3389 806 3436 summus
823 3367 977 3457 Pontifex
995 3368 1037 3436 sit
1056 3371 1207 3440 Ecclesia

97 3473 281 3541 monarcho.
300 3475 537 3563 -Diligenter
558 3484 606 3543 est
628 3475 863 3544 advertendum
885 3476 969 3543 bona
993 3475 1143 3544 Ecclesia
1166 3477 1206 3545 ad

98 3579 214 3648 nullius
239 3578 380 3648 hominis
405 3580 591 3649 dominium
619 3583 806 3673 pertinere:
825 3590 902 3649 sunt
923 3581 1010 3650 enim
1032 3582 1118 3651 tana
1140 3585 1206 3653 Deo

97 3686 208 3776 dicatu,
225 3697 256 3757 et
269 3690 420 3760 Ecclesiae
436 3691 528 3772 dsta;
544 3713 603 3760 nec
617 3691 802 3760 dicerentur
816 3690 1038 3778 ecclesiastica,
1055 3692 1082 3758 si
1099 3693 1133 3759 in
1147 3693 1207 3778 aa

98 3795 229 3867 minium
268 3797 406 3890 alicujus
442 3798 584 3867 hominis
622 3799 821 3867 transissent.
859 3797 1021 3867 Dixerunt
1055 3801 1206 3891 equidem

97 3904 240 3972 nonnulli
264 3905 407 3997 theologi
431 3928 598 3976 summurn
621 3907 811 3974 Pontificem
827 3927 896 3973 esse
910 3906 1028 3974 horum
1043 3907 1205 3978 bonorum

98 4010 264 4082 caminum
272 4037 285 4095 ;
309 4013 365 4082 sed
386 4015 508 4084 dicturo
524 4013 606 4084 illud
623 4035 687 4082 non
703 4036 772 4082 esse
794 4013 903 4082 stricte
919 4035 1017 4083 sensu
1032 4015 1206 4087 admitten-

100 4119 172 4187 dum
202 4143 302 4212 supra
331 4121 484 4190 vidimus.
514 4123 545 4189 Α
574 4120 701 4192 fortiori
728 4133 837 4189 antem
860 4121 972 4190 nullus
992 4123 1075 4191 alius
1089 4137 1208 4216 prater

102 4225 216 4320 Papam
247 4228 364 4320 peterit
390 4229 574 4298 dominium
604 4229 721 4298 horum
753 4229 914 4300 bonorum
939 4231 1001 4298 sibi
1029 4234 1204 4307 vindicare.

1013 4347 1052 4406 ‘20
