3022 4950
244 491 283 557 ta
596 511 772 559 rnrcrmoa
794 511 832 558 aa
854 507 1008 560 ramanus

285 655 390 722 Aucta
414 651 490 722 dein
504 653 656 740 'civitate
682 661 715 722 et
734 653 855 749 populo
883 654 916 723 in
940 658 981 722 30
1009 661 1117 747 partes
1138 655 1259 745 diviso,
1284 677 1359 749 qua

241 763 341 834 curiae
369 762 538 856 appellatae
561 773 651 852 suut,
667 764 709 832 ab
729 765 800 857 ipso
814 764 971 854 Romulo,
997 766 1125 836 civibus
1140 790 1199 859 per
1219 771 1260 836 30
1284 791 1361 837 suas

238 873 346 942 curias
360 871 555 958 convocatis,
572 880 668 941 certae
689 871 790 962 leges,
805 873 943 942 comate
964 882 1135 966 propterea
1156 875 1267 964 dietae,
1282 898 1361 944 san·

239 983 311 1051 citae
334 990 430 1069 sunt;
451 1003 533 1074 quas
558 988 668 1072 postea
686 980 797 1051 Numa
820 982 1006 1075 Pompilius
1026 992 1059 1052 et
1077 985 1187 1054 cartam
1208 985 1358 1077 ejusdem

239 1112 437 1160 successores
449 1096 627 1176 auxemnt,
645 1089 733 1157 unde
748 1098 780 1158 et
794 1091 893 1180 rapiar
910 1099 1031 1160 vocata
1047 1101 1135 1162 aunt.
1154 1091 1218 1161 Eas
1231 1099 1359 1185 tempo·

238 1201 330 1268 ribus
344 1198 515 1291 Tarquinii
529 1199 563 1267 in
589 1220 693 1267 unum
713 1197 870 1268 volumen
896 1200 1025 1290 collegit
1050 1199 1170 1269 Sextus
1193 1201 1357 1294 Papirius,

236 1331 310 1401 quea
341 1308 486 1378 collectio
512 1316 682 1401 propterea
706 1307 798 1398 juris
827 1307 932 1377 dailei
957 1310 1130 1401 Papiriani
1159 1333 1280 1379 nomen
1305 1311 1358 1379 in·

238 1421 320 1491 duit.

280 1530 434 1623 Expulais
454 1528 598 1618 regibus,
628 1527 765 1597 arbuto
789 1539 867 1599 sunt
893 1537 925 1600 et
950 1528 1038 1620 leges
1062 1531 1146 1615 ista,
1169 1531 1357 1624 iterumque

236 1640 427 1735 aliquandiu
456 1641 598 1733 populus
629 1639 799 1710 Romanus
830 1641 954 1711 incerto
984 1643 1080 1734 jure,
1111 1642 1356 1713 consuetudinis

236 1759 364 1820 tantum
379 1771 461 1839 vago
477 1746 653 1818 dictamine
666 1746 809 1818 ducctus
823 1757 883 1820 est.
909 1749 1004 1833 Quod
1026 1773 1103 1821 cum
1128 1751 1356 1844 tranquillitati

237 1856 375 1950 publicae
403 1855 490 1927 haud
511 1877 629 1948 parum
654 1846 991 1942 noceret,‘decretom
1017 1866 1065 1927 est
1084 1859 1259 1929 mittendos
1282 1859 1355 1928 idn·

237 1987 313 2034 neos
343 1965 431 2034 viros
465 1963 525 2055 qni
560 1963 601 2031 de
632 1971 865 2033 extranearum
892 1965 1040 2056 gentium
1071 1965 1199 2056 legibus
1230 1967 1355 2058 optima

236 2094 375 2166 quaeque
400 2070 601 2162 colligerent.
628 2071 721 2140 Missi
748 2094 827 2163 ergo
847 2072 889 2142 ad
912 2073 1000 2142 hunc
1019 2073 1121 2142 finem
1142 2075 1176 2141 in
1190 2074 1353 2143 Graeciam

236 2180 300 2250 viri
313 2181 439 2249 decem.
465 2176 528 2260 Qui
551 2177 673 2248 reversi
692 2185 858 2247 mutuatas
881 2201 901 2247 a
921 2179 1045 2248 Graecis
1063 2181 1152 2270 leges
1175 2180 1352 2250 incertum

234 2287 384 2358 ordinem
400 2286 487 2354 intra
515 2285 594 2352 anni
619 2285 762 2376 apetium
789 2284 994 2378 disposuere;
1025 2295 1057 2356 et
1086 2281 1182 2356 lacta'
1198 2288 1353 2356 omnibus

233 2393 426 2489 inspiciendi
452 2401 483 2462 et
503 2392 657 2462 censendi
677 2399 846 2484 potestate,
871 2393 959 2484 leges
973 2395 1019 2462 sic
1032 2394 1196 2486 disposita
1212 2395 1350 2484 choreis,

234 2512 291 2574 ant
318 2504 366 2596 (ut
391 2500 582 2588 teruntalii)
610 2500 704 2568 aereis
719 2499 837 2568 tabulis
852 2501 964 2570 decem
981 2501 1093 2570 incisae
1110 2510 1196 2571 sunt.
1226 2503 1352 2585 Quibus

233 2634 310 2681 cum
325 2607 449 2700 aliquid
476 2611 586 2676 deesse
611 2606 939 2690 animadverteretur,
955 2607 1031 2677 duae
1052 2609 1125 2678 aliae
1141 2609 1261 2679 tabulae
1275 2621 1351 2679 sunt

231 2718 363 2788 additae.
382 2716 423 2783 Et
435 2714 508 2783 haec
522 2721 598 2782 sunt
613 2713 749 2782 famosa
765 2712 831 2781 illa
847 2713 1017 2784 duodecim
1036 2715 1228 2784 tabularum
1248 2715 1348 2807 leges,

229 2848 310 2919 quas
324 2823 439 2893 Livius
452 2821 485 2910 (l.
503 2824 536 2907 3,
553 2843 581 2889 c.
602 2821 654 2909 34)
670 2820 794 2889 iontem
810 2822 919 2890 curnis
931 2823 1055 2914 publici
1071 2823 1255 2916 privatique
1265 2825 1350 2916 juris

232 2944 263 3004 et
277 2931 466 3002 absolutum
482 2951 601 3021 corpus
613 2927 723 2997 omnis
737 2930 864 2998 romani
882 2930 967 3021 juris
981 2931 1140 3022 appeliat;
1167 2941 1199 2999 et
1222 2933 1346 3022 Cicero,

231 3043 294 3112 snb
307 3059 445 3132 persona
459 3037 569 3106 Crassi
582 3035 618 3128 (l.
641 3039 672 3122 1,
690 3035 730 3104 de
745 3035 894 3127 Oratore)
908 3037 1064 3106 omnibns
1077 3037 1348 3130 philosophorum

230 3145 434 3219 bibliothecis
445 3143 622 3235 anteponit.

274 3254 453 3326 Duodecim
492 3251 680 3320 tabularum
713 3251 840 3340 legibus
876 3273 942 3322 non
971 3275 1086 3322 omnes
1113 3256 1348 3347 comprehendi

228 3387 322 3436 casus
345 3363 501 3455 temporis
520 3383 671 3430 successu
697 3359 965 3429 animadversum
981 3374 1047 3447 est;
1072 3363 1159 3431 unda
1183 3365 1263 3456 ipsis
1286 3359 1347 3434 a'd-

225 3477 319 3570 jectae
350 3481 427 3542 sunt
448 3470 757 3562 jurisconsultorum
783 3469 938 3561 quaedam
965 3471 1245 3563 interpretationes
1270 3497 1344 3565 quaa

223 3586 283 3678 jus
294 3583 386 3652 civile
397 3579 567 3649 communi
583 3578 717 3648 nomine
732 3577 827 3646 dictae
843 3588 931 3646 sunt.
950 3579 1009 3647 Hae
1026 3578 1173 3671 quidem*
1185 3581 1346 3676 interpre-

228 3693 367 3762 tationes
380 3711 438 3782 per
460 3711 494 3756 se
515 3688 585 3755 vim
606 3686 691 3778 juris
710 3708 775 3753 non
801 3685 987 3765 habebant;
1016 3687 1112 3755 tacito
1132 3699 1242 3758 tamen
1266 3711 1344 3758 con·

228 3825 324 3872 sensu
340 3799 492 3868 abierunt
503 3796 538 3864 iu
551 3817 667 3865 mores.

270 3911 352 3981 Dein
378 3907 419 3976 ad
453 3904 739 3975 determinandum
768 3905 905 3974 modum
935 3905 1129 3995 procedendi
1155 3906 1191 3973 in
1213 3907 1345 3998 judiciis

226 4017 425 4115 praeacriptae
452 4021 529 4081 aunt
552 4012 713 4081 solemnes
736 4013 890 4082 formulae
916 4035 992 4104 qua
1019 4013 1159 4092 actiones
1179 4015 1257 4105 lepis
1287 4038 1343 4084 seu

227 4126 381 4220 leqitime
395 4121 537 4191 colunes
551 4117 648 4188 dictae
663 4127 751 4190 sunt.

271 4234 539 4328 Supervenemnt
548 4227 732 4319 plebiscita,
749 4250 807 4296 seu
822 4231 944 4298 sancita
960 4231 1074 4323 plebis.
