3022 4950
578 431 661 476 auara
681 431 834 478 canonici.
1226 417 1260 480 ll

151 567 245 636 sicuti
259 579 319 655 est,
335 577 370 638 nt
382 569 563 640 intellectus
572 571 671 662 possit
685 572 774 641 illam
788 573 964 664 percipere.
980 574 1068 662 Ergo
1081 575 1171 644 nulla
1184 574 1266 643 obli-

153 676 240 763 gatio
266 677 470 748 constituitur
495 702 551 770 per
571 679 683 748 lumen
705 681 852 750 naturale
877 679 1022 750 rationis.
1045 681 1133 770 Ergo
1155 682 1265 750 lumen

153 785 300 854 naturale
314 788 450 856 rationis
466 810 532 857 non
545 797 593 858 est
610 788 807 881 principium
823 789 924 858 ullius
941 789 1161 879 obligationis,
1178 813 1267 858 neca

154 891 279 962 fortiori
294 895 488 986 primarium
505 895 590 987 juris
606 897 839 989 cujuscumque
852 897 1062 988 principium.
1080 899 1206 966 Verum
1220 905 1268 965 est

155 999 304 1092 equidem
326 1001 432 1092 legem
457 1025 514 1072 sen
534 1004 776 1094 obligationem,
801 1026 867 1072 non
898 1026 1014 1094 urgere
1034 1026 1140 1096 neque
1166 1004 1268 1094 ligare

21 1113 23 1204 l
154 1109 381 1178 conscientiam
400 1111 463 1178 nisi
482 1121 711 1202 cognoscatur;
736 1111 792 1180 sed
811 1111 893 1180 illud
916 1112 1032 1202 probat
1049 1111 1266 1201 cognitionem

152 1216 235 1306 legis
252 1219 388 1310 requiri,
405 1229 442 1288 ut
455 1220 610 1310 obligatio
632 1221 860 1290 conscientiam
876 1222 1024 1312 attingat,
1049 1243 1115 1289 uon
1136 1243 1214 1290 vero
1233 1230 1270 1289 ut

151 1325 207 1394 lex
221 1327 350 1396 existat.
367 1329 408 1395 Et
422 1326 552 1398 tandem
564 1329 617 1398 lex
632 1353 690 1398 seu
702 1329 856 1420 obligatio
868 1330 936 1422 jam
951 1339 1017 1399 tota
1035 1331 1208 1398 constituta
1221 1339 1268 1398 est

153 1443 184 1502 et
199 1435 309 1504 existit
319 1443 493 1528 autequam
506 1425 737 1526 cognoscatnr3
754 1459 833 1527 ergo
847 1461 912 1506 non
927 1439 1000 1506 lluit
1010 1460 1049 1505 ex
1063 1437 1246 1527 cognitione
1258 1465 1267 1524 ;

153 1565 232 1634 ergo
255 1545 337 1615 ratio
355 1547 510 1637 primaria
533 1547 769 1637 obligationum
789 1546 922 1616 aliunde
941 1570 1040 1640 quam
1064 1569 1106 1616 ex
1129 1547 1269 1615 naturali

143 1641 289 1722 ¹rationis
304 1655 427 1724 lumine
439 1654 614 1747 repetenda
628 1664 687 1724 est.

198 1760 384 1832 Paoaosrmo
404 1767 447 1832 l'.
464 1801 508 1815 -
522 1765 634 1855 Neque
648 1763 842 1832 conscientia
858 1775 904 1831 est
912 1762 1119 1855 primarium
1142 1761 1267 1853 obliqu-

157 1871 285 1938 tionum
293 1871 512 1964 principium.
530 1911 575 1925 -
593 1873 677 1942 Nam
697 1872 892 1942 conscientia
906 1872 988 1940 nibil
1003 1872 1092 1941 aliud
1108 1881 1156 1940 est
1169 1893 1268 1963 quam

156 1979 293 2068 ipsemet
318 1979 499 2049 intellectus
528 1989 688 2073 quatenus
710 1981 860 2071 judicans
887 1980 1011 2072 aliquid
1036 2003 1105 2049 esse
1130 1980 1267 2066 licitum,

157 2086 246 2156 aliud
259 2110 338 2158 vero
353 2089 503 2158 illicitum
524 2098 555 2156 et
575 2089 755 2180 culpabile;
779 2089 869 2182 atqui
883 2112 925 2158 ex
947 2089 1165 2181 propositione
1181 2111 1270 2180 prae-

157 2195 283 2264 cedenti
302 2197 483 2268 intellectus
506 2221 572 2266 non
599 2199 764 2267 constituit
785 2197 998 2268 moralitatem
1020 2208 1151 2268 actuum
1172 2221 1270 2290 quam

157 2305 305 2396 percipit,
322 2305 378 2374 sed
391 2305 481 2374 illam
495 2305 719 2398 praesupponit
728 2333 738 2394 3
762 2327 821 2374 nec
842 2305 1070 2394 obligationem
1087 2306 1165 2374 facit
1180 2305 1272 2374 exis-

158 2419 237 2496 tere,
249 2412 304 2480 sed
312 2413 379 2504 jam
390 2414 581 2482 existentem
592 2415 739 2502 agnoscit
751 2441 758 2492 ς
772 2435 850 2502 ergo
865 2435 970 2504 neque
984 2414 1176 2483 conscientia
1189 2415 1271 2482 obli-

159 2520 302 2610 gationes
316 2523 508 2590 constituere
521 2521 658 2590 dicenda
669 2530 727 2606 est,
745 2521 800 2589 sed
809 2521 877 2613 jam
890 2522 1079 2591 constitutas
1092 2523 1272 2612 intelligere

160 2639 190 2698 et
208 2630 410 2718 discernere3
438 2653 517 2720 ergo
534 2653 601 2700 non
625 2639 672 2700 est
687 2631 921 2722 obligationum
936 2631 1018 2702 ratio
1034 2641 1065 2702 et
1079 2631 1271 2724 primarium

160 2740 359 2832 principium

204 2851 387 2921 Pacensuro
404 2857 446 2919 5¹.
473 2891 517 2904 -
535 2856 648 2946 Neque
664 2855 868 2946 primarium
889 2854 1129 2944 obligationum
1148 2854 1273 2947 priuci-

158 2960 254 3051 pium
266 2971 312 3027 est
324 2961 397 3053 ipsa
413 2972 534 3028 natura
543 2961 694 3029 humana
706 2962 866 3030 inclinans
876 2961 922 3030 ad
932 2961 1137 3030 damnandos
1146 2963 1274 3054 aliquos

160 3081 251 3137 actus
264 3082 426 3161 tunquam
435 3093 573 3162 pravos,
588 3084 618 3138 et
632 3071 679 3140 ud
691 3071 875 3140 laudandos
888 3072 971 3140 ulios
986 3086 1145 3164 tauquam
1162 3095 1274 3140 mora-

160 3177 234 3247 liter
249 3179 356 3246 douos.
374 3217 418 3230 -
428 3179 512 3248 Nam
527 3179 589 3248 isla
604 3181 761 3249 naturalis
776 3181 951 3272 propensio
967 3203 1032 3249 non
1051 3179 1195 3272 procedit
1209 3181 1275 3248 uisi

162 3308 201 3354 ex
222 3286 294 3376 ipso
313 3286 517 3354 conscientiae
538 3286 723 3374 dictamine,
745 3311 803 3356 seu
827 3288 988 3378 exipsius
1003 3287 1275 3379 intellectusper-

162 3395 317 3485 ceptione.
336 3394 439 3464 Porro
455 3394 638 3463 intellectas
658 3396 863 3486 agnoscendo
878 3396 1002 3488 aliquos
1018 3405 1107 3464 actus
1121 3404 1274 3488 tanquam

162 3500 335 3593 culpabiles
350 3509 382 3570 et
394 3503 628 3592 obligationem
644 3503 716 3571 illos
734 3501 874 3590 vitandi,
897 3525 963 3571 non
979 3503 1145 3571 constituit
1167 3503 1278 3594 eulpa-

160 3608 318 3678 bilitalem
334 3633 391 3679 seu
413 3611 572 3680 malitiam
594 3610 714 3679 horum
734 3618 877 3698 actuum,
903 3633 961 3678 nac
980 3610 1212 3700 obligationem
1237 3611 1278 3680 ab

161 3719 210 3785 cis
224 3718 423 3807 abstinendi3
440 3741 519 3810 ergo
533 3742 591 3789 uec
606 3717 772 3788 inclinatio
789 3717 957 3786 naturalis.

205 3825 283 3894 Haee
308 3848 387 3896 vero
409 3826 575 3918 praecipua
595 3833 672 3894 sunt
691 3825 947 3894 acatholicorum
972 3833 1157 3916 systemata.
1185 3827 1279 3896 Nunc

161 3933 375 4024 expendenda
386 3935 500 4026 opinio
513 3957 586 4026 quae
600 3934 635 4001 in
650 3933 813 4002 intellectu
835 3935 887 4003 vel
903 3934 1066 4005 voluntate
1082 3935 1197 4006 divina
1211 3939 1278 4028 pri-

164 4042 299 4110 mariam
313 4041 549 4133 obligationum
566 4041 725 4110 rationem
741 4043 879 4133 reponit.

207 4147 394 4220 Paorosrrro
411 4154 453 4220 θ’.
469 4189 513 4204 -
527 4151 733 4220 Primorium
748 4151 985 4242 obligationum
995 4153 1199 4244 principium
1213 4176 1278 4222 uon
