3068 4948
617 495 701 540 rutus
723 494 873 540 cruorum.
1243 473 1305 538 tutu

190 629 225 703 in
239 634 392 704 clericum
418 633 602 724 erogandis.
622 639 655 702 2⁰
677 634 832 727 Ejusdem
854 634 1014 703 facultatis
1028 633 1307 726 participationem

190 741 225 810 in
251 743 374 834 aliquot
399 743 591 812 Cardineles
607 743 806 812 redundasse
825 795 877 828 ...,
895 743 1088 811 concedente
1103 741 1270 812 Pontifiee.
1289 767 1304 804 s

191 852 328 940 (Auctor
341 873 440 942 supra
456 852 560 920 citatae
578 851 821 920 Dissertationis
833 852 1013 944 polonica,
1031 875 1062 942 p.
1085 853 1150 940 tt.)

236 962 273 1028 iu
289 960 424 1050 epistola
440 982 517 1030 vero
530 963 584 1047 22,
608 960 797 1029 Alexandro
813 960 857 1028 111
872 959 1017 1028 scribens
1032 959 1072 1028 de
1087 959 1228 1052 quodam
1244 960 1309 1026 cle-

191 1068 271 1153 rico,
295 1069 340 1134 sic
364 1067 460 1136 hebet
481 1067 567 1135 idem
592 1069 806 1136 Tornecensis
827 1067 1030 1158 Episcopus:
1051 1067 1222 1136 Credimus
1235 1089 1310 1135 eum

191 1175 346 1244 idoneum
360 1178 418 1267 qui
430 1178 482 1245 uel
495 1177 530 1244 iu
546 1177 780 1256 Aurelianensi,
800 1175 851 1242 uel
863 1175 898 1242 io
913 1175 982 1242 alia
991 1174 1136 1243 Ecclesia
1147 1175 1310 1265 stipendia

191 1284 350 1351 canaitica
366 1296 541 1351 mereatur.
561 1283 642 1364 Quae
657 1282 801 1374 profecto
815 1282 914 1351 verba
926 1289 1115 1374 supponunt
1125 1281 1309 1370 generalem

193 1393 293 1484 hujus
316 1397 470 1488 temporis
488 1397 729 1489 persuasionem
751 1395 790 1462 dc
810 1403 964 1486 potestate
984 1393 1125 1462 Romani
1146 1391 1311 1460 Pontificio

192 1502 352 1572 beneficia
365 1504 565 1574 conferendi.

238 1611 303 1678 Nec
325 1611 452 1680 dicatur
479 1611 668 1703 hujusmodi
684 1611 867 1679 testimonia
893 1611 993 1679 tribui
1009 1631 1101 1701 posse
1116 1610 1309 1699 ignorantia

193 1717 292 1810 hujus
308 1719 385 1805 aevi,
401 1730 458 1788 aut
471 1720 627 1789 adulandi
641 1719 760 1788 studio.
779 1720 861 1788 Nam
878 1719 914 1787 in
928 1720 1000 1786 aliis
1018 1718 1166 1810 ejusdcm
1182 1719 1311 1786 Torna-

193 1827 298 1895 censis
311 1829 461 1920 Episcopi
477 1828 620 1920 epistolis
635 1829 726 1919 (tte,
747 1830 820 1910 127,
840 1831 913 1917 128)
929 1826 1093 1918 abaliquo
1108 1851 1127 1895 a
1142 1825 1311 1895 Pontifici-

192 1935 256 2003 bus
273 1936 430 2004 Romauis
451 1937 485 2003 iu
507 1936 691 2005 Turonensi
716 1935 886 2028 metropoli
908 1937 1074 2021 innovata,
1103 1935 1311 2026 reperiuntur

194 2069 261 2114 uon
276 2069 389 2137 pauca,
415 2067 481 2114 non
502 2047 602 2114 libere
618 2055 755 2133 tantum,
775 2045 829 2113 sed
846 2041 943 2113 etiam
960 2044 1109 2113 ferociter
1124 2044 1252 2134 scripta.
1272 2044 1312 2110 Et

193 2153 282 2220 idem
300 2152 409 2221 videre
425 2163 472 2220 est
489 2153 522 2220 in
540 2157 602 2220 238
621 2155 732 2222 lvonis
747 2153 787 2221 ad
802 2153 989 2221 Paschalem
1003 2153 1034 2219 11
1047 2152 1192 2244 epistola.

240 2267 345 2350 Quam
372 2266 531 2356 generalis
557 2277 588 2334 et
612 2275 699 2333 certa
720 2274 802 2332 esset
829 2263 914 2331 dicta
935 2263 1115 2355 persuasio,
1139 2262 1313 2332 ostendunt

195 2383 353 2464 preterea
378 2374 564 2466 principum
590 2375 736 2464 ipsorum
762 2370 803 2439 ad
828 2372 1014 2439 Romanum
1041 2369 1231 2438 Pontificem
1260 2392 1313 2438 re·

195 2504 323 2566 cursus,
353 2489 390 2548 ut
413 2481 467 2549 ille
494 2482 668 2572 imperaret
695 2480 756 2548 tale
783 2479 834 2548 vel
859 2479 921 2546 tale
945 2477 1141 2546 beneficium
1158 2478 1232 2546 huic
1258 2488 1314 2547 aut

195 2593 249 2660 isti
265 2593 416 2660 conferri.
434 2593 528 2662 Certe
544 2591 730 2660 Alexander
744 2592 801 2675 111,
829 2590 1023 2658 instantibus
1042 2612 1117 2679 rege
1133 2589 1311 2658 Galliarum

195 2701 362 2772 Ludovico
381 2703 457 2788 VH,
478 2711 509 2770 et
529 2701 656 2792 Regina
669 2701 807 2792 aliisque
831 2699 1049 2790 magnatibus,
1067 2699 1208 2791 capitulo
1221 2699 1314 2766 Pari·

195 2811 294 2878 sicnsi
327 2811 480 2901 praecepit
510 2809 720 2899 praebendam
755 2806 930 2899 quamdam
960 2807 1134 2874 Meldensis
1163 2806 1314 2898 Episcopi

196 2919 305 3010 nepoti
327 2917 482 3003 conferri,
508 2928 544 2984 ut
567 2918 677 2985 videre
699 2917 801 2984 estin
822 2917 924 3006 ipsius
943 2916 1077 3007 epistola
1094 2919 1166 2982 loc.
1186 2913 1314 2982 Scribe-

195 3030 250 3096 bat
265 3028 307 3097 ad
323 3028 453 3116 Angliae
467 3027 590 3116 Regem
604 3026 753 3095 Clemens
770 3026 817 3095 vt
835 3057 841 3092 :
859 3025 1123 3114 Mapuitudiaem
1142 3036 1237 3091 tuam
1260 3025 1274 3090 l
1294 3061 1316 3074 -

197 3150 264 3205 tere
285 3159 351 3203 nort
372 3134 544 3216 credimus,
567 3157 625 3202 uec
644 3158 665 3202 a
687 3147 745 3201 tua
762 3135 922 3201 meritoria
937 3132 1100 3214 excidisse,
1123 3132 1212 3223 quod
1226 3132 1316 3199 nobis

192 3266 257 3334 pro
276 3242 546 3310 recreationibus
562 3241 645 3310 inibi
661 3240 821 3333 faciendis
836 3240 1000 3332 aliquibus
1010 3239 1123 3330 feceris
1137 3239 1319 3330 supplicari

201 3349 311 3442 (Apud
336 3348 544 3440 Raynaldum
563 3348 604 3417 ed
628 3373 705 3416 ann.
727 3353 823 3430 1344,
843 3371 875 3415 n.
896 3351 939 3436 7).
958 3347 1074 3416 loanni
1091 3347 1120 3412 ΙΙ
1136 3345 1315 3414 Galliarum

197 3459 268 3548 regi
287 3457 408 3548 petenti
431 3455 586 3524 concessit
608 3457 815 3524 Innocentius
835 3456 881 3524 IV
903 3454 1069 3522 indultum
1090 3453 1136 3522 ad
1158 3465 1316 3521 vacaturo

198 3567 232 3633 iu
252 3569 293 3631 25
315 3563 408 3653 requi
427 3563 479 3632 sui
499 3561 741 3631 cathedralibus
757 3576 788 3631 et
804 3563 983 3653 collepiatis
999 3561 1134 3629 ecclesiis
1150 3559 1249 3651 (Vide
1265 3562 1318 3628 in-

198 3673 327 3741 dultum
362 3671 450 3761 apud
487 3670 706 3739 Glossetorem
743 3671 953 3761 pragmatica
980 3669 1178 3757 sanctionis).
1218 3669 1318 3736 loen-

197 3803 255 3848 nes
276 3779 447 3850 xx111au
474 3783 512 3846 50
535 3777 692 3847 beneficia
709 3779 764 3868 jus
786 3776 974 3846 nominandi
994 3777 1089 3846 Carlo
1111 3777 1158 3846 Vl
1172 3776 1319 3845 attribuit

201 3889 343 3980 (Rullum
370 3889 481 3955 recitat
501 3887 546 3956 du
566 3887 675 3974 Titler,
701 3897 791 3978 perte
808 3913 829 3975 1,
847 3911 879 3978 p.
900 3889 988 3978 tet).
1005 3887 1095 3974 Haec,
1112 3908 1152 3954 er
1169 3886 1319 3978 plurimis

196 4019 312 4088 pauca,
334 3995 427 4087 plene
448 3995 612 4064 sufficiunt.
631 3995 671 4063 ed
693 3993 894 4086 probandam
917 3995 957 4062 dc
981 4001 1134 4084 potestate
1155 3993 1320 4084 pontificia

198 4102 393 4193 praebendas
408 4102 595 4171 conferendi
614 4104 866 4194 persuasionem.
889 4103 995 4193 Reges
1010 4103 1096 4170 enim
1113 4106 1245 4194 quando
1263 4126 1320 4171 vo-

199 4212 332 4279 lucrunt
350 4220 381 4280 et
401 4213 464 4302 ipsi
485 4213 644 4280 beneficia
665 4211 825 4298 conferre,
847 4233 905 4281 cur
926 4211 965 4280 nd
984 4211 1146 4280 indultum
1165 4213 1319 4280 obtinen-
