3050 4946
558 488 640 534 ruitis
663 489 816 536 canumet.

572 829 715 898 CAPUT
743 829 800 896 XI.

389 1059 426 1105 DE
450 1057 537 1106 sinuo
560 1058 685 1122 DIURNO‚
711 1058 830 1104 SAECULO
853 1057 984 1104 octavo.
1017 1075 1021 1084 ’

174 1321 426 1389 Panuornunnu.
450 1317 663 1408 -Exiguus
687 1317 819 1409 quidem
840 1317 894 1384 ille
917 1317 999 1386 liber
1020 1319 1077 1409 qui
1101 1319 1246 1388 niumas

130 1431 356 1496 Romanorum
372 1427 570 1510 Pontificum
584 1425 784 1512 inscribitur,
800 1425 856 1492 sed
871 1425 913 1492 ad
932 1449 1094 1494 summam
1109 1427 1248 1497 celebri-

130 1545 228 1604 tatem
257 1543 388 1604 evectus
413 1533 699 1622 decimoseptimo
725 1541 756 1599 et
780 1532 928 1623 sequenti
951 1534 1082 1619 saeculo,
1107 1543 1177 1603 tum
1205 1536 1247 1603 ob

129 1645 400 1712 documentorum
438 1663 511 1732 quae
550 1639 694 1708 continet
730 1642 943 1729 gravitatem,
979 1653 1047 1710 tum
1083 1644 1179 1713 etiam
1217 1655 1248 1713 et

129 1753 274 1819 maxime
289 1751 331 1819 ob
353 1771 560 1841 suppressam
580 1747 757 1816 editionem
776 1747 915 1838 primam
936 1772 1010 1840 quac
1033 1750 1147 1818 Roma
1164 1753 1246 1821 iacta

129 1860 247 1946 iuerat,
265 1869 296 1927 et
312 1859 478 1927 subortam
494 1856 570 1924 inde
593 1855 811 1947 suspicionem
825 1856 912 1946 apud
929 1857 1158 1946 Protestantes,
1169 1860 1247 1928 Jan-

130 1969 269 2037 senistas
290 1977 321 2036 et
342 1967 525 2036 Gallicanos
538 1965 709 2056 quosdam,
727 1966 761 2032 in
786 1965 941 2032 absconso
963 1964 1022 2032 hoe
1039 1974 1069 2033 et
1088 1967 1247 2038 latebroso

131 2075 240 2146 codice
260 2076 381 2144 eximia
401 2074 533 2143 recondi
553 2096 646 2140 arma
667 2071 708 2140 ad
732 2071 967 2162 profligandam
987 2095 1057 2140 eam
1074 2097 1172 2164 quarn
1187 2079 1249 2144 sibi

132 2186 281 2253 tribuunt
295 2183 435 2252 Romani
453 2182 625 2250 Pontifices
647 2181 886 2248 infallibilitatis
903 2181 1085 2271 praesertim
1103 2186 1248 2252 auctori-

132 2301 231 2360 tatem
251 2292 307 2382 (1)
325 2290 406 2359 Rem
422 2299 521 2357 totam
538 2289 590 2357 hic
612 2288 721 2379 paucis
741 2289 919 2372 narraturi,
936 2290 1164 2378 praemonitum
1181 2293 1248 2360 lec-

133 2409 237 2468 torem
268 2399 432 2482 volumus,
461 2419 518 2464 nos
547 2405 713 2464 secuturos
739 2395 903 2486 praecipue
930 2398 1119 2486 praeclaram
1144 2399 1249 2467 Patris

132 2507 292 2574 Zaccariae
314 2505 584 2588 dissertationem,
601 2526 699 2594 qnam
720 2502 821 2569 edidit
842 2504 875 2568 in
897 2525 956 2571 sua
976 2503 1177 2573 Bibliotheca
1201 2508 1249 2574 ri-

133 2616 221 2682 tuali
237 2614 326 2706 (tomi
342 2609 475 2681 secundi
491 2610 632 2678 secunda
648 2619 751 2702 parte,
769 2609 949 2678 dissertatio
965 2614 1000 2698 2,
1019 2635 1049 2703 p.
1067 2613 1152 2700 cclii,
1168 2616 1246 2686 edit.

133 2723 264 2807 Romae,
282 2721 393 2808 1781).
1186 2709 1190 2720 ’

181 2831 231 2897 Ad
254 2829 448 2896 vocabulum
469 2827 546 2894 libri
568 2825 687 2894 Diurui
710 2825 798 2916 quod
823 2827 949 2914 attinet,
964 2829 1094 2898 videtur
1112 2855 1150 2899 eo
1166 2841 1249 2902 tem-

134 2959 214 3029 pore
239 2959 305 3028 quo
329 2934 508 3024 descriptus
534 2941 592 3017 est,
619 2955 712 3001 voces
736 2932 874 3001 diurnus
900 2941 931 3002 et
954 2936 1165 3027 quotidianus
1191 2965 1251 3032 pro

135 3047 329 3138 synonymis
360 3045 460 3112 fuisse
489 3051 680 3133 usurpatas3
708 3043 795 3133 quod
821 3065 862 3111 ex
888 3045 1002 3112 eodem
1028 3047 1112 3116 libro
1135 3061 1246 3141 patet:

136 3179 213 3224 uam
239 3177 309 3246 cap.
338 3158 370 3240 7,
399 3151 574 3240 Privilegio
604 3155 642 3218 13
671 3151 863 3242 (secundum
891 3153 1038 3222 Garuerii
1063 3158 1249 3250 editionem)

136 3266 184 3333 sie
207 3264 327 3353 legitur
350 3290 357 3329 :
380 3260 506 3330 dirimis
529 3273 648 3328 sunctae
670 3259 850 3351 disciplinae
870 3263 1018 3352 precibus
1040 3263 1249 3352 decorandos,

170 3571 203 3630 (t)
221 3566 321 3621 Dictum
338 3565 401 3616 mihi
420 3565 522 3615 Parisiis
534 3565 668 3626 (verumne
683 3579 715 3614 an
729 3565 831 3626 falsum,
844 3579 896 3615 non
917 3565 980 3615 mihi
1000 3567 1085 3618 adhuc
1099 3567 1174 3631 piene
1192 3583 1253 3620 cou-

137 3653 206 3710 stat),
219 3649 296 3713 paulo
312 3653 370 3711 post
383 3650 553 3710 expugnatam
568 3649 594 3694 et
609 3649 761 3708 occupatam
783 3645 889 3694 Romam
903 3659 919 3694 a
932 3647 1046 3708 generati
1063 3649 1173 3699 miiitum
1188 3651 1254 3702 duce

138 3731 260 3793 Oudinot‚
283 3731 394 3793 aliquem
418 3743 449 3778 cr
466 3727 589 3778 instuuto
613 3727 729 3778 Francius
742 3730 787 3790 (un
811 3728 927 3777 membre
951 3727 983 3777 de
1013 3728 1138 3794 t'tnstitotJ
1161 3733 1253 3783 eodem

138 3816 251 3877 venisse,
264 3818 290 3863 et
309 3813 430 3862 codicem
444 3811 651 3873 manuscriptum
667 3809 732 3858 titrr'
746 3811 839 3860 Diurni
859 3811 1060 3875 transcripsisse,
1076 3827 1107 3863 en
1126 3821 1212 3866 mente
1228 3823 1255 3869 ut

138 3911 200 3948 eum
212 3895 315 3946 Parisiis
330 3895 427 3955 ederet,
441 3893 564 3955 litemque
581 3890 675 3941 iterum
689 3897 815 3940 moveret.
835 3893 924 3942 luania
937 3897 1022 3943 autem
1040 3895 1187 3958 hujusmodi
1199 3913 1254 3950 rno-

138 3981 238 4041 timina,
253 3979 294 4026 vet
314 3992 344 4028 ex
364 3989 492 4041 perpensa
510 3975 660 4038 diligentius
679 3975 830 4038 quastione,
846 3977 886 4026 vei
910 3981 981 4026 corte
1002 3991 1033 4027 ex
1054 3993 1106 4029 non
1130 3981 1254 4034 defuturis

140 4057 360 4110 confutationibus
377 4056 434 4121 ipsa
457 4061 588 4120 agnoscat.
614 4056 775 4105 Parcendum
796 4060 882 4107 tamen
901 4059 957 4107 viro
984 4059 1062 4118 laico,
1081 4061 1106 4110 in
1125 4077 1153 4112 re
1171 4068 1255 4116 eccie-

139 4141 242 4191 siastica
261 4139 365 4202 hospiti,
379 4137 448 4202 quod
468 4139 495 4187 in
518 4151 589 4201 spem
608 4135 765 4200 hujusmodi,
779 4151 810 4188 ex
831 4138 914 4202 primo
934 4139 972 4188 rei
987 4142 1154 4206 (ceteroquin
1173 4147 1255 4214 iuqui-

140 4222 234 4274 sitione
247 4220 423 4286 dignissimae),
436 4220 539 4278 intuito,
552 4221 674 4284 abreptus
687 4220 728 4270 sit.
