3042 4946
563 477 646 524 aunis
668 479 818 525 canonici.
1186 465 1245 530 537

175 619 229 687 hu
241 625 348 687 tamen
360 624 496 710 unaque
511 618 552 688 de
567 619 651 688 facto
665 619 794 689 evoluta
805 620 847 690 sit
859 643 895 690 ae
907 623 1093 712 constituta,
1108 621 1245 692 aliorum

128 727 289 820 judicium
312 728 365 795 sit.
388 727 569 798 Fatendum
589 751 666 798 sane
686 729 727 798 ad
750 752 821 798 eam
843 731 983 801 multum
998 731 1149 802 accedere
1164 754 1248 801 uou-

132 835 239 906 nullas
265 836 453 906 auctoritate
485 837 697 907 ecclesiastiea
725 837 875 909 inductas
899 839 1129 910 institutiones,
1161 840 1247 908 Talis

131 956 180 1016 est
204 946 366 1038 imprimis
388 969 553 1016 sacrarum
576 950 865 1040 congregationum
893 949 1116 1041 Inquisitionis
1141 959 1172 1018 et
1193 952 1247 1018 ln-

132 1055 214 1124 dicis
234 1055 404 1125 institutio.
426 1056 482 1124 Eis
502 1079 619 1149 nempe
642 1059 817 1149 apostolica
832 1057 1021 1128 auctoritate
1035 1059 1247 1127 commissum

131 1175 181 1234 est
205 1175 241 1236 ut
268 1188 386 1260 pravas
407 1166 571 1237 doctrinas
591 1189 773 1260 pravosque
794 1167 894 1236 libros
917 1166 1072 1235 damnent
1088 1175 1119 1234 et
1134 1167 1247 1257 prohi-

131 1275 239 1343 beant.
268 1275 304 1344 ln
329 1298 395 1367 quo
422 1276 555 1368 quidem
576 1274 782 1368 exsequendo
805 1275 910 1344 officio
936 1278 1052 1344 ver'um
1072 1297 1109 1342 ac
1127 1275 1248 1344 summi

133 1384 290 1453 momenti
313 1384 535 1474 magisterium
559 1391 721 1453 exercent.
743 1385 824 1453 Item
844 1385 905 1453 suh
923 1384 980 1452 illa
998 1383 1247 1474 congregatione

133 1493 335 1583 generalium
357 1493 602 1585 inquisitorum,
625 1493 739 1562 eadem
766 1493 940 1585 apostoliea
958 1493 1147 1563 auctoritate
1170 1513 1251 1559 con-·

132 1603 236 1672 stituti
266 1611 342 1672 sunt
371 1604 427 1673 alii
457 1604 679 1695 inquisitores,
709 1605 766 1694 qui
792 1604 826 1670 in
853 1604 1025 1672 commissa
1048 1602 1109 1670 sibi
1131 1601 1247 1691 cuique

133 1712 301 1802 provincia
321 1713 493 1802 invigilent
515 1735 555 1782 ne
580 1713 714 1783 haeresis
738 1735 899 1782 venenum
915 1713 1049 1804 irrepat,
1066 1734 1104 1779 ac
1116 1710 1157 1778 de
1171 1733 1248 1778 sus-

134 1821 232 1911 pectis
254 1821 414 1890 doctrinis
436 1822 593 1913 judioeut,
624 1830 656 1890 et
685 1845 765 1891 num
789 1845 889 1908 sanae,
912 1845 954 1890 an
974 1821 1081 1913 potius
1103 1841 1247 1888 erroneas

132 1936 190 1996 aut
214 1929 374 1998 haereticae
398 1930 463 1998 sint
486 1930 709 2000 auctoritative
735 1931 956 2021 pronuntient.
986 1929 1027 1997 Et
1047 1929 1082 1996 hi
1105 1927 1248 2019 prolecto

134 2047 245 2106 teram
266 2038 443 2128 magisterii
469 2047 658 2132 potestatem
683 2047 843 2108 exercent.
870 2041 951 2108 Item
972 2037 1147 2130 apostolica
1171 2059 1251 2105 auc-

134 2148 261 2217 toritate
283 2149 478 2218 constitutus
499 2156 546 2216 est
561 2148 731 2218 doctorum
745 2148 878 2238 gradus,
901 2146 983 2216 lacta
1001 2147 1082 2237 ipsis
1096 2153 1250 2237 potestate

134 2258 255 2350 ubique
285 2266 447 2328 terrarum
477 2282 548 2328 eam
574 2259 758 2328 facultatem
785 2258 912 2349 publice
942 2255 1091 2342 docendi,
1121 2256 1156 2322 in
1185 2278 1250 2346 qua

133 2367 280 2437 doctores
302 2367 503 2458 pronuntiati
527 2377 614 2436 sunt.
637 2369 677 2436 Et
696 2371 846 2461 quamvis
865 2370 899 2436 in
919 2368 1150 2460 diplomatibus
1166 2368 1250 2436 tradi

133 2477 235 2545 solitis
259 2475 494 2570 sapientissime
523 2478 593 2570 ipso
623 2477 768 2546 hortetur
794 2476 894 2547 Sedes
914 2476 1100 2568 Apostolioa
1123 2485 1159 2545 ut
1189 2477 1248 2544 hac

132 2607 192 2653 sua
216 2585 344 2676 publice
367 2583 503 2656 docendi
528 2593 679 2678 potestate
707 2608 773 2655 non
795 2585 859 2654 nisi
882 2593 1044 2654 annuente
1070 2585 1133 2654 loci
1153 2583 1249 2653 Ordi-

133 2694 229 2762 nario
253 2701 398 2780 utantur,
425 2693 495 2762 haee
522 2703 629 2762 tamen
651 2695 720 2785 ipsa
746 2693 887 2764 hortatio
911 2715 986 2763 vere
1007 2692 1158 2762 traditam
1175 2715 1248 2760 ma-

133 2800 257 2890 gisterii
280 2802 503 2870 auctoritatem
525 2801 709 2870 confirmat.
723 2802 858 2884 'Quibus
877 2801 1008 2869 attentis
1026 2800 1131 2869 tribus
1150 2801 1249 2868 insti-
1348 2839 1354 2850 .

134 2911 326 2998 tutionibus,
351 2909 522 2978 contendet
547 2910 628 2978 forte
647 2911 721 3000 quis
746 2909 829 2977 nihil
852 2909 1042 2994 desiderari,
1062 2916 1100 2978 ut
1118 2907 1249 2978 evoluta

134 3019 250 3088 merito
278 3020 342 3088 dici
371 3029 466 3111 queat
496 3020 627 3111 proprie
649 3018 733 3086 dicta
761 3019 941 3108 magisterii
966 3017 1158 3086 hierarchia.
1186 3019 1249 3086 Cui

135 3128 281 3219 opinioni
306 3151 367 3218 ego
390 3128 472 3196 sicut
495 3149 561 3195 non
584 3125 781 3212 contradico,
803 3126 848 3195 ita
866 3149 925 3196 uec
945 3126 1167 3196 adhaerentem
1197 3149 1249 3194 me

136 3237 322 3329 pronuntio.

180 3347 261 3414 ltem
275 3343 425 3437 Episcopi
440 3343 482 3413 ad
497 3343 657 3412 docendas
670 3365 712 3410 ex
728 3342 834 3411 officio
852 3364 958 3412 sacras
973 3342 1142 3412 facultates
1162 3343 1248 3412 viros

136 3452 362 3522 ecclesiasticos
388 3451 554 3544 deputant.
581 3452 662 3532 Quae
683 3451 817 3543 quidem
836 3451 1024 3521 commissio
1047 3452 1251 3543 aliquatenus

137 3563 200 3631 dici
215 3569 318 3654 potest
331 3561 486 3654 quaedam
501 3561 690 3653 episcopalis
705 3561 883 3651 magisterii
898 3561 1115 3653 participatio.

180 3671 365 3740 Paoaosrrro
384 3674 429 3738 8²².
442 3707 485 3721 -
498 3672 617 3738 Omnes
628 3670 820 3738 hierarchiae
835 3670 1016 3750 evolutivaa,
1035 3670 1251 3761 qaeemudmo-

137 3781 217 3849 dum
232 3780 429 3848 auctoritate
440 3779 602 3862 Ecclesiae,
620 3801 687 3848 non
706 3792 818 3847 autem
832 3779 945 3848 diuina
959 3780 1163 3849 institutione
1177 3803 1252 3848 eoo-

137 3891 314 3972 lactassent,
333 3890 381 3957 itu
393 3911 454 3980 per
463 3888 611 3958 eumdem
623 3889 854 3957 urtetoritotem
866 3887 1112 3957 ecclesiasticum
1127 3891 1254 3956 mutari

138 4021 176 4066 uc
192 3997 356 4090 supprimi
369 4009 511 4089 possent.
528 4035 573 4048 -
588 3995 680 4065 Sicut
693 3997 785 4064 enim
799 3995 947 4065 Christus
961 4019 1014 4064 eas
1029 3997 1251 4065 ecclesiasticas

138 4106 322 4176 auctoritati
342 4105 538 4176 evolvendus
562 4105 706 4197 reliquit,
732 4107 775 4173 ita
797 4129 856 4174 nec
878 4104 1077 4198 prescripsit
1096 4113 1131 4173 ut
1152 4106 1254 4174 semel

140 4215 278 4286 evoluta
296 4215 517 4284 immutabiles
534 4223 773 4307 permanerent.
792 4214 947 4283 Liberum
968 4213 1088 4285 scilicet
1101 4213 1252 4287 Ecclesiae
1366 4301 1367 4304 Ἴ
