3042 4946
492 439 575 484 euers
602 439 753 485 canonici.
1122 425 1182 489 517

49 596 249 644 consessum
272 575 332 645 Dei
356 583 387 644 et
413 585 448 645 ut
471 576 731 668 conjunctionem
755 577 999 670 Apostolorum.
1029 581 1107 652 Sine
1132 583 1184 653 his

50 683 205 752 Ecclesia
220 705 287 752 non
303 691 477 754 vocatur.»
497 684 654 778 (Epistola
670 684 711 754 sd
725 685 920 774 Trallianos,
936 688 1039 780 capite
1056 693 1074 759 2
1090 699 1122 759 et
1135 693 1179 783 3.)

58 817 83 858 n
99 792 260 860 Memores
274 799 374 862 estote
387 792 423 860 in
438 792 554 862 vestris
569 791 718 884 precibus
729 791 882 862 Ecclesiae
896 793 1019 886 Syriae,
1034 820 1109 890 quae
1121 800 1185 869 mci

51 901 133 970 loco
157 899 225 968 Deo
249 907 376 990 pastore
391 900 506 970 utitur.
526 900 623 970 Solus
637 901 731 970 lesus
746 901 898 971 Christus
912 902 1002 972 illam
1020 905 1089 976 vice
1105 909 1185 1001 Epi·

54 1008 151 1100 scopi
178 1016 281 1098 reget,
307 1017 403 1101 atque
428 1015 537 1079 vestra
561 1009 712 1078 charitas.
742 1010 813 1101 Ego
836 1018 944 1080 numm
966 1013 1121 1084 erubesco
1142 1041 1184 1086 cx

53 1143 178 1190 eorum
209 1143 347 1191 numero
376 1120 452 1189 dici.
480 1119 593 1214 Neque
620 1119 706 1190 enim
739 1120 860 1211 dignus
887 1144 975 1210 sum,
995 1131 1107 1216 utpote
1125 1129 1185 1220 qui

53 1234 124 1302 sim
141 1234 276 1304 altimus
289 1257 403 1304 corum
416 1243 450 1304 'et
463 1232 645 1302 abortivus.
664 1259 682 1298 »
705 1231 861 1325 (Epistola
881 1230 921 1301 ad
936 1234 1113 1325 Romanos,
1130 1261 1184 1306 ca-

54 1343 128 1436 pite
144 1347 176 1411 9.
194 1342 359 1413 -Sancti
381 1341 499 1432 Ignatii
516 1339 670 1432 epistolas
686 1340 827 1432 reperies
841 1348 929 1409 tomo
940 1343 1046 1434 primo
1060 1344 1183 1414 Biblio-

58 1452 163 1520 tltecae
176 1463 321 1520 osteum
337 1453 489 1530 Petrum,
508 1471 549 1518 cx
565 1469 631 1540 quo
647 1446 761 1516 citatos
773 1453 880 1516 textus
896 1447 1182 1543 deprompsimus.)

56 1558 164 1649 Ergo,
190 1565 269 1628 teste
290 1565 401 1626 sancto
420 1555 560 1647 Ignatio,
579 1555 619 1623 nb
641 1554 721 1646 ipsis
734 1553 884 1624 Ecclesia
903 1555 1109 1628 incunabulis
1124 1583 1183 1630 ex-

58 1667 167 1736 stabat
188 1665 275 1759 apud
298 1687 565 1758 unamquamque
584 1663 751 1732 ecclesiam
773 1663 956 1732 hierarchia
976 1687 1079 1754 secra,
1104 1691 1183 1738 con-

59 1783 153 1842 stans
165 1772 339 1866 Episcopo,
354 1771 553 1865 presbyteris
566 1777 598 1838 at
614 1769 783 1839 ministris.
798 1769 865 1838 Nec
873 1768 1011 1840 dubium
1023 1782 1092 1843 crat
1103 1777 1183 1868 quin

60 1881 246 1952 hierarchia
272 1882 343 1950 haec
362 1881 403 1950 ab
418 1881 489 1972 ipso
512 1878 642 1948 Christo
658 1879 702 1946 sic
723 1879 870 1960 instituta
886 1880 1008 1951 lenset.
1027 1883 1106 1952 ltem
1123 1885 1184 1955 hu-

59 1993 201 2061 bebatur
227 1991 404 2083 Episcopus
425 1997 580 2082 tanquam
601 1989 798 2080 presbyteris
817 1998 849 2057 et
869 1988 1014 2060 diaconis
1032 1993 1107 2084 jure
1131 1996 1182 2065 di.

60 2101 139 2172 vino
157 2101 317 2192 superior.

110 2208 264 2298 Oripenes
282 2233 293 2274 :
311 2235 328 2272 a
350 2208 430 2277 Plus
445 2229 528 2276 ame
553 2207 763 2298 (presbytero)
778 2205 923 2295 exigitur
944 2229 1044 2299 quem
1069 2234 1088 2279 a
1108 2211 1182 2280 dia-

59 2339 166 2402 cono;
189 2317 264 2408 plus
282 2339 301 2384 a
321 2316 455 2386 diacono
470 2336 569 2407 quam
589 2337 609 2382 a
628 2313 721 2384 laico.
744 2313 808 2397 Qui
825 2336 902 2383 vero
919 2315 1016 2384 totius
1031 2317 1180 2389 Ecclesiae

59 2447 168 2493 arcem
187 2424 321 2510 obtinet,
343 2445 403 2515 pro
419 2422 509 2490 omni
526 2419 659 2490 ecclesia
673 2419 785 2490 reddet
805 2421 975 2490 rationem.
995 2447 1012 2486 u
1034 2423 1180 2514 (Tomot

60 2533 220 2624 Operum,
238 2531 358 2622 pagina
374 2532 449 2616 189,
465 2528 617 2598 editionis
632 2527 944 2620 Benedictinnrum.)

106 2641 250 2706 Sanctus
268 2637 476 2728 Cypriacae:
496 2662 513 2700 ι(
535 2634 696 2704 Dominus
716 2645 836 2722 noster,
856 2635 951 2728 cujus
968 2649 1130 2733 praeceptn
1150 2654 1182 2712 et

61 2746 187 2814 monita
212 2744 384 2813 observare
415 2740 583 2829 debemus,
609 2742 759 2834 Episcopi
784 2741 942 2812 honorem
972 2755 1004 2814 et
1030 2748 1181 2820 Ecclesiae

61 2879 132 2924 suae
149 2853 308 2923 rationem
322 2850 510 2944 disponens,
529 2852 563 2918 in
579 2851 758 2941 Evangelio
771 2851 916 2944 loquitur
930 2865 961 2921 ct
976 2853 1053 2924 dicit
1063 2859 1159 2928 Petro
1172 2888 1179 2927 ι

61 2967 135 3054 Epo
152 2963 212 3032 titi
222 2963 295 3031 dico
310 2961 389 3053 quio
405 2974 441 3029 tu
455 2984 487 3030 ee
502 2965 631 3042 Petrus,
648 2969 708 3029 etc.
730 2960 855 3052 (Matth.
873 2963 918 3052 n.)
936 2963 1015 3033 lude
1028 2989 1085 3057 per
1099 2978 1180 3038 tem·

61 3095 180 3164 porum
194 3079 226 3141 et
241 3069 482 3140 successionum
497 3068 585 3138 vices
600 3069 833 3161 Episcoporum
849 3069 1011 3142 ordinatio
1026 3083 1057 3142 et
1071 3076 1180 3147 Eccle-

61 3183 119 3250 siae
139 3181 222 3250 ratio
246 3179 401 3266 decurrit,
427 3186 463 3247 ut
486 3177 629 3246 Ecclesia
648 3199 745 3268 super
758 3176 934 3270 Episcopos
952 3184 1180 3276 constituatur,

62 3298 94 3357 et
115 3288 222 3357 omnis
244 3293 335 3354 actus
353 3284 504 3353 Ecclesiae
530 3306 589 3375 per
609 3287 741 3353 eosdem
762 3285 953 3376 praepositos
967 3289 1179 3378 gubernetur.

61 3398 145 3467 Cum
170 3397 230 3466 hoc
251 3394 360 3486 itaque
382 3393 495 3462 divina
521 3393 592 3482 lege
613 3391 787 3460 fundatum
809 3391 891 3462 sit...
913 3419 930 3456 a
953 3395 1108 3488 (Epistola
1124 3407 1178 3491 27,

61 3505 214 3574 editionis
228 3501 384 3592 Baluzii.)
403 3499 541 3570 «Audio
552 3499 711 3592 quosdam
725 3498 766 3568 de
776 3500 987 3592 presbyteris,
1002 3527 1060 3574 nec
1072 3508 1182 3579 Even-

61 3615 139 3707 gelii
161 3634 334 3698 memores,
357 3632 417 3678 nec
441 3609 521 3703 quid
548 3607 588 3677 ad
613 3629 672 3677 nos
696 3616 856 3699 martyres
878 3610 1067 3704 scripserint
1088 3622 1182 3712 cogi-

63 3729 179 3807 tantes,
209 3739 269 3788 nec
298 3717 458 3810 Episcopo
484 3715 643 3784 honorem
672 3713 842 3784 sacerdotii
872 3717 923 3785 sui
953 3727 986 3788 et
1016 3724 1179 3797 cathedrae

63 3833 277 3914 reservantes,
302 3825 372 3917 jam
392 3847 468 3894 cnm
489 3823 588 3916 lapsis
603 3823 844 3894 communicare
863 3825 1008 3918 cepisse.
1034 3833 1182 3927 »ssipis-

62 3939 128 4010 tola
144 3940 197 4024 ll,
213 3935 333 4028 pagina
348 3937 387 4002 m
405 3931 554 4002 editionis
567 3931 718 4021 Beluzii.)
740 3957 757 3997 a
779 3932 963 4025 Cyprianus
983 3939 1181 4032 presbyteris

64 4057 94 4114 et
121 4043 311 4114 diaconibus
333 4041 502 4128 fracibus,
527 4041 706 4110 salutem...
725 4067 742 4106 s
769 4041 924 4133 (Epistola
944 4049 976 4132 9,
998 4050 1118 4139 pagina
1141 4057 1180 4122 18

64 4154 216 4224 editionis
237 4151 389 4241 Baluzii.)
417 4149 581 4242 Apostolis
610 4150 801 4218 successisse
824 4151 999 4245 Episcopos
1024 4168 1183 4232 assertum
