3068 4948
353 449 413 514 llll
707 469 881 514 Tnaurarus
904 469 942 514 DE
965 467 1119 514 PRINCIPHS

352 633 425 679 rum
447 608 633 702 quemdam,
656 610 787 680 nomine
808 610 1028 694 Dominicum,
1054 617 1090 676 ut
1107 608 1152 674 illi
1174 615 1341 676 vacantem
1366 607 1463 674 ecele-

352 719 435 786 siam
462 718 687 804 committeret‚
714 716 824 785 addito
851 717 1015 805 mandato,
1038 725 1072 784 ut
1096 716 1200 783 eidem
1225 715 1416 807 presbytero
1439 723 1463 778 ct

352 826 477 892 ferretus
499 823 749 893 refunderentur
771 824 841 915 ejus
868 824 1023 915 temporis
1046 847 1112 915 quo
1129 822 1260 890 eeclesia
1285 831 1461 888 vacaverat.

352 933 403 1000 En
416 933 584 1000 Pontificis
600 933 698 1000 verba
713 933 783 1023 (lib.
798 933 838 1018 ΙΙ,
854 933 946 1024 epist.
969 931 1021 1022 10)
1035 959 1042 998 :
1057 935 1109 998 Ea
1125 953 1197 1023 qun
1209 928 1348 1022 provide
1363 929 1464 1020 dispa-

353 1056 487 1122 nuntur,
508 1044 759 1110 Fraternitatem
782 1045 884 1108 Tuam
900 1041 1060 1108 credimus
1081 1040 1216 1108 libenter
1238 1039 1405 1130 amplecti.
1427 1041 1465 1104 Et

354 1152 432 1242 qnia
461 1153 624 1220 ecclesiam
645 1155 777 1220 Sanctae
801 1151 917 1220 Maria
943 1149 1111 1242 quandam
1131 1149 1346 1240 Campisonis
1362 1147 1398 1214 in
1414 1160 1465 1213 tua

348 1260 510 1353 parochia
528 1261 570 1353 (Ι)
582 1263 741 1352 positam,
758 1261 945 1353 presbytero
959 1283 1076 1328 vacare
1090 1259 1309 1350 coenavimus,
1326 1279 1465 1346 praesen-

355 1381 419 1435 tem
435 1369 631 1458 portitorem
647 1369 857 1437 Dominicnna
873 1369 1099 1460 presbyterum
1115 1368 1148 1433 in
1162 1365 1275 1434 eadem
1292 1365 1465 1432 ecclesian!

349 1500 487 1569 praeesse
500 1476 625 1559 debeat,
642 1477 787 1548 Nosseito
801 1477 980 1569 deputasse.
995 1477 1132 1568 Ideoque
1146 1475 1350 1542 Frater-teitus
1364 1475 1430 1540 Tua
1443 1473 1468 1537 ei

354 1587 574 1653 emolumenta
589 1585 735 1677 ejusdem
751 1586 886 1653 ecclesia
899 1586 1004 1676 saciat
1015 1586 1082 1652 sine
1097 1583 1300 1651 cunctatione
1315 1580 1468 1672 prastan'

356 1707 387 1760 ct
400 1693 531 1762 decima
552 1695 679 1784 frotetus
693 1693 876 1762 indictionis
892 1695 950 1784 qui
962 1695 1042 1786 jam
1052 1693 1202 1784 percepti
1213 1704 1302 1772 sunt,
1316 1689 1465 1782 predicto

355 1803 426 1870 uiro
443 1805 498 1893 sac
515 1802 584 1868 sine
604 1825 697 1869 mora
721 1802 851 1869 restitui
859 1828 871 1880 ,·
893 1815 1053 1892 qnatenus
1069 1800 1215 1891 ejusdem
1231 1800 1369 1867 ecclesiae
1382 1797 1465 1864 utili-

357 1923 449 1990 tates,
472 1912 567 2001 cnjas
587 1911 805 1978 emolumenta
824 1911 1038 2000 carnequitnr,
1065 1912 1131 1976 Deo
1148 1907 1344 1998 adjuvante,
1367 1906 1465 1973 vulcat

353 2041 543 2111 procurare.
572 2020 608 2088 Si
623 2019 719 2087 hodie
741 2043 889 2088 summus
904 2020 1054 2088 Pontifex
1074 2019 1152 2086 Pius
1168 2017 1215 2084 ΙΧ
1229 2016 1372 2107 aliquem
1390 2037 1464 2105 pres·

355 2131 507 2221 bytenun
532 2153 607 2196 cum
639 2129 736 2197 simili
766 2131 900 2220 epistola
923 2130 1092 2220 deputaret
1119 2127 1160 2195 ad
1185 2125 1464 2215 Archiepiscopum

358 2240 583 2326 Perisienscm,
608 2241 702 2330 eique
718 2239 850 2330 praesuli
874 2237 1107 2328 injungeretut
1133 2235 1167 2300 in
1187 2233 1396 2301 canonicatus
1423 2229 1463 2295 ret

357 2347 519 2440 parochia
539 2348 675 2439 alicujus
701 2349 844 2417 vacantis
875 2347 1109 2438 possessionem
1135 2345 1222 2411 hunc
1249 2341 1462 2434 presbyterum

358 2457 557 2542 immitteret,
589 2455 748 2546 numquid
777 2478 841 2522 non
866 2456 921 2522 tali
946 2463 1019 2522 actu
1046 2464 1235 2546 potestatem
1258 2455 1292 2522 in
1308 2453 1464 2542 'beneficia

357 2563 503 2632 dioecesis
523 2565 681 2632 Parisinae
703 2569 894 2633 exerceret?
913 2565 949 2632 ld
970 2572 1079 2632 tamen
1097 2565 1198 2632 multo
1214 2573 1289 2632 ante
1308 2564 1403 2632 falses
1417 2561 1464 2628 de-

358 2673 491 2740 cretales
515 2679 662 2741 asancta
682 2673 842 2763 Gregorio
863 2674 982 2764 Magno
1004 2674 1123 2740 lactum
1150 2681 1214 2758 est;
1239 2673 1326 2764 quod
1354 2673 1430 2740 forte
1443 2670 1465 2734 si

360 2782 478 2848 nostris
499 2781 612 2849 diebus
631 2781 732 2869 fieret,
756 2789 923 2872 stuperent
942 2781 1092 2871 gallicani
1113 2781 1296 2872 systematis
1311 2801 1464 2872 sequence,

359 2889 439 2957 adeo
472 2899 547 2957 sunt
582 2899 758 2958 memorato
795 2889 919 2982 decepti
949 2889 1126 2972 mendacio,
1159 2891 1324 2957 Romanas
1361 2888 1465 2956 seilicet

359 2995 531 3066 Pontifices
554 2997 732 3088 antiquitus
758 3021 926 3089 nunquam
954 2997 1141 3089 hujusmodi
1170 3006 1358 3088 potestatem
1385 3017 1465 3063 exer-

361 3128 476 3173 cursse.

406 3215 496 3282 Idem
512 3215 662 3282 Pontifex
682 3215 749 3305 (lib.
767 3216 824 3301 ΙΙΙ,
843 3219 935 3306 epist.
959 3216 1008 3305 14)
1028 3215 1069 3282 ad
1084 3213 1329 3306 Syracusanum
1348 3215 1467 3306 Episco-

360 3350 441 3417 pum
458 3324 568 3392 scribit
584 3323 643 3392 hoc
658 3323 756 3390 modo
772 3323 811 3390 de
828 3323 971 3416 quodam
996 3323 1143 3404 diacona,
1164 3323 1266 3390 Felice
1281 3324 1368 3392 dicto
1386 3349 1394 3389 ι
1410 3325 1465 3390 lnt-

362 3433 533 3502 laecillituti
557 3433 627 3522 ejus
650 3443 747 3522 atque
773 3431 1013 3498 necessitatibus
1036 3431 1246 3512 conculcatae,
1273 3431 1467 3520 maximeque

361 3542 484 3609 intuitu
495 3539 631 3630 pietatis
646 3539 877 3607 sustentationi
891 3539 962 3630 ejus
974 3539 1193 3630 providentes,
1213 3540 1248 3606 in
1263 3552 1322 3606 tua
1336 3535 1466 3607 Ecclesia

363 3655 573 3742 Syracusana
594 3669 668 3714 eum
685 3645 891 3738 providimus
910 3645 1151 3714 cardinandum
1170 3673 1180 3712 .·
1197 3647 1262 3713 sive
1278 3661 1315 3714 nt
1335 3645 1466 3737 officium

363 3759 557 3826 diaconatus
586 3754 726 3846 expleat,
750 3776 805 3820 sen
833 3766 916 3821 certe
946 3767 982 3820 ut
1008 3753 1078 3821 solo
1108 3753 1254 3844 ejusdem
1281 3754 1391 3846 officii,
1413 3773 1468 3843 pra

362 3865 574 3934 sustentanda
583 3874 784 3956 paupertate
803 3885 874 3944 sua,
893 3861 1065 3930 commodo
1089 3876 1306 3955 consequatur
1322 3891 1332 3929 :
1350 3863 1383 3929 in
1405 3865 1468 3929 Tua

361 3973 595 4044 Fraternitatis
609 3972 758 4038 uolumus
770 3969 980 4062 ltocpendere
989 3971 1131 4062 judicio.
1153 3971 1250 4054 Qrcod
1259 3971 1429 4039 hortamur
1439 3979 1468 4034 at

395 4229 427 4286 (t)
445 4227 498 4274 Vax
513 4225 632 4289 parochia
648 4227 710 4273 tarne
723 4223 847 4286 temporis
860 4223 994 4274 diaecesim
1008 4223 1167 4287 designabat.
