3068 4948
298 470 358 534 tot
652 487 826 534 reserares
849 487 887 533 uu
911 489 1066 536 rnrncrrns

296 628 561 696 sustentationem
589 615 704 695 dicata.
728 627 835 713 Unde,
865 627 948 694 sicut
967 629 1000 696 in
1022 647 1124 716 regno
1143 626 1246 712 civili,
1276 627 1366 695 itaet
1382 627 1412 694 in
1513 591 1515 620 i

294 736 439 804 Ecclesia
459 735 570 804 multae
593 743 721 803 exstant
743 757 794 804 res
813 735 1007 828 temporales
1020 744 1052 804 et
1067 735 1259 821 materiales,
1286 735 1360 804 licet
1374 735 1412 802 ad

296 844 394 912 finem
424 844 605 930 diversum,
634 843 835 936 spiritualem
863 866 992 938 nempe,
1024 844 1204 934 dirigendae
1233 852 1266 912 et
1293 845 1413 934 guber-

295 953 426 1022 nandae.
448 951 521 1022 lam
547 975 624 1022 vero
646 951 706 1021 hoc
727 953 843 1042 posito,
863 954 949 1021 bona
974 951 1165 1044 temporalia
1190 951 1342 1020 Ecclesiae
1366 951 1413 1020 vel

295 1061 377 1130 nulli
404 1083 556 1153 supremo
587 1059 841 1128 administratori
868 1060 1094 1152 subjacebunt,
1126 1060 1175 1128 vel
1203 1058 1415 1150 subjacebunt

295 1169 392 1238 alicui
411 1191 430 1236 a
449 1168 537 1260 Papa
551 1167 692 1252 diverso,
718 1167 769 1236 vel
787 1167 918 1236 tandem
934 1167 1146 1258 subjacebunt
1161 1167 1309 1238 Romano
1325 1168 1415 1236 Pon·
1513 1169 1515 1180 ’

295 1279 375 1346 tifici
392 1305 400 1345 ε
418 1278 508 1368 atqui
530 1277 595 1346 duo
614 1277 724 1368 priora
743 1275 869 1344 admitti
895 1287 1072 1368 nequeunt.
1099 1281 1131 1344 1⁰
1153 1276 1328 1367 Repugnat
1343 1275 1415 1343 nul-

294 1387 360 1455 lam
379 1387 414 1454 in
436 1385 578 1454 Ecclesia
596 1383 717 1454 Christi
740 1393 868 1454 exstare
892 1392 1129 1476 potestatem‚a
1153 1407 1217 1476 qua
1241 1383 1414 1452 ultimatim
1514 1433 1515 1442 η

296 1495 434 1586 pendeat
465 1494 626 1562 bonorum
652 1493 878 1584 temporalium
909 1493 1160 1562 administratio.
1186 1492 1271 1575 Quia
1296 1499 1375 1560 tunc
1399 1515 1415 1557 a

294 1603 386 1671 nulla
414 1609 568 1694 potestate
592 1609 703 1696 posset
732 1600 837 1670 ullum
866 1599 1062 1670 berreficium
1091 1600 1261 1670 conferri:
1287 1600 1413 1668 nutum
1514 1641 1515 1690 3

294 1711 431 1802 proinde
454 1718 594 1778 exstaret
613 1709 669 1802 jus
682 1709 872 1778 collationis.
897 1709 962 1791 Qui
982 1711 1069 1780 enim
1088 1711 1138 1779 vel
1155 1732 1212 1802 per
1225 1708 1414 1778 electionem
1514 1699 1515 1754 l

295 1820 346 1889 vel
372 1841 432 1910 per
452 1817 658 1886 collationem
676 1817 834 1886 beneficia
855 1817 999 1900 tradunt,
1022 1818 1103 1888 illud
1126 1826 1260 1908 agerent
1276 1817 1329 1886 vel
1343 1818 1415 1909 jure

296 1925 526 2018 independenti
552 1925 596 2016 (et
617 1935 693 1995 tunc
722 1926 784 2016 ipsi
804 1935 911 1994 essent
933 1949 1087 2018 suprema
1102 1933 1242 2019 potestas
1257 1925 1414 1996 adminis-

297 2035 414 2102 trativa
437 2032 570 2101 illorum
589 2033 778 2124 honorum),
802 2033 854 2100 vel
873 2033 947 2124 jure
969 2035 1195 2119 subordinate,
1213 2043 1245 2102 et
1258 2043 1339 2102 tunc
1357 2033 1414 2101 ali-

295 2144 348 2211 cui
385 2145 477 2212 alteri
511 2143 670 2234 superiori
706 2153 736 2211 et
765 2167 925 2234 supremae
965 2147 1113 2236 potestati
1147 2143 1414 2214 administrativa

295 2253 508 2344 subjacerent.
531 2249 626 2318 Unde
644 2271 827 2342 supponere
855 2251 982 2320 nullum
1001 2259 1128 2320 exstare
1148 2273 1342 2342 supremum
1362 2249 1414 2316 be·

292 2361 485 2430 neficiornm
505 2359 812 2446 administratorem,
841 2369 888 2426 est
901 2359 1076 2451 ipsummet
1089 2342 1144 2450 jus
1164 2360 1322 2428 beneficia
1339 2381 1413 2426 oon·

294 2468 420 2536 ferendi
441 2467 565 2553 tollere,
592 2488 629 2534 ac
657 2467 726 2556 ipsa
751 2467 909 2534 beneficia
934 2467 1062 2536 inutilia
1092 2467 1276 2553 decernere,
1306 2473 1414 2557 utpote

295 2599 368 2668 quae
387 2576 468 2643 nulli
487 2574 626 2644 conferri
644 2573 787 2662 legitime
811 2585 953 2664 possent.
972 2579 1005 2642 2⁰
1020 2573 1132 2666 Neque
1155 2574 1296 2666 supponi
1312 2581 1415 2664 potest
1513 2601 1514 2604 ¹

264 2687 267 2698 '
295 2705 468 2775 supremus
499 2679 742 2750 administrator
772 2704 791 2747 a
820 2703 949 2750 sumam
980 2681 1139 2750 Pontifice
1167 2682 1330 2751 diversus.
1360 2681 1415 2748 llle

294 2793 382 2861 enim
408 2789 651 2858 administrator
679 2811 852 2880 supremus
879 2798 962 2857 esset
988 2790 1040 2858 vel
1067 2790 1241 2858 concilium
1268 2811 1413 2858 oecume·

295 2900 405 2968 nicurn
429 2897 481 2964 vel
498 2896 634 2988 quilibet
654 2897 831 2988 Episcopus
850 2897 885 2963 in
905 2897 1121 2984 dioecesium,
1141 2897 1192 2964 vel
1208 2897 1310 2976 alius;
1325 2898 1415 2989 atqui

294 3007 422 3076 nullum
436 3027 477 3072 ex
493 3003 543 3071 his
558 3003 625 3071 dici
642 3013 757 3095 potest.
782 3004 854 3072 Nou
868 3004 1040 3074 concilium
1056 3005 1296 3074 oecumenicum
1312 3031 1319 3071 :
1340 3026 1413 3074 nam

294 3139 332 3186 eo
359 3135 455 3183 sensu
476 3119 602 3180 tantum
620 3110 750 3178 admitti
778 3121 882 3202 potest
907 3111 1070 3202 synodum
1096 3112 1330 3182 oecumenicam
1360 3135 1413 3180 su·

294 3245 407 3316 prema
425 3219 546 3313 pollere
570 3219 656 3288 bona
682 3219 836 3288 Eeclesiae
858 3218 1108 3288 administrandi
1134 3227 1301 3310 petasatum,
1327 3221 1412 3311 quod

294 3340 401 3424 posset
436 3327 564 3419 legibus
592 3335 732 3396 statuere
758 3340 789 3396 et
818 3328 1034 3398 determinare
1065 3351 1219 3420 personas
1246 3351 1305 3420 per
1333 3349 1413 3420 quas

293 3443 394 3511 variae
413 3438 647 3508 beneficiorum
666 3439 788 3530 species
807 3447 913 3506 essent
934 3439 1152 3508 conferendae.
1171 3439 1273 3506 Porro
1288 3438 1413 3507 decreta

293 3545 480 3639 hujusmodi
512 3566 577 3612 non
608 3545 764 3633 vigebunt
789 3546 850 3614 nisi
874 3557 1033 3637 quatenus
1057 3568 1079 3613 a
1101 3567 1231 3615 summo
1258 3545 1411 3614 Pontifice
1512 3563 1513 3596 t

293 3655 504 3736 confirnrata3
526 3673 601 3743 quae
622 3651 825 3720 confirmatio
849 3655 877 3720 si
896 3653 989 3740 desit,
1014 3653 1069 3744 jus
1084 3675 1149 3721 non
1169 3651 1287 3720 facient
1302 3651 1412 3743 cujus-

292 3764 370 3832 libet
390 3759 506 3852 synodi
521 3760 619 3849 leges.
638 3761 678 3828 Et
695 3769 851 3852 praeterea
866 3761 1014 3829 Romano
1028 3760 1194 3847 Pontifici,
1210 3761 1308 3828 etiarn
1324 3770 1411 3851 post·

255 3943 256 3948 ,
293 3895 391 3966 quam
418 3872 546 3940 decreta
566 3869 683 3962 synodi
711 3872 919 3940 aecumenicae
943 3870 1164 3958 confirmavit,
1189 3879 1333 3940 remanet
1356 3871 1410 3936 in-

294 4002 449 4050 concussa
485 3986 623 4068 potestas
658 3999 695 4045 ea
724 4000 783 4069 pro
818 3987 1003 4070 temporum
1037 3988 1069 4048 et
1095 3977 1409 4048 circumstantiarum

294 4093 418 4159 ratione
436 4089 606 4158 relaxandi
631 4097 662 4155 et
684 4089 843 4158 mutandi.
875 4089 963 4179 Ergo
987 4089 1149 4179 legislatio
1171 4089 1211 4158 de
1238 4088 1408 4156 beneficio·

294 4227 368 4280 rum
395 4203 563 4274 collatione
582 4211 614 4271 et
633 4202 811 4292 generatim
834 4201 874 4269 de
899 4201 1061 4271 bonorum
1082 4201 1233 4270 Ecclesiae
1253 4199 1408 4270 adminis-
