<?xml version="1.0" encoding="UTF-8"?>
<!DOCTYPE html PUBLIC "-//W3C//DTD XHTML 1.0 Transitional//EN"
    "http://www.w3.org/TR/xhtml1/DTD/xhtml1-transitional.dtd">
<html xmlns="http://www.w3.org/1999/xhtml" xml:lang="en" lang="en">
 <head>
  <title>
</title>
<meta http-equiv="Content-Type" content="text/html;charset=utf-8" />
  <meta name='ocr-system' content='tesseract 3.04.00' />
  <meta name='ocr-capabilities' content='ocr_page ocr_carea ocr_par ocr_line ocrx_word'/>
</head>
<body>
  <div class='ocr_page' id='page_1' title='image "./tractatusdeprin00bouigoog_0296.png"; bbox 0 0 3068 4948; ppageno 0'>
   <div class='ocr_carea' id='block_1_1' title="bbox 542 460 1224 526">
    <p class='ocr_par' dir='ltr' id='par_1_1' title="bbox 542 460 1224 526">
     <span class='ocr_line' id='line_1_1' title="bbox 542 460 1224 526; baseline -0.003 0"><span class='ocrx_word' id='word_1_1' title='bbox 542 481 624 526; x_wconf 80' lang='lat' dir='ltr'><strong>runis</strong></span> <span class='ocrx_word' id='word_1_2' title='bbox 645 479 796 526; x_wconf 72' lang='lat' dir='ltr'><strong>cucumer.</strong></span> <span class='ocrx_word' id='word_1_3' title='bbox 1167 460 1224 525; x_wconf 76' lang='lat'><strong>281</strong></span> 
     </span>
    </p>
   </div>
   <div class='ocr_carea' id='block_1_2' title="bbox 109 615 1236 1684">
    <p class='ocr_par' dir='ltr' id='par_1_2' title="bbox 109 615 1236 1684">
     <span class='ocr_line' id='line_1_2' title="bbox 158 615 1232 709; baseline -0.005 -19"><span class='ocrx_word' id='word_1_4' title='bbox 158 647 176 682; x_wconf 78' lang='lat' dir='ltr'><strong>u</strong></span> <span class='ocrx_word' id='word_1_5' title='bbox 200 620 258 690; x_wconf 83' lang='lat' dir='ltr'><strong>Est</strong></span> <span class='ocrx_word' id='word_1_6' title='bbox 282 628 314 686; x_wconf 88' lang='lat' dir='ltr'><strong>et</strong></span> <span class='ocrx_word' id='word_1_7' title='bbox 334 617 425 688; x_wconf 87' lang='lat' dir='ltr'><strong>uliud</strong></span> <span class='ocrx_word' id='word_1_8' title='bbox 452 619 604 691; x_wconf 78' lang='lat' dir='ltr'><strong>brevium</strong></span> <span class='ocrx_word' id='word_1_9' title='bbox 631 641 747 708; x_wconf 80' lang='lat' dir='ltr'><strong>genus,</strong></span> <span class='ocrx_word' id='word_1_10' title='bbox 776 629 808 688; x_wconf 90' lang='lat' dir='ltr'><strong>ct</strong></span> <span class='ocrx_word' id='word_1_11' title='bbox 836 627 915 689; x_wconf 89' lang='lat' dir='ltr'><strong>suut</strong></span> <span class='ocrx_word' id='word_1_12' title='bbox 934 615 999 688; x_wconf 86' lang='lat' dir='ltr'><strong>illae</strong></span> <span class='ocrx_word' id='word_1_13' title='bbox 1020 618 1139 688; x_wconf 73' lang='lat' dir='ltr'><strong>littere</strong></span> <span class='ocrx_word' id='word_1_14' title='bbox 1158 641 1232 709; x_wconf 74' lang='lat' dir='ltr'><strong>qum</strong></span> 
     </span>
     <span class='ocr_line' id='line_1_3' title="bbox 111 724 1230 818; baseline 0.005 -28"><span class='ocrx_word' id='word_1_15' title='bbox 111 753 129 790; x_wconf 75' lang='grc' dir='ltr'><strong>ιι</strong></span> <span class='ocrx_word' id='word_1_16' title='bbox 154 727 261 796; x_wconf 83' lang='lat' dir='ltr'><strong>soient</strong></span> <span class='ocrx_word' id='word_1_17' title='bbox 274 724 422 818; x_wconf 75' lang='lat' dir='ltr'><strong>expediri</strong></span> <span class='ocrx_word' id='word_1_18' title='bbox 437 749 496 818; x_wconf 89' lang='lat' dir='ltr'><strong>pro</strong></span> <span class='ocrx_word' id='word_1_19' title='bbox 509 725 767 817; x_wconf 76' lang='lat' dir='ltr'><strong>detegutionibns</strong></span> <span class='ocrx_word' id='word_1_20' title='bbox 781 745 955 796; x_wconf 80' lang='lat' dir='ltr'><strong>censorum</strong></span> <span class='ocrx_word' id='word_1_21' title='bbox 970 734 1064 796; x_wconf 81' lang='lat' dir='ltr'><strong>extro</strong></span> <span class='ocrx_word' id='word_1_22' title='bbox 1079 725 1230 812; x_wconf 79' lang='lat' dir='ltr'><strong>Curiom3</strong></span> 
     </span>
     <span class='ocr_line' id='line_1_4' title="bbox 111 835 1236 928; baseline 0.001 -26"><span class='ocrx_word' id='word_1_23' title='bbox 111 865 128 902; x_wconf 78' lang='lat' dir='ltr'><strong>u</strong></span> <span class='ocrx_word' id='word_1_24' title='bbox 153 860 231 928; x_wconf 72' lang='lat' dir='ltr'><strong>quse</strong></span> <span class='ocrx_word' id='word_1_25' title='bbox 251 836 336 910; x_wconf 84' lang='lat' dir='ltr'><strong>fiunt</strong></span> <span class='ocrx_word' id='word_1_26' title='bbox 354 837 397 908; x_wconf 72' lang='lat' dir='ltr'><strong>ab</strong></span> <span class='ocrx_word' id='word_1_27' title='bbox 416 836 480 906; x_wconf 86' lang='lat' dir='ltr'><strong>elio</strong></span> <span class='ocrx_word' id='word_1_28' title='bbox 501 837 674 908; x_wconf 82' lang='lat' dir='ltr'><strong>secretorio</strong></span> <span class='ocrx_word' id='word_1_29' title='bbox 696 836 860 908; x_wconf 84' lang='lat' dir='ltr'><strong>brevium.</strong></span> <span class='ocrx_word' id='word_1_30' title='bbox 876 873 920 890; x_wconf 91' lang='grc'><strong>-</strong></span> <span class='ocrx_word' id='word_1_31' title='bbox 934 837 984 906; x_wconf 83' lang='lat' dir='ltr'><strong>ito</strong></span> <span class='ocrx_word' id='word_1_32' title='bbox 1002 837 1101 906; x_wconf 85' lang='lat' dir='ltr'><strong>etium</strong></span> <span class='ocrx_word' id='word_1_33' title='bbox 1114 835 1236 905; x_wconf 82' lang='lat' dir='ltr'><strong>adeunt</strong></span> 
     </span>
     <span class='ocr_line' id='line_1_5' title="bbox 111 943 1236 1037; baseline 0.002 -29"><span class='ocrx_word' id='word_1_34' title='bbox 111 973 128 1008; x_wconf 69' lang='grc' dir='ltr'><strong>ι(</strong></span> <span class='ocrx_word' id='word_1_35' title='bbox 153 944 270 1016; x_wconf 83' lang='lat' dir='ltr'><strong>brevis</strong></span> <span class='ocrx_word' id='word_1_36' title='bbox 292 967 392 1016; x_wconf 78' lang='lat' dir='ltr'><strong>sucre</strong></span> <span class='ocrx_word' id='word_1_37' title='bbox 415 945 685 1031; x_wconf 77' lang='lat' dir='ltr'><strong>Punitentioriae‚</strong></span> <span class='ocrx_word' id='word_1_38' title='bbox 705 965 780 1037; x_wconf 80' lang='lat' dir='ltr'><strong>que</strong></span> <span class='ocrx_word' id='word_1_39' title='bbox 801 943 963 1014; x_wconf 80' lang='lat' dir='ltr'><strong>diversum</strong></span> <span class='ocrx_word' id='word_1_40' title='bbox 985 944 1029 1014; x_wconf 83' lang='lat' dir='ltr'><strong>nb</strong></span> <span class='ocrx_word' id='word_1_41' title='bbox 1048 943 1100 1014; x_wconf 85' lang='lat' dir='ltr'><strong>his</strong></span> <span class='ocrx_word' id='word_1_42' title='bbox 1114 944 1236 1014; x_wconf 81' lang='lat' dir='ltr'><strong>hubent</strong></span> 
     </span>
     <span class='ocr_line' id='line_1_6' title="bbox 111 1052 1234 1142; baseline 0.004 -26"><span class='ocrx_word' id='word_1_43' title='bbox 111 1080 128 1116; x_wconf 71' lang='lat' dir='ltr'><strong>r</strong></span> <span class='ocrx_word' id='word_1_44' title='bbox 154 1053 310 1139; x_wconf 74' lang='lat' dir='ltr'><strong>sormam,</strong></span> <span class='ocrx_word' id='word_1_45' title='bbox 332 1052 479 1142; x_wconf 77' lang='lat' dir='ltr'><strong>sigillum</strong></span> <span class='ocrx_word' id='word_1_46' title='bbox 494 1062 526 1122; x_wconf 87' lang='lat' dir='ltr'><strong>et</strong></span> <span class='ocrx_word' id='word_1_47' title='bbox 538 1053 719 1124; x_wconf 87' lang='lat' dir='ltr'><strong>ministros.</strong></span> <span class='ocrx_word' id='word_1_48' title='bbox 738 1089 781 1106; x_wconf 89' lang='lat'><em>-</em></span> <span class='ocrx_word' id='word_1_49' title='bbox 794 1052 938 1122; x_wconf 79' lang='lat' dir='ltr'><strong>Erronee</strong></span> <span class='ocrx_word' id='word_1_50' title='bbox 960 1059 1070 1122; x_wconf 79' lang='lat' dir='ltr'><strong>cutem</strong></span> <span class='ocrx_word' id='word_1_51' title='bbox 1086 1052 1127 1121; x_wconf 80' lang='lat' dir='ltr'><strong>ob</strong></span> <span class='ocrx_word' id='word_1_52' title='bbox 1141 1059 1234 1120; x_wconf 85' lang='lat' dir='ltr'><strong>exte-</strong></span> 
     </span>
     <span class='ocr_line' id='line_1_7' title="bbox 112 1160 1232 1254; baseline 0.004 -28"><span class='ocrx_word' id='word_1_53' title='bbox 112 1189 129 1226; x_wconf 78' lang='lat'>«</span> <span class='ocrx_word' id='word_1_54' title='bbox 155 1162 205 1228; x_wconf 86' lang='lat' dir='ltr'><strong>ris</strong></span> <span class='ocrx_word' id='word_1_55' title='bbox 231 1161 384 1232; x_wconf 83' lang='lat' dir='ltr'><strong>dicuntur</strong></span> <span class='ocrx_word' id='word_1_56' title='bbox 416 1161 545 1244; x_wconf 65' lang='lat' dir='ltr'><strong>mecca,</strong></span> <span class='ocrx_word' id='word_1_57' title='bbox 575 1161 650 1232; x_wconf 78' lang='lat' dir='ltr'><strong>uiae</strong></span> <span class='ocrx_word' id='word_1_58' title='bbox 679 1160 901 1254; x_wconf 72' lang='lat' dir='ltr'>expeditiones</span> <span class='ocrx_word' id='word_1_59' title='bbox 930 1181 1075 1230; x_wconf 73' lang='lat' dir='ltr'><strong>comeum</strong></span> <span class='ocrx_word' id='word_1_60' title='bbox 1101 1161 1232 1246; x_wconf 76' lang='lat' dir='ltr'><strong>Curius,</strong></span> 
     </span>
     <span class='ocr_line' id='line_1_8' title="bbox 112 1267 1234 1361; baseline -0.001 -26"><span class='ocrx_word' id='word_1_61' title='bbox 112 1296 130 1334; x_wconf 81' lang='lat' dir='ltr'><strong>u</strong></span> <span class='ocrx_word' id='word_1_62' title='bbox 154 1292 234 1361; x_wconf 77' lang='lat' dir='ltr'><strong>qum</strong></span> <span class='ocrx_word' id='word_1_63' title='bbox 258 1269 355 1340; x_wconf 82' lang='lat' dir='ltr'><strong>etium</strong></span> <span class='ocrx_word' id='word_1_64' title='bbox 370 1269 558 1341; x_wconf 83' lang='lat' dir='ltr'><strong>scribuntur</strong></span> <span class='ocrx_word' id='word_1_65' title='bbox 575 1270 609 1340; x_wconf 93' lang='lat' dir='ltr'><strong>in</strong></span> <span class='ocrx_word' id='word_1_66' title='bbox 630 1269 841 1355; x_wconf 72' lang='lat' dir='ltr'>membranis,</span> <span class='ocrx_word' id='word_1_67' title='bbox 857 1276 935 1360; x_wconf 84' lang='lat' dir='ltr'><strong>puto</strong></span> <span class='ocrx_word' id='word_1_68' title='bbox 951 1267 1124 1338; x_wconf 82' lang='lat' dir='ltr'><strong>monitoris</strong></span> <span class='ocrx_word' id='word_1_69' title='bbox 1138 1289 1234 1359; x_wconf 80' lang='lat' dir='ltr'><strong>spos-</strong></span> 
     </span>
     <span class='ocr_line' id='line_1_9' title="bbox 112 1376 1235 1470; baseline 0 -26"><span class='ocrx_word' id='word_1_70' title='bbox 112 1405 130 1444; x_wconf 71' lang='lat'>«</span> <span class='ocrx_word' id='word_1_71' title='bbox 156 1377 265 1448; x_wconf 83' lang='lat' dir='ltr'><strong>toiicm</strong></span> <span class='ocrx_word' id='word_1_72' title='bbox 278 1377 425 1448; x_wconf 74' lang='lat' dir='ltr'><strong>Cernere</strong></span> <span class='ocrx_word' id='word_1_73' title='bbox 440 1385 472 1448; x_wconf 90' lang='lat' dir='ltr'><strong>et</strong></span> <span class='ocrx_word' id='word_1_74' title='bbox 485 1377 687 1470; x_wconf 85' lang='lat' dir='ltr'><strong>hujusmodi.</strong></span> <span class='ocrx_word' id='word_1_75' title='bbox 706 1403 723 1442; x_wconf 75' lang='lat' dir='ltr'><strong>s</strong></span> <span class='ocrx_word' id='word_1_76' title='bbox 746 1376 853 1468; x_wconf 74' lang='lat' dir='ltr'><strong>(card.</strong></span> <span class='ocrx_word' id='word_1_77' title='bbox 871 1377 980 1462; x_wconf 82' lang='lat' dir='ltr'><strong>Petro,</strong></span> <span class='ocrx_word' id='word_1_78' title='bbox 992 1376 1235 1446; x_wconf 65' lang='lat' dir='ltr'><strong>Commentario</strong></span> 
     </span>
     <span class='ocr_line' id='line_1_10' title="bbox 109 1484 1233 1578; baseline 0.001 -23"><span class='ocrx_word' id='word_1_79' title='bbox 109 1487 147 1555; x_wconf 94' lang='lat' dir='ltr'><strong>in</strong></span> <span class='ocrx_word' id='word_1_80' title='bbox 179 1485 369 1578; x_wconf 72' lang='lat' dir='ltr'><strong>apostolicas</strong></span> <span class='ocrx_word' id='word_1_81' title='bbox 396 1488 655 1574; x_wconf 74' lang='lat' dir='ltr'><strong>constitutiones,</strong></span> <span class='ocrx_word' id='word_1_82' title='bbox 681 1497 704 1554; x_wconf 93' lang='lat' dir='ltr'><strong>t.</strong></span> <span class='ocrx_word' id='word_1_83' title='bbox 733 1488 764 1573; x_wconf 87' lang='lat' dir='ltr'><strong>i,</strong></span> <span class='ocrx_word' id='word_1_84' title='bbox 794 1509 826 1578; x_wconf 86' lang='lat' dir='ltr'><strong>p.</strong></span> <span class='ocrx_word' id='word_1_85' title='bbox 857 1491 930 1554; x_wconf 77' lang='lat' dir='ltr'><strong>oet</strong></span> <span class='ocrx_word' id='word_1_86' title='bbox 956 1490 988 1572; x_wconf 81' lang='grc'><strong>6,</strong></span> <span class='ocrx_word' id='word_1_87' title='bbox 1015 1484 1093 1556; x_wconf 85' lang='lat' dir='ltr'><strong>edit.</strong></span> <span class='ocrx_word' id='word_1_88' title='bbox 1121 1485 1233 1570; x_wconf 67' lang='lat' dir='ltr'><strong>nom„</strong></span> 
     </span>
     <span class='ocr_line' id='line_1_11' title="bbox 112 1595 230 1684; baseline 0 -22"><span class='ocrx_word' id='word_1_89' title='bbox 112 1595 230 1684; x_wconf 81' lang='lat' dir='ltr'><strong>troo.)</strong></span> 
     </span>
    </p>
   </div>
   <div class='ocr_carea' id='block_1_3' title="bbox 559 1918 813 1988">
    <p class='ocr_par' dir='ltr' id='par_1_3' title="bbox 559 1918 813 1988">
     <span class='ocr_line' id='line_1_12' title="bbox 559 1918 813 1988; baseline -0.008 0"><span class='ocrx_word' id='word_1_90' title='bbox 559 1918 701 1988; x_wconf 77' lang='lat' dir='ltr'>CAPUT</span> <span class='ocrx_word' id='word_1_91' title='bbox 726 1919 813 1988; x_wconf 85' lang='lat' dir='ltr'><strong>vffl.</strong></span> 
     </span>
    </p>
   </div>
   <div class='ocr_carea' id='block_1_4' title="bbox 151 2165 1197 2242">
    <p class='ocr_par' dir='ltr' id='par_1_4' title="bbox 151 2165 1197 2242">
     <span class='ocr_line' id='line_1_13' title="bbox 151 2165 1197 2242; baseline -0.004 -30"><span class='ocrx_word' id='word_1_92' title='bbox 151 2165 314 2214; x_wconf 70' lang='lat' dir='ltr'>GONOEUMO</span> <span class='ocrx_word' id='word_1_93' title='bbox 337 2165 445 2212; x_wconf 78' lang='lat' dir='ltr'><strong>nortus</strong></span> <span class='ocrx_word' id='word_1_94' title='bbox 473 2167 624 2213; x_wconf 67' lang='lat' dir='ltr'><strong>OEGTIOMS</strong></span> <span class='ocrx_word' id='word_1_95' title='bbox 646 2167 686 2210; x_wconf 73' lang='lat' dir='ltr'><strong>DE</strong></span> <span class='ocrx_word' id='word_1_96' title='bbox 711 2165 996 2242; x_wconf 66' lang='lat' dir='ltr'><strong>COMTITUUQMBUS</strong></span> <span class='ocrx_word' id='word_1_97' title='bbox 1023 2165 1197 2212; x_wconf 67' lang='lat' dir='ltr'>PONTIFICES</span> 
     </span>
    </p>
   </div>
   <div class='ocr_carea' id='block_1_5' title="bbox 364 2279 989 2336">
    <p class='ocr_par' dir='ltr' id='par_1_5' title="bbox 364 2279 989 2336">
     <span class='ocr_line' id='line_1_14' title="bbox 364 2279 989 2336; baseline -0.005 -9"><span class='ocrx_word' id='word_1_98' title='bbox 364 2281 511 2336; x_wconf 72' lang='lat' dir='ltr'><strong>renuunt</strong></span> <span class='ocrx_word' id='word_1_99' title='bbox 534 2283 618 2330; x_wconf 79' lang='lat' dir='ltr'><strong>touls</strong></span> <span class='ocrx_word' id='word_1_100' title='bbox 641 2281 856 2330; x_wconf 61' lang='lat' dir='ltr'><strong>mutuentur</strong></span> <span class='ocrx_word' id='word_1_101' title='bbox 879 2279 989 2328; x_wconf 72' lang='lat' dir='ltr'><strong>FONTB.</strong></span> 
     </span>
    </p>
   </div>
   <div class='ocr_carea' id='block_1_6' title="bbox 113 2569 1238 4292">
    <p class='ocr_par' dir='ltr' id='par_1_6' title="bbox 113 2569 1236 2878">
     <span class='ocr_line' id='line_1_15' title="bbox 166 2569 1232 2662; baseline -0.001 -24"><span class='ocrx_word' id='word_1_102' title='bbox 166 2574 195 2638; x_wconf 79' lang='lat'><strong>1⁰</strong></span> <span class='ocrx_word' id='word_1_103' title='bbox 212 2572 261 2640; x_wconf 83' lang='lat' dir='ltr'><strong>Ex</strong></span> <span class='ocrx_word' id='word_1_104' title='bbox 293 2572 345 2640; x_wconf 83' lang='lat' dir='ltr'><strong>his</strong></span> <span class='ocrx_word' id='word_1_105' title='bbox 374 2595 447 2662; x_wconf 82' lang='lat' dir='ltr'><strong>quae</strong></span> <span class='ocrx_word' id='word_1_106' title='bbox 473 2571 513 2640; x_wconf 90' lang='lat' dir='ltr'><strong>de</strong></span> <span class='ocrx_word' id='word_1_107' title='bbox 546 2571 626 2641; x_wconf 86' lang='lat' dir='ltr'><strong>tuuti</strong></span> <span class='ocrx_word' id='word_1_108' title='bbox 659 2571 816 2640; x_wconf 85' lang='lat' dir='ltr'><strong>momenti</strong></span> <span class='ocrx_word' id='word_1_109' title='bbox 848 2570 983 2640; x_wconf 84' lang='lat' dir='ltr'><strong>muteris</strong></span> <span class='ocrx_word' id='word_1_110' title='bbox 1007 2569 1232 2654; x_wconf 85' lang='lat' dir='ltr'><strong>disseruimus,</strong></span> 
     </span>
     <span class='ocr_line' id='line_1_16' title="bbox 113 2675 1236 2770; baseline -0.004 -23"><span class='ocrx_word' id='word_1_111' title='bbox 113 2680 189 2748; x_wconf 89' lang='lat' dir='ltr'><strong>erui</strong></span> <span class='ocrx_word' id='word_1_112' title='bbox 211 2679 304 2748; x_wconf 85' lang='lat' dir='ltr'><strong>debet</strong></span> <span class='ocrx_word' id='word_1_113' title='bbox 332 2679 402 2748; x_wconf 75' lang='lat' dir='ltr'><strong>hue</strong></span> <span class='ocrx_word' id='word_1_114' title='bbox 428 2678 587 2770; x_wconf 77' lang='lat' dir='ltr'><strong>generalis</strong></span> <span class='ocrx_word' id='word_1_115' title='bbox 616 2677 793 2764; x_wconf 76' lang='lat' dir='ltr'><strong>conclusio,</strong></span> <span class='ocrx_word' id='word_1_116' title='bbox 824 2676 1066 2746; x_wconf 86' lang='lat' dir='ltr'><strong>constitutiones</strong></span> <span class='ocrx_word' id='word_1_117' title='bbox 1083 2675 1236 2769; x_wconf 84' lang='lat' dir='ltr'><strong>spostoli-</strong></span> 
     </span>
     <span class='ocr_line' id='line_1_17' title="bbox 113 2785 1149 2878; baseline -0.003 -22"><span class='ocrx_word' id='word_1_118' title='bbox 113 2811 171 2856; x_wconf 81' lang='lat' dir='ltr'><strong>cas</strong></span> <span class='ocrx_word' id='word_1_119' title='bbox 182 2810 251 2856; x_wconf 88' lang='lat' dir='ltr'><strong>esse</strong></span> <span class='ocrx_word' id='word_1_120' title='bbox 266 2787 402 2871; x_wconf 83' lang='lat' dir='ltr'><strong>iontem,</strong></span> <span class='ocrx_word' id='word_1_121' title='bbox 420 2786 598 2878; x_wconf 81' lang='lat' dir='ltr'><strong>etquidem</strong></span> <span class='ocrx_word' id='word_1_122' title='bbox 615 2787 822 2878; x_wconf 74' lang='lat' dir='ltr'><strong>precipuum</strong></span> <span class='ocrx_word' id='word_1_123' title='bbox 835 2785 922 2876; x_wconf 88' lang='lat' dir='ltr'><strong>juris</strong></span> <span class='ocrx_word' id='word_1_124' title='bbox 935 2785 1149 2854; x_wconf 79' lang='lat' dir='ltr'><strong>ecclesiastici.</strong></span> 
     </span>
    </p>

    <p class='ocr_par' dir='ltr' id='par_1_7' title="bbox 114 2893 1238 4292">
     <span class='ocr_line' id='line_1_18' title="bbox 162 2893 1235 2986; baseline -0.002 -22"><span class='ocrx_word' id='word_1_125' title='bbox 162 2901 196 2964; x_wconf 83' lang='lat'><strong>2⁰</strong></span> <span class='ocrx_word' id='word_1_126' title='bbox 211 2897 299 2966; x_wconf 83' lang='lat' dir='ltr'><strong>inter</strong></span> <span class='ocrx_word' id='word_1_127' title='bbox 321 2895 449 2966; x_wconf 77' lang='lat' dir='ltr'><strong>decretu</strong></span> <span class='ocrx_word' id='word_1_128' title='bbox 470 2894 636 2986; x_wconf 83' lang='lat' dir='ltr'><strong>pontificis</strong></span> <span class='ocrx_word' id='word_1_129' title='bbox 654 2894 709 2985; x_wconf 86' lang='lat' dir='ltr'><strong>jus</strong></span> <span class='ocrx_word' id='word_1_130' title='bbox 731 2893 881 2964; x_wconf 76' lang='lat' dir='ltr'><strong>facientia</strong></span> <span class='ocrx_word' id='word_1_131' title='bbox 901 2894 1016 2985; x_wconf 88' lang='lat' dir='ltr'><strong>reponi</strong></span> <span class='ocrx_word' id='word_1_132' title='bbox 1036 2917 1101 2964; x_wconf 89' lang='lat' dir='ltr'><strong>non</strong></span> <span class='ocrx_word' id='word_1_133' title='bbox 1117 2894 1235 2964; x_wconf 87' lang='lat' dir='ltr'><strong>debent</strong></span> 
     </span>
     <span class='ocr_line' id='line_1_19' title="bbox 114 3003 1235 3096; baseline -0.004 -22"><span class='ocrx_word' id='word_1_134' title='bbox 114 3006 233 3074; x_wconf 72' lang='lat' dir='ltr'><strong>littere</strong></span> <span class='ocrx_word' id='word_1_135' title='bbox 250 3003 315 3072; x_wconf 81' lang='lat' dir='ltr'><strong>iilae</strong></span> <span class='ocrx_word' id='word_1_136' title='bbox 328 3027 404 3096; x_wconf 80' lang='lat' dir='ltr'><strong>qum</strong></span> <span class='ocrx_word' id='word_1_137' title='bbox 419 3004 574 3095; x_wconf 76' lang='lat' dir='ltr'><strong>rescn‘pte</strong></span> <span class='ocrx_word' id='word_1_138' title='bbox 590 3003 758 3090; x_wconf 85' lang='lat' dir='ltr'><strong>dicuntur,</strong></span> <span class='ocrx_word' id='word_1_139' title='bbox 775 3010 894 3094; x_wconf 78' lang='lat' dir='ltr'><strong>etque</strong></span> <span class='ocrx_word' id='word_1_140' title='bbox 910 3024 968 3093; x_wconf 89' lang='lat' dir='ltr'><strong>pro</strong></span> <span class='ocrx_word' id='word_1_141' title='bbox 981 3003 1109 3094; x_wconf 86' lang='lat' dir='ltr'><strong>privetu</strong></span> <span class='ocrx_word' id='word_1_142' title='bbox 1123 3003 1235 3094; x_wconf 77' lang='lat' dir='ltr'><strong>ulique</strong></span> 
     </span>
     <span class='ocr_line' id='line_1_20' title="bbox 114 3111 1236 3209; baseline -0.004 -27"><span class='ocrx_word' id='word_1_143' title='bbox 114 3135 255 3206; x_wconf 82' lang='lat' dir='ltr'><strong>persona</strong></span> <span class='ocrx_word' id='word_1_144' title='bbox 281 3123 337 3184; x_wconf 81' lang='lat' dir='ltr'><strong>eut</strong></span> <span class='ocrx_word' id='word_1_145' title='bbox 363 3113 493 3209; x_wconf 78' lang='lat' dir='ltr'><strong>negotio</strong></span> <span class='ocrx_word' id='word_1_146' title='bbox 518 3113 629 3204; x_wconf 82' lang='lat' dir='ltr'><strong>atiquo</strong></span> <span class='ocrx_word' id='word_1_147' title='bbox 654 3111 839 3180; x_wconf 85' lang='lat' dir='ltr'><strong>tmusitorio</strong></span> <span class='ocrx_word' id='word_1_148' title='bbox 869 3112 1059 3182; x_wconf 79' lang='lat' dir='ltr'><strong>decernunt.</strong></span> <span class='ocrx_word' id='word_1_149' title='bbox 1092 3113 1139 3180; x_wconf 87' lang='lat' dir='ltr'><strong>Dc</strong></span> <span class='ocrx_word' id='word_1_150' title='bbox 1166 3112 1236 3180; x_wconf 87' lang='lat' dir='ltr'><strong>istis</strong></span> 
     </span>
     <span class='ocr_line' id='line_1_21' title="bbox 116 3218 1233 3313; baseline -0.003 -23"><span class='ocrx_word' id='word_1_151' title='bbox 116 3223 281 3313; x_wconf 84' lang='lat' dir='ltr'><strong>rescriptis</strong></span> <span class='ocrx_word' id='word_1_152' title='bbox 304 3222 348 3290; x_wconf 86' lang='lat' dir='ltr'><strong>itu</strong></span> <span class='ocrx_word' id='word_1_153' title='bbox 369 3221 563 3292; x_wconf 79' lang='lat' dir='ltr'><strong>Benedictus</strong></span> <span class='ocrx_word' id='word_1_154' title='bbox 590 3219 669 3290; x_wconf 85' lang='lat' dir='ltr'><strong>XIV</strong></span> <span class='ocrx_word' id='word_1_155' title='bbox 697 3220 747 3312; x_wconf 84' lang='lat' dir='ltr'><strong>(de</strong></span> <span class='ocrx_word' id='word_1_156' title='bbox 761 3220 896 3311; x_wconf 76' lang='lat' dir='ltr'><strong>Synodo</strong></span> <span class='ocrx_word' id='word_1_157' title='bbox 911 3218 1019 3303; x_wconf 69' lang='lat' dir='ltr'><strong>dioec„</strong></span> <span class='ocrx_word' id='word_1_158' title='bbox 1037 3221 1060 3290; x_wconf 92' lang='lat' dir='ltr'><strong>l.</strong></span> <span class='ocrx_word' id='word_1_159' title='bbox 1081 3227 1112 3306; x_wconf 87' lang='grc'><strong>9,</strong></span> <span class='ocrx_word' id='word_1_160' title='bbox 1130 3221 1182 3290; x_wconf 90' lang='lat' dir='ltr'><strong>ch.</strong></span> <span class='ocrx_word' id='word_1_161' title='bbox 1202 3224 1233 3305; x_wconf 81' lang='lat'><strong>8,</strong></span> 
     </span>
     <span class='ocr_line' id='line_1_22' title="bbox 116 3329 1235 3422; baseline -0.004 -22"><span class='ocrx_word' id='word_1_162' title='bbox 116 3356 152 3401; x_wconf 90' lang='lat' dir='ltr'><strong>n.</strong></span> <span class='ocrx_word' id='word_1_163' title='bbox 168 3333 201 3422; x_wconf 82' lang='lat'><strong>2)</strong></span> <span class='ocrx_word' id='word_1_164' title='bbox 218 3359 225 3400; x_wconf 92' lang='lat'>:</span> <span class='ocrx_word' id='word_1_165' title='bbox 249 3360 266 3398; x_wconf 78' lang='lat' dir='ltr'><strong>o</strong></span> <span class='ocrx_word' id='word_1_166' title='bbox 289 3333 327 3402; x_wconf 92' lang='lat' dir='ltr'><strong>ln</strong></span> <span class='ocrx_word' id='word_1_167' title='bbox 341 3331 460 3400; x_wconf 90' lang='lat' dir='ltr'><strong>horum</strong></span> <span class='ocrx_word' id='word_1_168' title='bbox 483 3332 688 3400; x_wconf 84' lang='lat' dir='ltr'><strong>concessione</strong></span> <span class='ocrx_word' id='word_1_169' title='bbox 703 3332 773 3400; x_wconf 87' lang='lat' dir='ltr'><strong>sive</strong></span> <span class='ocrx_word' id='word_1_170' title='bbox 788 3329 996 3420; x_wconf 80' lang='lat' dir='ltr'><strong>expeditione</strong></span> <span class='ocrx_word' id='word_1_171' title='bbox 1011 3330 1094 3400; x_wconf 88' lang='lat' dir='ltr'><strong>nihii</strong></span> <span class='ocrx_word' id='word_1_172' title='bbox 1109 3329 1235 3399; x_wconf 76' lang='lat' dir='ltr'><strong>facilius</strong></span> 
     </span>
     <span class='ocr_line' id='line_1_23' title="bbox 120 3439 1236 3533; baseline 0 -27"><span class='ocrx_word' id='word_1_173' title='bbox 120 3470 139 3506; x_wconf 78' lang='lat' dir='ltr'><strong>u</strong></span> <span class='ocrx_word' id='word_1_174' title='bbox 161 3451 208 3510; x_wconf 84' lang='lat' dir='ltr'><strong>est</strong></span> <span class='ocrx_word' id='word_1_175' title='bbox 231 3463 329 3533; x_wconf 86' lang='lat' dir='ltr'><strong>quum</strong></span> <span class='ocrx_word' id='word_1_176' title='bbox 355 3450 391 3508; x_wconf 87' lang='lat' dir='ltr'><strong>nt</strong></span> <span class='ocrx_word' id='word_1_177' title='bbox 406 3439 584 3531; x_wconf 81' lang='lat' dir='ltr'><strong>aliquando</strong></span> <span class='ocrx_word' id='word_1_178' title='bbox 599 3440 773 3510; x_wconf 83' lang='lat' dir='ltr'><strong>Pontifices</strong></span> <span class='ocrx_word' id='word_1_179' title='bbox 789 3439 1004 3530; x_wconf 80' lang='lat' dir='ltr'><strong>decipientur,</strong></span> <span class='ocrx_word' id='word_1_180' title='bbox 1023 3439 1073 3509; x_wconf 87' lang='lat' dir='ltr'><strong>vel</strong></span> <span class='ocrx_word' id='word_1_181' title='bbox 1087 3439 1166 3508; x_wconf 81' lang='lat' dir='ltr'><strong>falsu</strong></span> <span class='ocrx_word' id='word_1_182' title='bbox 1182 3461 1236 3506; x_wconf 87' lang='lat' dir='ltr'><strong>re-</strong></span> 
     </span>
     <span class='ocr_line' id='line_1_24' title="bbox 121 3547 1235 3639; baseline -0.004 -21"><span class='ocrx_word' id='word_1_183' title='bbox 121 3577 139 3612; x_wconf 77' lang='lat'>«</span> <span class='ocrx_word' id='word_1_184' title='bbox 161 3573 237 3620; x_wconf 79' lang='lat' dir='ltr'><strong>runt</strong></span> <span class='ocrx_word' id='word_1_185' title='bbox 262 3550 479 3635; x_wconf 80' lang='lat' dir='ltr'><strong>enarratione,</strong></span> <span class='ocrx_word' id='word_1_186' title='bbox 505 3548 555 3618; x_wconf 87' lang='lat' dir='ltr'><strong>vel</strong></span> <span class='ocrx_word' id='word_1_187' title='bbox 580 3549 792 3618; x_wconf 80' lang='lat' dir='ltr'><strong>occultatione</strong></span> <span class='ocrx_word' id='word_1_188' title='bbox 810 3547 948 3638; x_wconf 73' lang='lat' dir='ltr'><strong>alicujus</strong></span> <span class='ocrx_word' id='word_1_189' title='bbox 966 3547 1235 3639; x_wconf 77' lang='lat' dir='ltr'><strong>veritatis,quon1</strong></span> 
     </span>
     <span class='ocr_line' id='line_1_25' title="bbox 122 3655 1236 3747; baseline 0 -25"><span class='ocrx_word' id='word_1_190' title='bbox 122 3683 140 3722; x_wconf 76' lang='lat' dir='ltr'><strong>r</strong></span> <span class='ocrx_word' id='word_1_191' title='bbox 162 3657 191 3726; x_wconf 91' lang='lat' dir='ltr'><strong>si</strong></span> <span class='ocrx_word' id='word_1_192' title='bbox 216 3666 326 3726; x_wconf 85' lang='lat' dir='ltr'><strong>notem</strong></span> <span class='ocrx_word' id='word_1_193' title='bbox 351 3655 554 3744; x_wconf 83' lang='lat' dir='ltr'><strong>hoituisseut,</strong></span> <span class='ocrx_word' id='word_1_194' title='bbox 577 3679 748 3747; x_wconf 78' lang='lat' dir='ltr'><strong>nunquam</strong></span> <span class='ocrx_word' id='word_1_195' title='bbox 764 3677 803 3724; x_wconf 87' lang='lat' dir='ltr'><strong>co</strong></span> <span class='ocrx_word' id='word_1_196' title='bbox 828 3655 1057 3726; x_wconf 86' lang='lat' dir='ltr'><strong>concessissent</strong></span> <span class='ocrx_word' id='word_1_197' title='bbox 1072 3665 1128 3724; x_wconf 86' lang='lat' dir='ltr'><strong>aut</strong></span> <span class='ocrx_word' id='word_1_198' title='bbox 1144 3678 1236 3723; x_wconf 83' lang='lat' dir='ltr'><strong>rnen-</strong></span> 
     </span>
     <span class='ocr_line' id='line_1_26' title="bbox 124 3763 1236 3858; baseline 0 -28"><span class='ocrx_word' id='word_1_199' title='bbox 124 3795 143 3830; x_wconf 70' lang='grc' dir='ltr'><strong>ιι</strong></span> <span class='ocrx_word' id='word_1_200' title='bbox 163 3769 292 3836; x_wconf 82' lang='lat' dir='ltr'><strong>dessent</strong></span> <span class='ocrx_word' id='word_1_201' title='bbox 314 3789 389 3858; x_wconf 71' lang='lat' dir='ltr'><strong>quse</strong></span> <span class='ocrx_word' id='word_1_202' title='bbox 407 3766 545 3858; x_wconf 79' lang='lat' dir='ltr'><strong>aiicujus</strong></span> <span class='ocrx_word' id='word_1_203' title='bbox 566 3766 635 3835; x_wconf 89' lang='lat' dir='ltr'><strong>vitii</strong></span> <span class='ocrx_word' id='word_1_204' title='bbox 648 3773 843 3855; x_wconf 78' lang='lat' dir='ltr'><strong>arguuntur.</strong></span> <span class='ocrx_word' id='word_1_205' title='bbox 864 3765 991 3835; x_wconf 87' lang='lat' dir='ltr'><strong>Verum</strong></span> <span class='ocrx_word' id='word_1_206' title='bbox 1007 3766 1041 3832; x_wconf 92' lang='lat' dir='ltr'><strong>in</strong></span> <span class='ocrx_word' id='word_1_207' title='bbox 1055 3765 1142 3834; x_wconf 83' lang='lat' dir='ltr'><strong>hisce</strong></span> <span class='ocrx_word' id='word_1_208' title='bbox 1155 3763 1236 3832; x_wconf 83' lang='lat' dir='ltr'><strong>cesi-</strong></span> 
     </span>
     <span class='ocr_line' id='line_1_27' title="bbox 125 3875 1236 3968; baseline 0.002 -28"><span class='ocrx_word' id='word_1_209' title='bbox 125 3904 143 3940; x_wconf 77' lang='grc' dir='ltr'><strong>α</strong></span> <span class='ocrx_word' id='word_1_210' title='bbox 163 3878 226 3946; x_wconf 92' lang='lat' dir='ltr'><strong>bus</strong></span> <span class='ocrx_word' id='word_1_211' title='bbox 240 3876 400 3968; x_wconf 82' lang='lat' dir='ltr'><strong>quidquid</strong></span> <span class='ocrx_word' id='word_1_212' title='bbox 417 3877 457 3946; x_wconf 85' lang='lat' dir='ltr'><strong>eb</strong></span> <span class='ocrx_word' id='word_1_213' title='bbox 471 3878 519 3944; x_wconf 87' lang='lat' dir='ltr'><strong>eis</strong></span> <span class='ocrx_word' id='word_1_214' title='bbox 535 3899 592 3968; x_wconf 88' lang='lat' dir='ltr'><strong>per</strong></span> <span class='ocrx_word' id='word_1_215' title='bbox 607 3876 851 3967; x_wconf 85' lang='lat' dir='ltr'><strong>subreptionem</strong></span> <span class='ocrx_word' id='word_1_216' title='bbox 868 3884 924 3944; x_wconf 83' lang='lat' dir='ltr'><strong>aut</strong></span> <span class='ocrx_word' id='word_1_217' title='bbox 939 3875 1159 3967; x_wconf 87' lang='lat' dir='ltr'><strong>obreptionem</strong></span> <span class='ocrx_word' id='word_1_218' title='bbox 1175 3876 1236 3943; x_wconf 90' lang='lat' dir='ltr'><strong>im-</strong></span> 
     </span>
     <span class='ocr_line' id='line_1_28' title="bbox 126 3983 1237 4074; baseline 0.004 -27"><span class='ocrx_word' id='word_1_219' title='bbox 126 4009 142 4047; x_wconf 75' lang='lat'><strong>«</strong></span> <span class='ocrx_word' id='word_1_220' title='bbox 165 3992 326 4074; x_wconf 76' lang='lat' dir='ltr'><strong>petreium</strong></span> <span class='ocrx_word' id='word_1_221' title='bbox 340 3992 400 4070; x_wconf 85' lang='lat' dir='ltr'><strong>est,</strong></span> <span class='ocrx_word' id='word_1_222' title='bbox 417 3983 479 4073; x_wconf 86' lang='lat' dir='ltr'><strong>ipsi</strong></span> <span class='ocrx_word' id='word_1_223' title='bbox 490 3983 579 4052; x_wconf 83' lang='lat' dir='ltr'><strong>houd</strong></span> <span class='ocrx_word' id='word_1_224' title='bbox 592 3983 689 4052; x_wconf 90' lang='lat' dir='ltr'><strong>inviti</strong></span> <span class='ocrx_word' id='word_1_225' title='bbox 696 3983 858 4072; x_wconf 80' lang='lat' dir='ltr'><strong>abrogent</strong></span> <span class='ocrx_word' id='word_1_226' title='bbox 863 4009 872 4069; x_wconf 83' lang='lat'>3</span> <span class='ocrx_word' id='word_1_227' title='bbox 886 3983 1072 4074; x_wconf 81' lang='lat' dir='ltr'><strong>utioppsret</strong></span> <span class='ocrx_word' id='word_1_228' title='bbox 1083 4005 1125 4050; x_wconf 85' lang='lat' dir='ltr'><strong>ex</strong></span> <span class='ocrx_word' id='word_1_229' title='bbox 1134 3983 1237 4074; x_wconf 81' lang='lat' dir='ltr'><strong>cupite</strong></span> 
     </span>
     <span class='ocr_line' id='line_1_29' title="bbox 127 4090 1235 4182; baseline 0.003 -27"><span class='ocrx_word' id='word_1_230' title='bbox 127 4117 145 4154; x_wconf 75' lang='lat' dir='ltr'><strong>u</strong></span> <span class='ocrx_word' id='word_1_231' title='bbox 166 4114 261 4181; x_wconf 78' lang='lat' dir='ltr'><strong>super</strong></span> <span class='ocrx_word' id='word_1_232' title='bbox 280 4092 408 4172; x_wconf 81' lang='lat' dir='ltr'><strong>litteris,</strong></span> <span class='ocrx_word' id='word_1_233' title='bbox 425 4091 464 4158; x_wconf 84' lang='lat' dir='ltr'><strong>dc</strong></span> <span class='ocrx_word' id='word_1_234' title='bbox 476 4090 639 4182; x_wconf 78' lang='lat' dir='ltr'><strong>rescriptis</strong></span> <span class='ocrx_word' id='word_1_235' title='bbox 658 4115 668 4157; x_wconf 95' lang='lat'><em>:</em></span> <span class='ocrx_word' id='word_1_236' title='bbox 686 4113 745 4160; x_wconf 88' lang='lat' dir='ltr'><strong>nee</strong></span> <span class='ocrx_word' id='word_1_237' title='bbox 761 4091 828 4160; x_wconf 90' lang='lat' dir='ltr'><strong>ullo</strong></span> <span class='ocrx_word' id='word_1_238' title='bbox 852 4091 949 4160; x_wconf 90' lang='lat' dir='ltr'><strong>modo</strong></span> <span class='ocrx_word' id='word_1_239' title='bbox 965 4113 1053 4180; x_wconf 76' lang='lat' dir='ltr'><strong>regne</strong></span> <span class='ocrx_word' id='word_1_240' title='bbox 1068 4091 1191 4179; x_wconf 79' lang='lat' dir='ltr'><strong>ierunt,</strong></span> <span class='ocrx_word' id='word_1_241' title='bbox 1209 4091 1235 4158; x_wconf 88' lang='lat' dir='ltr'><strong>si</strong></span> 
     </span>
     <span class='ocr_line' id='line_1_30' title="bbox 129 4187 1238 4292; baseline 0.005 -28"><span class='ocrx_word' id='word_1_242' title='bbox 129 4225 144 4260; x_wconf 76' lang='lat' dir='ltr'><strong>o</strong></span> <span class='ocrx_word' id='word_1_243' title='bbox 168 4208 352 4270; x_wconf 75' lang='lat' dir='ltr'><strong>executores</strong></span> <span class='ocrx_word' id='word_1_244' title='bbox 371 4187 489 4292; x_wconf 82' lang='lat' dir='ltr'><strong>quibus</strong></span> <span class='ocrx_word' id='word_1_245' title='bbox 506 4199 694 4270; x_wconf 75' lang='lat' dir='ltr'><strong>mundatum</strong></span> <span class='ocrx_word' id='word_1_246' title='bbox 714 4199 925 4270; x_wconf 86' lang='lat' dir='ltr'><strong>commissum</strong></span> <span class='ocrx_word' id='word_1_247' title='bbox 939 4207 999 4288; x_wconf 89' lang='lat' dir='ltr'><strong>est,</strong></span> <span class='ocrx_word' id='word_1_248' title='bbox 1015 4202 1238 4270; x_wconf 82' lang='lat' dir='ltr'><strong>executionem</strong></span> 
     </span>
    </p>
   </div>
   <div class='ocr_carea' id='block_1_7' title="bbox 0 0 1559 4948">
    <p class='ocr_par' dir='ltr' id='par_1_8' title="bbox 0 0 1559 4948">
     <span class='ocr_line' id='line_1_31' title="bbox 0 0 1559 4948; baseline 0 0"><span class='ocrx_word' id='word_1_249' title='bbox 0 0 1559 4948; x_wconf 95' lang='lat' dir='ltr'><strong> </strong></span> 
     </span>
    </p>
   </div>
  </div>
 </body>
</html>
