3050 4946
549 463 631 510 tuttts
663 463 813 514 ctuotttct.

566 807 709 878 CAPUT
732 811 791 881 tv.

116 1039 227 1088 naritus
253 1041 291 1088 m
326 1041 417 1088 sotus
444 1040 542 1088 CODEX
572 1040 805 1088 tucrottmrsu
834 1041 980 1090 eunuchis
1009 1043 1126 1092 HABENS
1158 1046 1236 1092 trun

183 1157 312 1206 numos
345 1157 440 1215 usoutt
476 1161 516 1206 to
548 1157 692 1206 sedubunt
725 1161 759 1208 vt
790 1161 859 1208 Flll'l'
893 1159 1056 1208 contuente
1089 1161 1235 1209 CANONUM

184 1275 366 1326 NIGAENORUH
389 1277 428 1322 ΒΤ
455 1275 686 1324 suuntcsrtstmt.

162 1495 262 1564 initio
283 1493 495 1564 occidentales
513 1495 597 1564 sicut
611 1501 643 1563 et
657 1494 829 1565 orientales
844 1495 996 1566 Ecclesiae
1012 1496 1089 1567 solis
1107 1505 1236 1590 aposto-

114 1602 189 1672 licis
206 1601 434 1673 traditionibus
450 1611 481 1674 et
495 1602 666 1695 Scriptura
680 1625 771 1672 sacra
786 1625 846 1695 pro
854 1605 929 1695 jure
940 1605 1153 1675 ecclesiastico
1165 1629 1234 1675 usca

116 1721 205 1780 snut.

158 1818 204 1886 At
224 1819 384 1888 celebrata
406 1842 493 1888 anno
514 1823 577 1889 325
598 1819 868 1912 primoomnium
886 1823 1160 1892 oecumenicarum
1175 1824 1237 1893 Ni-

116 1947 209 1994 oaena
232 1927 370 2017 synodo,
399 1935 431 1995 et
449 1929 547 2019 paulo
565 1937 637 2020 post
654 1928 852 2016 sardicensi,
875 1951 990 1998 carum
1008 1951 1147 2000 canones
1167 1939 1237 2000 stu-

116 2033 300 2104 diosissime
330 2045 530 2128 exceperunt
562 2035 774 2106 occidentales
799 2037 964 2124 Ecclesia,
996 2046 1028 2106 et
1055 2041 1237 2130 prasertim

116 2143 276 2210 Romana.
303 2142 514 2236 Quadruplex
539 2151 647 2212 autem
668 2144 807 2236 quaestio
826 2144 879 2212 hio
893 2143 1059 2213 tractanda
1073 2147 1233 2236 exsurgit.

120 2256 152 2318 1ο
166 2251 258 2322 Num
283 2259 357 2319 ante
377 2252 534 2320 saeculum
550 2260 679 2321 sextum
697 2253 759 2320 alia
775 2259 893 2344 prator
911 2251 1121 2322 Nicaenorum
1137 2276 1238 2322 cano-

117 2381 200 2428 num
230 2359 374 2429 collectio
403 2362 626 2430 auctoritatem
655 2362 689 2430 in
720 2359 864 2430 Ecclesia
888 2360 1037 2429 Romana
1060 2369 1091 2428 et
1114 2361 1148 2428 in
1171 2369 1237 2430 toto

117 2467 291 2537 Occidente
311 2468 473 2538 habuerit.
492 2474 525 2538 2ο
548 2471 641 2540 Num
657 2469 801 2539 collectio
818 2470 889 2537 haec
907 2490 1071 2537 munuum
1084 2469 1237 2538 Nicaeno-

117 2600 193 2645 rum
214 2577 496 2668 comprehenderit
518 2577 616 2646 ctiam
635 2579 696 2646 sub
717 2577 831 2648 eodem
853 2579 984 2649 nomine
1005 2602 1144 2649 canones
1159 2580 1237 2649 Sar-

117 2683 274 2754 dicenses.
301 2688 334 2752 3⁰
356 2685 444 2754 Num
475 2686 721 2755 constitutiones
747 2686 922 2779 pontiliciae
952 2687 987 2756 in
1018 2687 1236 2756 authenticam

117 2791 340 2861 collectionem
360 2792 482 2862 luerint
502 2801 678 2886 congcstae,
701 2803 733 2862 et
748 2793 824 2863 inde
838 2795 1060 2864 auctoritatem
1075 2815 1236 2864 canonum

118 2901 304 2970 habuerint.
333 2905 366 2970 4ο
391 2901 479 2970 Num
507 2903 676 2972 versiones
698 2905 809 2973 latine
831 2905 951 2974 codicia
970 2907 1086 2996 graeci,
1109 2905 1238 2995 Diony·

118 3010 167 3076 sio
187 3009 317 3098 Exiguo
341 3010 529 3091 anteriores,
556 3009 731 3079 habuerint
755 3012 792 3100 in
819 3011 991 3082 Occidente
1016 3013 1237 3082 auctoritatem

118 3114 297 3207 publicam.

639 3289 716 3379 51.

118 3475 242 3527 collectio
258 3473 423 3528 Nicanorem
440 3489 570 3530 canonum
586 3475 642 3527 sola
657 3475 684 3528 iu
700 3475 842 3528 Occidente
858 3475 1038 3528 auctoritatam
1051 3475 1141 3528 babuit
1156 3491 1237 3542 usque

563 3557 595 3609 ad
612 3559 736 3610 mantum
751 3557 797 3607 Vl·

162 3747 370 3818 Innocentius
384 3749 411 3836 l,
428 3747 486 3840 qui
501 3747 638 3816 nanno
655 3749 717 3814 402
735 3740 837 3838 usquc
853 3745 894 3814 ad
908 3767 1033 3816 annum
1048 3750 1110 3816 uc
1127 3747 1237 3817 Eccle-

118 3857 177 3925 siae
193 3855 336 3948 praefuit,
352 3855 398 3925 sic
413 3877 564 3948 expresse
578 3861 713 3924 testatur
726 3855 762 3923 in
778 3877 838 3924 sua
848 3854 890 3924 ad
901 3855 1025 3926 clerum
1037 3866 1069 3926 et
1079 3856 1237 3951 populum

118 3966 512 4060 Constantinopohtanum
532 3965 666 4058 epistola
682 3992 690 4032 ι
707 3968 811 4034 Porro
838 3965 928 4058 qaod
941 3965 988 4035 ad
996 3989 1159 4037 emonam
1180 3968 1239 4037 ob-

120 4075 323 4144 secontiam
337 4076 466 4159 attinet,
480 4076 547 4145 illis
560 4073 799 4167 obsequendum
814 4097 878 4145 ease
892 4076 1095 4146 decernimus
1109 4077 1168 4168 qui
1175 4078 1237 4150 Ni-

124 4206 197 4254 aaa
211 4182 429 4268 demolierunt,
446 4207 526 4277 quos
541 4184 624 4254 solos
642 4183 734 4276 sequi
746 4183 908 4254 catholico
920 4183 1066 4256 Ecclesia
1082 4183 1182 4269 debet,
1207 4198 1237 4254 ct
