3050 4946
292 461 355 528 ttt
646 483 823 531 mauranus
844 485 884 530 ns
906 483 1063 531 nmctms

290 644 392 690 nones
411 625 597 715 Ancyreum
619 621 737 713 synodi
763 646 867 691 :nam
895 647 1020 692 maone
1041 627 1098 709 3¹,
1114 645 1218 712 agens
1238 622 1281 692 de
1304 623 1411 714 perui—

289 731 388 798 tentia
399 730 655 816 homicidarum,
670 730 763 821 jubet
777 731 946 800 observari
961 730 1053 823 quod
1065 731 1265 823 Aucyritum'
1275 753 1413 798 mes

290 837 509 906 desecemm
536 837 605 906 Hoc
628 845 738 906 autem
762 847 1016 907 monumentum
1043 847 1092 906 est
1113 839 1263 930 primum
1288 839 1324 906 in
1347 861 1413 929 quo

288 946 499 1014 inveniantur
524 945 653 1036 allegati
674 969 694 1014 a
713 945 850 1014 concilio
877 945 1040 1035 gallicano
1066 945 1121 1014 alii
1145 947 1249 1036 graeei
1274 968 1415 1016 annam

290 1063 412 1145 praeter
430 1055 593 1123 Nicaeuos.
618 1053 722 1123 Porro
742 1055 776 1121 in
797 1053 857 1122 hac
875 1054 1070 1143 allegatione
1089 1063 1216 1122 constat
1235 1053 1412 1122 aemilium

290 1164 480 1256 Epaouense
516 1187 614 1234 usum
648 1164 749 1234 fuisse
779 1165 927 1232 versione
956 1164 1155 1242 Isidoriaua3
1188 1163 1265 1232 hnic
1293 1164 1413 1256 quippe

291 1272 431 1342 versioni
454 1273 586 1365 propris
604 1279 653 1341 est
671 1271 743 1340 hac
763 1272 989 1342 denominatio
1009 1294 1175 1342 mnonum
1195 1274 1415 1362 MraJntm·

290 1403 385 1462 rum,·
411 1379 543 1448 eosdem
568 1378 729 1471 siquidem
757 1402 897 1448 mnoues
923 1379 1029 1449 versio
1054 1380 1167 1449 Prisca
1186 1387 1281 1448 vocat
1305 1383 1413 1469 Amy-

290 1511 408 1574 rocses,
433 1495 465 1554 et
494 1487 694 1579 Dionysiana
718 1489 920 1579 Aruyronos.
949 1488 1092 1556 'l'extum
1120 1489 1280 1556 versionis
1306 1486 1412 1554 lsido-

291 1597 393 1664 rianoe
418 1592 591 1663 ediderunt
618 1617 694 1662 cum
723 1595 809 1664 notis
838 1595 954 1662 iratres
985 1595 1155 1681 Ballerini,
1187 1595 1221 1662 iu
1252 1603 1345 1662 tomo
1370 1593 1413 1661 111

290 1703 437 1796 Operum
452 1703 554 1772 munti
568 1703 697 1770 leonia

335 1812 381 1878 De
404 1812 552 1880 versione
579 1833 654 1901 quse
680 1813 793 1886 Prisca
821 1812 943 1882 dicitur
962 1815 1007 1881 sic
1034 1813 1201 1882 disserunt
1229 1812 1410 1880 baller-ini:

295 1919 447 1986 «Pn'soo
473 1919 661 1988 Graecorum
691 1941 855 1989 munuum
887 1921 1112 2012 interpretatio
1138 1921 1240 1988 latina
1268 1943 1308 1988 ea
1336 1920 1413 1988 solet

295 2054 311 2092 c
335 2024 596 2118 appellarique
620 2026 654 2092 in
674 2027 871 2096 veneranda
893 2027 1097 2120 antiquitatis
1117 2029 1346 2118 manuscripto
1360 2051 1411 2095 eo

294 2162 311 2200 c
334 2136 416 2220 dice,
433 2133 548 2202 litteris
566 2135 756 2225 majusculis
776 2143 808 2203 et
826 2137 994 2228 quadratis
1013 2138 1146 2228 scripto,
1163 2137 1251 2228 apud
1266 2135 1411 2205 Christo-

295 2270 312 2308 ι(
334 2241 477 2335 phorum
493 2241 670 2310 Justellum
686 2242 765 2310 olim
782 2243 954 2330 custodita,
970 2267 1009 2312 ac
1022 2245 1109 2334 typis
1125 2252 1248 2334 parata,
1266 2243 1309 2310 ab
1324 2245 1412 2312 Heu·

294 2378 312 2418 α
335 2356 402 2424 rico
416 2356 489 2446 ejus
504 2353 573 2423 filio
588 2363 620 2422 et
635 2354 813 2423 Guillelmo
827 2355 944 2424 Voello
963 2364 1054 2424 tomo
1074 2355 1184 2446 primo
1203 2354 1411 2422 Bibliotheca

296 2491 313 2530 a
330 2464 421 2555 juris
441 2463 592 2532 canonici
614 2463 731 2532 veteres
753 2464 887 2550 inserta,
909 2464 1046 2532 Lutetiae
1068 2463 1271 2534 Parisiorum
1291 2464 1411 2554 prodiit

294 2599 312 2636 o
334 2593 420 2640 anno
436 2574 533 2638 1671.
553 2597 569 2632 ι)
587 2569 647 2660 (De
661 2570 804 2661 antiquis
825 2571 965 2658 collect,
983 2575 1121 2662 partet,
1137 2593 1166 2638 c.
1184 2575 1217 2656 2,
1235 2571 1257 2662 ξ
1274 2573 1321 2660 3.)

333 2678 370 2746 lu
400 2677 461 2745 hoc
490 2688 600 2745 antem
630 2677 757 2746 edendo
785 2679 898 2768 magui
936 2679 1098 2747 momenti
1130 2677 1256 2764 codice,
1288 2679 1410 2768 insigni

289 2783 404 2854 fraude
422 2785 474 2852 usi
495 2792 571 2850 suut
592 2782 848 2874 Christophorus
868 2785 1025 2853 Justellus
1039 2794 1071 2852 et
1087 2784 1176 2853 lilius
1196 2785 1269 2877 ejus
1289 2786 1410 2854 Heari-

290 2917 360 2981 cus,
376 2893 474 2960 ambo
492 2892 682 2975 calvinista,
701 2902 737 2968 ut
754 2894 902 2962 faverent
927 2918 996 2963 sum
1017 2895 1136 2963 haeresi
1155 2906 1187 2963 et
1205 2895 1240 2962 iu
1261 2895 1409 2964 catholici

290 3005 454 3095 dogmatis
473 3003 724 3074 detrimentum.
745 3005 831 3074 Nam
850 3007 885 3073 in
907 3005 1017 3075 codice
1037 3007 1148 3074 statim
1168 3014 1241 3096 post
1259 3006 1409 3074 Nicaeuos

289 3135 428 3184 mannes
455 3112 712 3204 subjiciebantur
749 3113 968 3182 Sardicenses.
1000 3115 1087 3183 Cum
1124 3124 1236 3183 autem
1270 3137 1409 3183 canones

289 3220 497 3294 Sardicenses
521 3229 712 3311 potestatem
741 3222 884 3290 Romani
912 3221 1079 3290 Pontificis
1105 3221 1223 3291 diserte
1249 3231 1405 3309 asserant,

288 3327 543 3420 Christophorus
563 3328 719 3398 Justellus
738 3329 817 3398 folia
836 3352 911 3421 quae
930 3353 985 3398 eos
1006 3329 1213 3398 continebant
1230 3329 1337 3398 cultro
1356 3352 1409 3397 re-

288 3438 402 3523 secuit,
423 3446 454 3505 ct
472 3436 512 3505 sd
532 3437 652 3506 calcem
676 3437 808 3524 codicis,
828 3438 922 3528 quasi
949 3436 1183 3505 recentioribus
1205 3436 1408 3528 temporibus

288 3545 424 3636 adjecta,
449 3545 603 3635 reposuit.
622 3546 691 3612 Hoc
716 3555 828 3613 tamen
850 3544 982 3614 rescivit
1006 3545 1123 3612 Petrus
1149 3543 1189 3611 de
1213 3544 1338 3631 Marsa,
1361 3545 1408 3612 la-

289 3663 374 3722 tente
388 3653 528 3744 ipsomet
548 3651 783 3743 christophoro
798 3653 935 3722 Justello
958 3675 991 3720 se
1015 3654 1141 3744 impetu
1162 3653 1274 3742 potius
1288 3652 1408 3721 urden-

288 3763 379 3832 tioris
404 3762 586 3853 juventutis
609 3784 711 3854 quam
739 3763 864 3830 ratione
891 3762 925 3830 id
950 3762 1072 3832 fecisse.
1101 3763 1231 3831 Mortuo
1258 3762 1409 3830 Christo-

288 3870 393 3962 phoro
413 3869 564 3957 Justello,
579 3870 620 3938 ad
642 3868 806 3939 edendum
829 3870 973 3939 codicem
994 3870 1091 3938 illum
1112 3893 1147 3938 se
1166 3869 1308 3938 accinxit
1321 3870 1409 3938 filius

289 3979 358 4070 ejus
372 3979 535 4048 Henricus
554 3979 723 4068 Justellus,
740 3980 918 4049 auxiliante
934 3981 1049 4050 Voello
1068 3981 1198 4050 doctore
1215 3980 1406 4049 Parisiensi.

287 4091 416 4184 Deque
436 4090 554 4160 certior
569 4089 673 4157 faetus
696 4089 812 4157 Petrus
831 4088 872 4156 de
891 4081 1001 4156 blaroa
1016 4087 1126 4157 timuit
1143 4110 1184 4156 ne
1206 4088 1311 4158 codex
1332 4089 1408 4158 ede-

288 4208 380 4272 retur
410 4197 592 4290 suppressis
622 4195 869 4265 Sardicensibus
896 4195 1091 4279 canonibus;
1121 4206 1152 4266 et
1179 4196 1264 4266 banc
1293 4219 1408 4268 revera
