3068 4948
254 463 317 530 282
608 481 784 528 rntcrmns
807 483 844 528 nn
867 479 1019 530 rumonus

258 623 511 718 «suspendent,
535 631 632 716 atque
658 625 788 692 interim
812 630 979 692 eccnretes
1003 623 1050 690 rei
1078 622 1207 692 mittent
1230 623 1377 710 notitias,

258 733 418 824 equibus
439 731 609 800 certiorem
632 731 771 802 reddent
792 730 983 799 Pontificem
1006 751 1065 798 eur
1080 728 1168 798 illius
1183 729 1379 800 mandatum

258 865 275 903 e
298 861 365 908 non
380 839 535 908 duxerint
548 838 806 932 exsequendum.
824 838 969 908 Celebris
983 847 1032 908 est
1046 837 1214 907 decretalis
1228 839 1380 909 Alexan-

261 974 277 1014 a
301 947 352 1016 dri
366 948 412 1015 111
431 949 513 1040 (esp.
528 946 721 1040 Siquando,
734 946 774 1016 de
786 945 969 1038 descriptis)
983 947 1077 1038 cujus
1086 946 1157 1014 haec
1166 953 1244 1014 sunt
1256 946 1377 1015 verbe:

259 1082 281 1154 «N
294 1056 388 1125 Sicut
403 1055 620 1148 oirproeidus
634 1068 664 1125 et
675 1055 818 1149 prudens
832 1068 862 1124 ct
872 1054 1028 1124 discretm
1042 1055 1238 1147 qualitatem
1253 1056 1384 1146 repetii

259 1191 276 1232 a
296 1189 358 1256 pro
370 1188 434 1257 quo
449 1165 510 1234 tibi
523 1165 676 1234 scribitur
688 1165 860 1256 dilipeuter
873 1165 1093 1246 considerans,
1107 1177 1168 1234 aut
1180 1164 1381 1234 mundatum

260 1299 277 1337 ι(
299 1284 448 1341 nastrum
468 1271 641 1364 dilipenter
664 1273 857 1364 adimpleas,
884 1284 944 1340 aut
962 1294 1027 1363 per
1041 1272 1168 1340 litteras
1183 1282 1257 1340 tuas
1274 1293 1383 1364 quare

261 1407 278 1446 a
301 1379 482 1473 adinplere
503 1404 570 1450 non
585 1383 691 1474 possis
710 1383 922 1474 sufficientem
945 1394 977 1448 et
996 1381 1227 1450 rationabilem
1240 1403 1381 1450 causam

262 1517 278 1555 u
299 1489 504 1582 pretendas·
518 1493 597 1582 quia
605 1493 773 1584 patienter
784 1490 1022 1571 sustinebimus,
1039 1491 1067 1558 si
1082 1513 1148 1558 nan
1161 1490 1274 1582 seceru
1288 1490 1385 1582 quod

262 1626 278 1666 «
299 1621 406 1689 prava
417 1599 507 1667 nobis
516 1600 617 1690 fiterit
630 1599 849 1669 insinuatione
860 1610 1058 1690 supqestum.
1071 1599 1232 1688 Congruit
1246 1607 1382 1667 senten—

262 1733 278 1770 «
303 1707 347 1774 tie
370 1705 502 1774 alterius
527 1707 701 1775 decretalis·
722 1707 889 1797 (nimirum
916 1729 986 1798 esp.
1015 1708 1100 1774 Cum
1128 1719 1309 1787 teneamur,
1337 1707 1382 1774 de

262 1842 278 1880 a
301 1813 511 1905 Praebendis),
529 1816 586 1884 ubi
601 1817 767 1908 sequentia
783 1817 939 1906 leguntur
953 1817 1074 1884 verba:
1093 1816 1135 1884 Si
1148 1839 1213 1884 non
1224 1829 1332 1908 potest
1349 1819 1385 1884 ei

261 1948 278 1987 «
301 1923 370 1990 sine
384 1921 539 1991 scandalo
552 1922 734 2016 prouideri,
753 1925 983 2017 equanimiter
1000 1924 1206 2012 sustinemus,
1223 1926 1252 1992 si
1260 1948 1327 2016 pro
1341 1947 1381 1992 eo

262 2056 279 2094 n
303 2029 501 2098 mandatum
515 2041 665 2099 uestrum
679 2055 743 2100 non
760 2031 892 2100 duxeris
906 2031 1155 2123 sesequendum.
1182 2057 1198 2094 »

302 2136 355 2205 Ad
382 2137 442 2206 hoc
473 2138 698 2209 mundatorum
727 2162 832 2230 genus
854 2147 975 2232 spectet
1000 2139 1124 2208 dietum
1147 2139 1248 2207 suomi
1268 2139 1383 2207 lvonis

258 2250 472 2319 Carnutensis
498 2249 662 2342 Episcopi,
690 2251 732 2320 ud
759 2251 965 2321 Willelnrum
985 2250 1129 2343 Philippi
1150 2250 1236 2340 regis
1253 2249 1382 2342 dapife-

259 2381 349 2428 rum:
370 2356 443 2428 Vidi
457 2358 545 2426 enirn
561 2359 699 2441 litteras,
712 2359 832 2452 inquit,
850 2383 932 2451 quas
947 2359 1036 2428 misit
1052 2358 1211 2426 Dominus
1231 2357 1383 2426 Urbanus

258 2467 454 2557 apostolicus
465 2465 512 2535 ad
523 2487 633 2534 omncs
651 2467 912 2558 Arcbiepiscopos
926 2479 956 2534 et
971 2467 1149 2559 Episcopus
1159 2466 1254 2556 repni
1268 2465 1331 2548 sui,
1343 2479 1384 2533 ut

259 2597 334 2642 eum
349 2573 396 2643 ad
408 2573 570 2642 rationem
585 2574 733 2656 mittant,
749 2588 780 2642 et
796 2575 861 2642 nisi
873 2574 1054 2666 resipuerit,
1075 2573 1289 2643 ecclesiastica
1305 2596 1383 2641 eum

259 2682 432 2774 disciplina
447 2682 493 2751 ud
513 2682 769 2752 emendationem
785 2685 894 2752 uenire
912 2685 1149 2775 constrinqant.
1173 2687 1233 2752 Hei
1248 2682 1385 2774 quidem

260 2793 377 2860 littere
383 2793 461 2883 jam
469 2791 646 2882 publicata·
655 2803 775 2874 essent,·
787 2791 844 2861 sed
850 2815 916 2884 pro
929 2815 1042 2860 amore
1054 2794 1126 2883 ejus
1133 2792 1198 2883 feei
1209 2815 1263 2860 eas
1273 2791 1385 2860 adbuc

259 2899 401 2980 retineri,
419 2900 499 2991 quia
515 2899 589 2969 nolo
602 2923 739 2990 repnum
756 2900 838 2991 ejus,
858 2912 1018 2992 quantum
1033 2923 1074 2968 ca
1089 2923 1141 2968 me
1154 2913 1213 2987 est,
1227 2901 1386 2970 adversus

261 3029 335 3075 eam
362 3008 476 3098 aliqua
501 3008 631 3076 ratione
650 3008 858 3076 commoveri.
879 3011 954 3076 Heca
968 3009 1083 3076 omnia
1100 3008 1190 3077 valui
1207 3007 1297 3077 dicas
1313 3013 1385 3077 De-

262 3114 349 3184 mino
360 3128 469 3183 nostro
483 3117 562 3206 repi.
576 3115 832 3208 (Antisebronius
841 3116 1035 3198 vindicatus,
1050 3125 1073 3184 t.
1090 3116 1147 3204 tv,
1160 3139 1193 3207 p.
1207 3119 1286 3202 262,
1301 3115 1381 3184 edit.

261 3225 415 3311 Cesenae,
449 3225 557 3315 1772.)
585 3225 730 3292 ——Item
756 3224 798 3293 ud
824 3223 1013 3316 hujusmodi
1038 3225 1194 3316 rescripta
1218 3225 1385 3316 pertinent

261 3357 336 3425 qnae
352 3332 436 3402 dixit
450 3333 658 3402 Innocentius
671 3332 716 3400 ΙΙΙ
736 3333 781 3423 (in
801 3354 873 3422 cap.
888 3333 988 3414 Licet,
1007 3331 1046 3400 de
1062 3334 1135 3424 saro
1156 3333 1379 3424 competente).

260 3481 305 3494 -
327 3443 408 3510 item
433 3463 508 3533 quae
532 3451 771 3509 commemoret
794 3449 826 3507 et
853 3440 964 3507 statuit
992 3441 1137 3532 synodus
1164 3440 1382 3527 Coloniensis,

261 3550 339 3617 enni
358 3551 454 3634 1536,
473 3548 513 3617 de
534 3547 726 3640 diplomatis
746 3559 777 3614 ct
793 3545 1083 3638 dispensationibus
1102 3549 1237 3617 retortis
1258 3561 1385 3640 preter

261 3656 384 3724 summi
393 3655 562 3746 Pontificis
575 3667 718 3724 merrtem
729 3652 886 3745 (Consilia
897 3654 1025 3740 Germ,
1037 3663 1060 3722 t.
1076 3655 1135 3743 vl,
1150 3679 1183 3746 p.
1197 3657 1288 3746 251).
1304 3658 1384 3724 Here

262 3761 405 3832 notende
436 3761 613 3848 voluimus,
642 3761 720 3853 quie
748 3782 815 3830 non
847 3762 940 3852 penei
966 3769 1112 3831 suctores
1139 3761 1310 3854 gallicani,
1341 3785 1382 3832 ex

262 3893 371 3941 errore
393 3870 619 3940 existimantes
643 3869 714 3937 hese
737 3869 933 3960 generaliter
953 3869 1016 3939 dici
1036 3871 1076 3940 de
1099 3872 1228 3962 legibus
1248 3895 1306 3942 seu
1326 3873 1382 3942 de·

263 3978 358 4046 eretis
384 3977 563 4070 pontificiis
588 3977 718 4069 proprie
744 3977 850 4064 dictis,
876 3999 953 4047 cum
983 4001 1047 4048 non
1074 3979 1225 4050 dicentur
1251 3981 1316 4050 nisi
1342 3981 1382 4048 do

263 4088 427 4180 rescriptis
457 4089 541 4157 inter
566 4087 812 4158 constitutiones
841 4088 1040 4178 legislatives
1071 4090 1210 4158 minime
1243 4113 1382 4184 compu-

265 4193 382 4282 tandis,
405 4193 481 4264 inde
504 4203 618 4287 putent
640 4217 717 4264 cum
743 4197 904 4265 Febronio
930 4219 963 4264 se
988 4196 1133 4287 legitime
1160 4219 1254 4290 posse
1281 4221 1380 4289 ergn-
