3064 4952
525 481 609 528 runis
632 481 782 528 canonici.
1149 463 1212 526 215

100 621 263 713 «judices
292 621 349 714 qui
375 621 525 690 timorem
554 620 686 690 Domini
712 619 844 706 habent,
876 621 951 690 licet
979 622 1062 690 lorte
1085 617 1213 690 valeun

101 761 118 795 ιι
140 729 228 822 apud
249 751 305 799 eos
330 729 418 822 apud
440 752 523 822 quos
536 728 697 821 quidquid
712 729 802 798 lubet
823 729 910 812 licet,
925 729 1025 823 etqui
1039 729 1213 800 Ecclesiam

101 867 117 904 ιι
140 837 292 925 odorum,
318 861 455 932 eamque
478 839 681 932 principibus
703 837 916 908 sacularibus
940 839 1079 910 libenter
1092 840 1127 910 in
1142 863 1213 910 om-

102 977 119 1016 ιι
142 951 239 1019 nibus
260 952 472 1044 subjicerent,
496 951 721 1022 contusionem
743 951 871 1042 passuri
885 950 921 1019 iu
937 974 1056 1042 magno
1073 951 1131 1022 illo
1147 951 1213 1037 dic,

102 1087 120 1126 a
141 1081 216 1128 com
232 1060 274 1129 ad
291 1060 504 1152 judicandum
519 1083 575 1130 cos
593 1061 702 1130 veniet
719 1059 813 1152 cujus
828 1081 980 1152 sponsum
995 1059 1030 1130 hi
1046 1069 1215 1152 conlemp-

102 1199 119 1236 ιι
146 1180 259 1241 serunt
281 1179 312 1240 et
334 1169 457 1262 injurie
477 1167 664 1238 effecerunt.
685 1195 701 1233 n
722 1165 832 1259 (Apud
848 1166 1004 1258 Antiselr.
1023 1166 1127 1249 cini,
1145 1166 1216 1236 loco

98 1280 218 1367 citato).
249 1279 296 1348 Ile
315 1275 428 1346 codem
453 1299 495 1346 ax
510 1276 654 1368 professo
681 1276 726 1344 sic
749 1274 881 1344 disserit
892 1274 1088 1345 Eustochiae
1099 1274 1216 1344 lausc-

98 1387 173 1455 nius
195 1387 230 1454 in
249 1383 391 1454 munda
413 1407 474 1454 suc
497 1389 540 1454 ud
562 1383 731 1454 Erkelium
758 1383 892 1475 epistola
915 1383 1011 1478 (cup.¹
1025 1387 1078 1470 17,
1099 1406 1130 1474 p.
1151 1387 1214 1450 itt

96 1495 173 1564 edit.
194 1495 352 1581 Goloniae,
377 1495 472 1585 1713)
495 1522 502 1562 :
525 1493 771 1586 «imploratum
788 1501 837 1560 est
855 1491 1032 1584 aliquando
1053 1491 1215 1562 auxilium

101 1603 266 1672 ebroehii
298 1602 464 1672 eurenais
499 1602 542 1670 ad
569 1593 774 1670 'coercendos
812 1599 1017 1670 retrectarios
1049 1599 1216 1670 bullarum

100 1712 412 1802 «dogmaticarum,
437 1711 493 1780 sed
522 1733 588 1778 uon
618 1709 814 1800 requisitum
842 1709 1004 1800 placetum
1031 1709 1072 1778 ad
1101 1729 1215 1778 earum

100 1820 446 1912 «promulgationem.
474 1821 522 1888 lta
547 1817 752 1889 Morillonius
770 1817 812 1886 ad
838 1815 1036 1886 cardinalem
1055 1817 1216 1886 Granvel-

99 1959 116 1994 ιι
139 1930 253 1998 lanum
278 1928 407 2020 scripsit
427 1932 465 1996 21
491 1927 561 1996 dec.
589 1930 687 2012 1567,
718 1947 819 2016 agens
834 1923 874 1994 de
892 1925 983 1994 bullo
996 1923 1091 1993 PiiV
1105 1934 1217 1995 contra

99 2065 116 2104 ιι
139 2039 259 2107 Boium
277 2063 284 2104 :
307 2036 336 2104 l
339 2058 378 2104 en
394 2035 430 2104 ai
447 2037 581 2127 parllcl
596 2037 642 2104 Μ.
659 2033 699 2102 de
710 2035 955 2115 Saint-Bauan,
973 2035 1043 2125 ofin
1057 2032 1141 2125 qu'il
1151 2034 1215 2102 soit

99 2177 116 2212 ιι
133 2148 292 2238 ρνέυεηιι,
310 2146 340 2212 si
352 2144 541 2214 inventare
550 2165 630 2235 opus
643 2155 720 2212 esset
734 2141 878 2223 tractio,
892 2141 1020 2210 n'e‘tant
1031 2154 1216 2211 outrement

99 2283 116 2320 e
140 2253 261 2336 lesuin,
278 2254 314 2322 in
327 2253 368 2320 iis
380 2275 454 2344 quac
467 2264 543 2321 nent
551 2251 707 2343 justitia,
726 2249 869 2319 laucari
885 2249 1009 2340 placet.
1025 2288 1069 2302 -
1081 2249 1214 2342 Episco-

99 2391 115 2428 ιι
138 2385 202 2454 pus
220 2359 432 2430 Toruaccnsis
449 2364 465 2427 7
481 2360 551 2451 jen.
578 2362 660 2426 1658
678 2358 720 2426 ad
734 2358 974 2426 internuntium
995 2358 1040 2424 ile
1059 2357 1210 2449 scripsit:

99 2501 116 2537 ιι
138 2477 277 2542 Decreta
303 2491 403 2538 sacru
421 2468 692 2559 Conprepationis
705 2466 887 2558 spectantia
899 2464 946 2534 ad
958 2465 1117 2534 librarum
1128 2487 1213 2556 pro·

99 2609 114 2644 ι
138 2579 333 2648 lsilritionem
353 2599 478 2668 semper
501 2575 601 2666 finisse
627 2576 780 2644 continuo
800 2573 975 2666 publicata
999 2587 1030 2643 et
1049 2574 1085 2642 in
1111 2575 1215 2644 lucem

98 2717 113 2752 ιι
138 2686 241 2767 celita,
266 2707 436 2778 nunqnam
456 2684 662 2775 cisoplacito
682 2683 781 2774 rapio.
799 2722 844 2734 —
859 2681 1131 2774 Archiepiscopus
1151 2681 1216 2752 Ca-

99 2823 115 2859 ιι
140 2793 335 2862 meracensis
352 2797 369 2859 3
389 2801 451 2861 oct.
483 2793 566 2860 1613
594 2819 600 2858 :
625 2794 799 2860 Decretum
824 2789 918 2858 Sedis
939 2789 1131 2881 Apostolica·
1150 2813 1214 2881 quo

99 2930 115 2966 ιι
139 2923 264 2970 errores
285 2905 325 2968 ll.
355 2899 523 2970 Michaelis
545 2903 618 2990 Bap
643 2897 724 2968 olim
738 2895 947 2966 condemnati
964 2909 1053 2980 sunt,
1068 2896 1134 2987 ficit
1149 2897 1217 2966 sine

99 3039 115 3074 ιι
139 3010 257 3078 littero
273 3008 397 3100 placiti
411 3008 494 3099 repii
509 3007 730 3097 publicatum.
746 3043 790 3056 -
808 3004 1024 3095 Eugelbertus
1038 3004 1216 3098 Episcopus

99 3147 115 3182 ι
138 3118 384 3204 Nemorensis,
401 3139 487 3186 enno
504 3119 601 3201 1613,
622 3119 638 3182 8
654 3115 807 3202 octobris,
826 3114 898 3184 hoec
919 3114 960 3184 ed
976 3116 1215 3187 internuntium

98 3255 114 3294 ιι
136 3225 268 3316 scripsit
286 3253 292 3292 :
322 3224 374 3296 Ad
395 3225 481 3293 hanc
497 3223 584 3292 diem
599 3247 725 3316 semper
740 3221 809 3291 aidi
823 3223 921 3291 libere
932 3224 1101 3316 publicari
1111 3226 1216 3296 bullas

99 3361 115 3398 ιι
139 3333 260 3424 absque
289 3333 427 3425 placito,
453 3355 526 3424 quse
547 3334 741 3424 apostolicas
768 3332 993 3425 beneficiorum
1015 3335 1217 3426 provisiones

100 3471 115 3508 ιι
138 3467 205 3512 nan
229 3453 439 3511 concernunt.
455 3444 530 3512 Nan
545 3441 651 3532 capio,
671 3441 729 3531 qui
740 3439 895 3508 nonnulli
908 3441 1006 3509 velint
1022 3441 1074 3510 ael
1089 3443 1217 3535 possint

98 3580 116 3616 ι
138 3553 297 3621 sustinere
319 3573 399 3643 opus
415 3549 613 3641 esseplacito
632 3573 698 3640 pro
711 3547 937 3640 publicatione
956 3548 1122 3619 bullarum
1144 3577 1216 3644 qaae

102 3687 117 3723 ιι
141 3683 228 3728 mere
240 3658 429 3749 dopmatico
440 3656 521 3750 fidei
531 3657 704 3739 coniurent,
716 3679 797 3748 quas
808 3657 1217 3728 certumcstlcactcnusin·

103 3795 120 3832 ιι
142 3763 1058 3857 discriminatimetsinecontradictionefitissepertotum
1066 3769 1218 3861 Belqium

105 3905 120 3940 ιι
140 3879 325 3970 publicatos
339 3890 369 3945 et
381 3888 536 3967 receptas,
553 3875 604 3943 uti
611 3877 704 3967 strue
713 3865 823 3943 Pinna
832 3888 862 3944 et
875 3876 1081 3967 Grepnriuna
1094 3879 1133 3949 de
1144 3881 1218 3973 qui·

105 4015 122 4048 ιι
145 3985 259 4054 lineet
273 3981 959 4072 emna-Archidnconusnamureensir‚
974 3987 1015 4052 26
1024 3986 1100 4078 julii
1114 3991 1196 4056 1658
1209 4018 1215 4057 :

107 4118 125 4154 c
147 4095 195 4160 La
211 4092 297 4162 balle
311 4105 420 4161 contre
431 4091 603 4160 lanscrrius
615 4114 636 4158 a
648 4091 700 4182 icy
712 4091 765 4159 ltl
771 4091 904 4184 publiea
911 4105 1014 4162 avant
1025 4117 1133 4164 auam
1143 4099 1185 4190 pl
1206 4139 1221 4152 -

110 4227 125 4263 ιι
148 4215 206 4270 cet.
222 4241 267 4254 -
286 4199 449 4272 Antonius
474 4200 579 4269 Priesl
603 4199 783 4295 Episcopus
806 4199 1029 4270 Gouduvcnsis
1055 4206 1153 4294 1663,
1180 4208 1222 4277 ud
