3072 4948
336 467 397 539 ltt
687 493 861 544 macrsrus
883 495 921 542 oa
944 491 1099 544 armanus

333 636 413 726 quio
437 631 498 702 sub
522 633 654 702 nomine
684 635 963 704 consuetudirorii
988 659 1077 728 sape
1102 636 1223 727 scripu
1252 633 1439 724 colliguntur

333 741 585 810 consuetudines
604 743 722 811 alicubi
746 745 904 832 vigentes.
929 745 1001 812 lmo
1024 744 1087 836 ipsi
1110 744 1173 833 legi
1195 744 1365 812 essentiale
1382 765 1438 810 ooo

333 861 381 920 est
395 861 431 920 ut
452 854 624 938 scribatur,
641 862 671 922 et
690 853 811 921 sufficit
831 855 860 921 si
883 854 925 922 ad
950 854 1143 922 mandatum
1164 853 1359 942 legislatoris
1371 874 1440 920 succ

330 963 491 1052 pmccuis
514 961 765 1054 promulgetur3
794 962 849 1029 sed
879 963 959 1054 quia
985 963 1027 1030 ab
1050 963 1144 1030 initio
1167 961 1248 1030 solet
1271 961 1385 1046 scribi,
1405 959 1440 1026 ad

331 1067 547 1158 differentiam
581 1069 838 1152 consuetudinis,
866 1069 962 1160 juris
999 1070 1115 1160 scripti
1150 1091 1272 1138 nomeu
1304 1091 1348 1136 ex
1387 1091 1440 1135 usu

331 1177 465 1246 obtinet.
492 1183 526 1244 2·
541 1178 643 1267 legas
662 1186 693 1245 et
719 1185 850 1262 statuta,
873 1201 950 1246 cum
972 1178 1043 1269 jam
1065 1179 1134 1246 siut
1157 1179 1349 1247 solemniter
1373 1199 1441 1268 pru

331 1283 489 1375 molgon,
508 1285 614 1352 multo
629 1285 741 1352 miuus
761 1285 871 1352 dubiis
891 1293 924 1352 et
945 1284 1192 1354 difficultatibus
1205 1283 1313 1377 quoad
1328 1285 1439 1353 mlum

329 1396 478 1485 ipsorum
498 1395 694 1463 exsistentia
713 1395 857 1462 obnoxia
879 1405 956 1463 sunt
977 1421 986 1463 :
1009 1393 1049 1463 de
1069 1395 1216 1484 legitima
1239 1405 1351 1464 autem
1371 1415 1441 1462 rou·

329 1504 501 1572 suetudine
540 1525 627 1594 saepe
668 1503 799 1572 difficile
839 1512 889 1572 est
926 1503 1146 1572 determinare
1185 1515 1298 1572 utrum
1337 1524 1441 1571 revers

329 1613 474 1697 exsistat,
491 1611 533 1680 ob
564 1611 683 1678 multas
710 1612 751 1678 ad
779 1612 812 1678 id
836 1613 1010 1703 requisitas
1032 1612 1246 1680 conditiones.
1276 1615 1310 1679 l·
1329 1613 1441 1680 Lexet

328 1729 487 1790 statutum
508 1719 685 1789 firmantur
702 1743 856 1813 expresso
871 1743 1032 1790 consensu
1050 1722 1232 1813 Principis3
1248 1723 1440 1792 cousuetudo

328 1851 408 1897 vero
424 1831 518 1897 tacito
532 1829 727 1921 plerumque
740 1838 772 1896 et
787 1839 1000 1922 presumpte.

372 1938 414 2005 ll.
434 1936 550 2026 differt
573 1959 595 2002 o
615 1935 860 2005 traditionibus.
889 1937 1035 2006 Traditio
1056 1940 1145 2006 enim
1173 1940 1303 2030 muntia
1327 1947 1376 2006 cst
1395 1937 1441 2028 jus

327 2045 501 2136 antiquum
530 2067 549 2111 a
578 2042 761 2132 legislatore
793 2044 873 2112 olim
902 2067 968 2112 uon
995 2045 1168 2137 scriptum,
1196 2046 1253 2113 sed
1280 2069 1362 2114 voce
1384 2057 1442 2113 sta-

328 2153 457 2222 bilitum
478 2163 510 2220 ct
533 2154 633 2241 longo
651 2161 798 2243 tempore
821 2163 1001 2237 servatum,
1025 2153 1119 2244 cujus
1142 2155 1301 2222 memoria
1324 2155 1367 2222 ad
1391 2175 1442 2222 uos

327 2263 482 2331 translata
506 2271 565 2330 cst.
594 2261 804 2330 Consuetudo
825 2272 976 2331 econtra
1000 2285 1066 2330 uou
1089 2271 1137 2330 est
1160 2263 1215 2353 jus
1229 2285 1249 2329 a
1263 2263 1441 2352 legislatore

328 2370 421 2438 initio
447 2369 632 2454 indoctum,
668 2369 723 2436 sed
760 2376 887 2436 tantum
921 2391 962 2437 ex
994 2379 1128 2438 actuum
1157 2369 1343 2460 frequentia
1372 2393 1442 2438 coo-

328 2477 484 2544 seutieute
507 2475 692 2563 legislatore
718 2485 885 2544 exortum.
920 2476 956 2542 Si
986 2485 1095 2544 autem
1124 2475 1296 2566 objiciatur
1323 2477 1443 2568 aliquas

327 2585 518 2652 traditiones
549 2585 690 2674 potuisse
722 2582 813 2651 initio
840 2583 962 2673 absque
997 2585 1177 2676 superioris
1204 2596 1372 2677 praecepto
1397 2588 1443 2652 iu-

275 2716 279 2724 ·
327 2693 436 2758 choari
460 2700 491 2758 et
515 2699 625 2782 postea
642 2713 684 2758 ex
709 2713 771 2759 usu
792 2691 863 2758 vim
882 2691 1041 2776 obtinere,
1065 2691 1240 2762 dieeudom
1260 2703 1309 2762 est
1329 2695 1441 2786 hujus-

328 2801 417 2868 modi
455 2799 645 2868 traditiones
680 2821 745 2866 ooo
786 2821 856 2866 esse
891 2801 1081 2870 traditiones
1121 2804 1156 2868 iu
1196 2805 1307 2870 stricto
1352 2825 1443 2870 seusu

327 2919 488 2999 sumptas,
513 2910 567 2976 sed
592 2909 700 3000 potius
719 2907 985 2996 consuetudines,
1008 2911 1226 3001 quaeratione
1245 2911 1442 3002 antiquitatis

327 3027 455 3085 tantum
489 3019 530 3084 ab
565 3017 637 3084 eliis
664 3016 954 3086 consuetudinibus
989 3016 1146 3086 differunt
1174 3027 1206 3084 ct
1233 3017 1441 3086 traditionum

326 3147 449 3192 nomen
464 3135 668 3192 conservant.

372 3233 427 3300 lli.
444 3233 561 3323 Differt
581 3256 602 3298 α
619 3234 875 3324 prascriptione.
895 3233 979 3300 Nam
1004 3237 1036 3298 t·
1049 3235 1250 3301 cousuetudo
1262 3255 1327 3301 nou
1346 3243 1443 3326 potest

325 3341 489 3410 introduci
515 3364 535 3407 a
561 3339 696 3432 privatis
726 3341 883 3432 personis,
913 3363 1005 3408 secus
1032 3363 1111 3409 vero
1140 3342 1344 3433 praescriptio
1371 3362 1440 3432 que

327 3449 411 3518 cadit
437 3449 522 3516 iuter
542 3446 711 3539 privatum
734 3457 767 3514 et
793 3449 971 3539 privatum.
1000 3453 1033 3516 2·
1054 3447 1262 3518 Consuetudo
1280 3448 1387 3518 tendit
1404 3445 1440 3514 ad

327 3554 548 3625 inducendum
573 3555 628 3646 jus
642 3577 831 3641 commune,
860 3577 977 3622 omues
999 3557 1228 3624 universaliter
1247 3554 1391 3623 afficiens
1410 3557 1440 3620 in

326 3665 397 3734 leco
424 3663 481 3733 ubi
512 3664 636 3754 viget:
666 3663 869 3755 prescriptio
896 3674 1007 3733 autem
1040 3665 1169 3756 respicit
1196 3663 1439 3754 acquisitionem

323 3772 410 3864 juris
436 3773 468 3838 io
493 3771 679 3863 particulari
699 3797 706 3838 :
723 3793 782 3862 per
805 3772 1087 3863 prescriptionem
1109 3771 1229 3840 scilicet
1248 3794 1313 3840 nou
1332 3770 1442 3862 scqui-

326 3881 411 3949 ritur
435 3879 490 3971 jus
515 3881 548 3947 io
574 3901 644 3946 rem
673 3878 737 3945 uisi
762 3877 810 3946 illi
833 3880 891 3970 qui
917 3881 979 3946 ista
1000 3901 1036 3948 re
1054 3901 1134 3948 usus
1154 3888 1218 3956 eso
1245 3877 1441 3948 consuetudo

324 3999 435 4058 autem
453 3991 508 4082 jus
530 3988 607 4056 iacit
632 3987 733 4055 etiam
753 4010 813 4079 pro
831 4011 897 4056 nou
917 3989 1097 4073 utentibus,
1113 3988 1186 4056 illos
1204 3987 1383 4072 eximendo
1402 3987 1440 4054 ab

324 4097 434 4190 aliqua
471 4096 554 4186 lege,
596 4095 646 4163 rel
687 4095 751 4163 illis
792 4117 912 4165 novam
954 4096 1189 4187 obligationem
1226 4096 1437 4188 imponendo.

325 4210 358 4274 3·
373 4205 583 4300 Praescriptio
611 4205 741 4272 lituum
765 4204 888 4272 damno
906 4207 1004 4273 ouius
1024 4214 1056 4274 et
1078 4206 1169 4274 lucro
1185 4206 1318 4274 alterius
1334 4232 1341 4273 :
1361 4227 1438 4272 cou-
