3022 4950
530 515 613 562 susus
635 509 786 562 ennomus.
1174 487 1213 556 ts

98 653 224 726 summi
239 655 418 742 Pontificis,
438 677 514 726 cum
536 655 708 747 ipsiusmet
731 649 925 722 oecumcnici
947 651 1075 720 concilii
1090 650 1216 720 decretu

100 764 278 856 indigeant,
302 779 340 836 ut
362 765 489 834 dictum
512 773 573 850 est,
599 762 765 856 pontilicis
783 759 1043 845 confirmatione,
1069 781 1128 830 uec
1149 759 1217 828 sine

100 871 155 942 illa
168 874 239 942 vim
253 873 336 964 legis
357 873 508 942 habeam.
530 872 628 942 Recte
651 893 730 962 ergo
748 869 876 940 decreta
894 865 1098 961 synodorum
1116 869 1221 960 parti-

101 981 259 1051 cularium
286 1005 361 1075 quas
386 982 587 1052 transierunt
610 981 645 1050 iu
666 979 721 1072 jus
741 979 950 1064 canonicum,
966 979 1055 1068 leges
1076 979 1219 1048 auctori-

102 1097 163 1158 tate
177 1090 278 1184 Papae
292 1090 433 1160 tirmstae
452 1091 621 1178 dicuutur.
640 1093 673 1158 l·
698 1089 802 1180 Leges
815 1085 970 1181 quedam
991 1087 1103 1156 civiles
1123 1096 1219 1156 tran-

102 1196 223 1266 sierunt
238 1199 337 1268 etism
352 1199 386 1268 in
399 1198 454 1291 jus
467 1197 664 1268 canonicum
680 1225 689 1266 ι
707 1197 763 1266 sed
779 1206 811 1265 et
826 1196 878 1266 his
893 1195 1044 1264 convenit
1059 1195 1216 1268 delinitio.

102 1305 143 1374 Ut
165 1307 257 1374 euim
279 1305 395 1376 fierent
414 1306 653 1394 ecclesiasticae,
678 1305 863 1376 debuerunt
892 1303 1083 1374 auctoritate
1111 1305 1220 1398 aliqua

101 1411 313 1482 ecclesiastica
336 1413 488 1484 fidelibus
507 1413 679 1486 servandae
705 1413 866 1500 intimari,
889 1419 921 1481 et
945 1413 992 1480 sic
1012 1412 1098 1482 effici
1122 1415 1220 1484 simul

102 1521 336 1610 eclesiastica,
356 1547 427 1608 seu,
446 1532 482 1592 ut
496 1523 623 1610 dicunt,
642 1523 855 1592 canonizatus.
875 1522 990 1610 Porro,
1012 1531 1049 1590 ut
1064 1521 1219 1612 vidimus,

102 1652 166 1698 uon
181 1629 247 1700 alia
262 1653 363 1722 quam
385 1629 510 1699 summi
527 1629 696 1700 Pontificis
710 1630 887 1700 auctoritas
901 1629 935 1698 id
953 1630 1059 1699 valuit
1073 1629 1217 1701 efficere:

102 1747 186 1807 recte
201 1760 281 1829 ergo
295 1739 409 1826 etism,
429 1739 620 1808 illsecirilis
638 1739 796 1832 principis
811 1738 912 1828 leges,
936 1746 1098 1829 quatenus
1121 1761 1220 1810 cauo·

105 1844 166 1912 nici
188 1845 274 1936 juris
294 1869 413 1938 corpus
437 1847 610 1938 ingressae,
639 1846 728 1936 leges
747 1845 938 1914 auctoritate
957 1846 1055 1938 Papae
1079 1845 1220 1918 firurstu²

105 1953 270 2023 dicuutur.
290 1960 321 2022 5⁰
342 1957 603 2026 Consuetudiues
620 1979 695 2048 que
716 1955 783 2022 vim
798 1954 911 2045 legum
933 1954 1221 2026 ecclesiasticarum

104 2070 180 2130 sunt
192 2061 319 2154 adeptae
337 2089 343 2130 :
363 2062 415 2130 his
434 2063 556 2155 puriter
575 2061 728 2131 convenit
749 2060 908 2130 delinitio.
928 2061 1013 2130 Nam
1029 2072 1066 2132 ut
1084 2085 1223 2133 cousue-

107 2170 184 2240 tudo
199 2172 345 2264 acquirat
358 2173 427 2241 vim
442 2173 537 2262 legis,
560 2171 742 2264 requiritur
763 2194 942 2240 cousensus
962 2171 1168 2262 legislatoris,
1187 2185 1223 2244 ut

107 2277 221 2348 docent
236 2279 382 2350 ductores
403 2281 635 2349 communiter.
663 2281 915 2370 «Consuetudo,
937 2281 982 2349 ait
1002 2281 1142 2371 Pichler,
1163 2283 1222 2352 hs-

111 2413 126 2450 ι
148 2387 203 2455 bet
227 2388 296 2456 vim
318 2387 399 2480 legis
418 2389 493 2458 :lex
511 2396 623 2457 sutem
646 2411 712 2457 non
734 2389 954 2474 constituitur,
974 2388 1026 2457 vel
1048 2391 1223 2460 constituta

112 2525 126 2560 ι
150 2519 216 2566 nou
237 2497 425 2588 abrogetur,
451 2498 515 2565 uisi
539 2519 598 2590 per
613 2497 816 2568 voluntatem
831 2496 903 2588 ejus
920 2497 979 2589 qui
993 2497 1080 2587 loges
1095 2498 1223 2570 ferendi

13 2647 14 2650 =
113 2614 305 2699 «potestate
333 2607 466 2699 pollet»
505 2607 576 2696 (lus
604 2629 675 2676 osu.
708 2607 781 2692 lib„
812 2607 861 2674 tit.
897 2609 930 2694 t,
966 2628 1000 2673 u.
1034 2607 1222 2700 tt);.ergo

13 2765 14 2792 2
109 2715 220 2784 eadem
233 2717 424 2785 auctoritate
437 2714 586 2806 indigent
599 2711 862 2800 consuetudines,
880 2720 917 2782 ut
931 2713 1011 2782 liant
1022 2714 1079 2806 jus
1089 2719 1222 2786 canoni·

110 2848 183 2895 eum
198 2827 306 2895 stricte
320 2825 457 2913 dictum,
474 2849 510 2895 ac
533 2833 659 2896 caetesae
674 2825 775 2917 leges,
794 2847 912 2917 nempe
926 2825 1125 2894 auctoritatis
1139 2849 1224 2919 pun·-

111 2933 216 3002 tifictae
231 2933 490 3004 confirmatione.
507 2937 560 3004 Au
575 2945 687 3003 sutem
703 2933 1076 3026 requiratureouseusns
1089 2934 1225 3025 legisla-

110 3043 190 3110 toris
203 3065 379 3134 expressus
392 3052 424 3111 st
440 3043 632 3136 personalis,
654 3043 706 3112 vel
722 3043 831 3135 potius
846 3041 988 3112 sufficiat
1001 3065 1178 3114 cousensus
1192 3055 1224 3114 et

110 3149 314 3220 confirmatio
336 3151 460 3241 togatis,
482 3151 515 3220 id
538 3161 598 3238 est,
622 3151 784 3241 generalis
808 3151 958 3220 voluutas
984 3152 1165 3243 superioris
1190 3155 1224 3222 iu

109 3265 179 3354 jure
207 3287 362 3358 expressa
382 3265 422 3334 de
444 3264 615 3335 servandis
641 3261 932 3334 consuetudinibus
955 3263 1052 3332 rectis
1078 3264 1224 3354 legitime

112 3375 320 3466 prescriptis,
337 3375 540 3466 expendetur
552 3374 641 3443 alibi.
662 3379 693 3442 6⁰
705 3371 853 3444 Tandem
871 3372 975 3442 mults
990 3373 1114 3464 dejure
1129 3384 1227 3445 uatu-

114 3483 171 3551 rali
186 3491 217 3552 et
238 3482 353 3553 divino
380 3483 520 3575 positivo
542 3505 618 3576 qus}
640 3482 741 3551 simul
759 3505 778 3550 a
793 3481 869 3572 jure
894 3481 1051 3550 canonico
1070 3485 1226 3575 praescri-

112 3591 234 3660 buntur
250 3615 258 3656 τ
274 3613 353 3660 nem
380 3591 468 3681 leges
492 3591 557 3659 illae
587 3592 621 3659 in
648 3597 810 3682 quantum
838 3590 985 3679 obligant
1002 3590 1076 3680 jure
1099 3590 1224 3676 divino,

112 3701 175 3769 uon
191 3708 268 3770 suut
289 3722 365 3792 pars
384 3699 469 3792 juris
490 3699 656 3778 canonici3
685 3721 744 3768 ner·-
768 3697 851 3786 legis
873 3697 1037 3766 canonicae
1066 3701 1224 3769 rationem

111 3809 264 3896 induunt,
296 3809 360 3875 nisi
387 3807 494 3899 quoad
523 3807 823 3899 interpretationem
852 3815 884 3874 et
911 3805 1164 3876 declarationem
1186 3809 1226 3878 ab
1339 3809 1343 3818 '

113 3917 252 3986 Ecclesia
268 3915 422 3984 fidelibus
436 3915 567 3984 factam.
597 3913 666 3982 Sub
691 3912 751 3982 hac
772 3922 883 3982 antem
899 3914 1035 4000 ratione,
1056 3936 1174 4008 nempe
1193 3927 1230 3985 ut

114 4025 225 4095 fideles
240 4025 388 4094 universi
401 4033 572 4094 mouentur
584 4025 640 4116 jus
659 4023 811 4092 divinum
834 4022 933 4092 modo
948 4022 1109 4092 declarato
1130 4026 1228 4095 intel-

115 4135 227 4224 ligere,
258 4134 440 4226 requiritur
466 4134 633 4226 pontilicis
656 4133 841 4201 auctoritas.
874 4131 1113 4222 obligationem
1140 4135 1229 4202 enim

119 4242 200 4312 hanc
220 4243 397 4314 concilium
420 4241 660 4312 oecumenicum
680 4241 850 4333 imponere
868 4240 994 4332 nequit,
1016 4240 1082 4308 nisi
1104 4241 1231 4312 decretu
