3064 4952
260 445 320 508 172
613 466 787 514 reseratus
810 467 848 514 nr
871 467 1023 514 runcinus

255 602 414 694 (Deloue,
442 611 465 671 t.
490 605 532 692 11,
558 627 590 696 p.
616 608 691 694 tto,
719 604 772 676 ed.
803 608 899 698 1745)
922 605 1217 698 :Accrpiosdierqo
1233 608 1377 676 Romani

256 711 429 803 Pontifices
448 724 607 804 torquem
631 735 697 782 aaa
708 737 851 806 persono
865 715 968 784 Petri.
993 713 1081 808 Ergo
1094 736 1209 784 revera
1223 715 1258 783 in
1272 715 1375 784 texti-

255 817 318 885 bus
331 816 509 910 Scriptnrae
531 843 630 913 supra
646 821 751 892 allatis
766 822 927 892 evincitur
939 830 1009 891 tum
1024 822 1130 912 Petri,
1148 831 1219 892 tum
1232 823 1378 894 Romani

256 924 422 996 Pontificis
436 927 471 995 in
486 927 672 998 universam
688 929 863 1000 Ecclesiam
879 928 1061 1020 legislativa
1076 937 1227 1023 potestas.

691 1215 880 1274 sustentus
907 1219 939 1274 ll.

257 1399 438 1442 nausearet!
460 1401 491 1444 ET
516 1401 593 1442 emt
617 1399 763 1454 scetem,
784 1405 811 1444 ll}
837 1405 901 1460 EST,
930 1405 1067 1446 ussnctrto
1087 1403 1202 1446 uniusne
1222 1405 1379 1446 POTBSTATIS

551 1491 729 1534 nsatscsrtvm
748 1495 893 1536 Stlsssslllll
913 1493 1081 1536 courmelois

302 1695 396 1763 Anao
415 1698 488 1762 196.
508 1734 552 1748 -
573 1699 714 1766 Sanctus
749 1699 889 1769 Victor!
913 1713 1036 1768 ccercet
1054 1710 1254 1792 potestatem
1279 1701 1379 1790 lepis-

258 1802 398 1870 lativam
419 1805 584 1874 occasione
606 1805 809 1877 dissmsionis
832 1806 872 1877 dc
895 1807 947 1877 die
966 1831 1030 1900 quo
1049 1807 1278 1878 celebrandum
1297 1823 1380 1878 esset

254 1911 376 1998 sestam
401 1911 547 1982 Pascite.
564 1915 758 1984 -Factum
783 1917 871 1987 istud
890 1917 936 1985 sic
962 1925 1074 1986 narrat
1088 1915 1248 1985 Eusebius
1263 1917 1298 1984 in
1316 1939 1381 1986 sua

257 2017 401 2087 Historia
423 2020 633 2092 ecclesiastica
658 2023 753 2115 (libro
780 2025 824 2110 V,
848 2047 918 2117 cap.
950 2027 991 2093 23
1013 2032 1043 2094 et
1065 2024 1147 2116 seq.)
1179 2052 1187 2093 ι
1216 2024 1380 2094 «lisdem

264 2153 280 2192 α
304 2130 504 2221 temporibus
521 2133 615 2221 gravi
636 2133 855 2202 controversia
874 2139 1004 2219 exorta,
1032 2155 1070 2202 eo
1085 2131 1174 2226 quod
1189 2155 1302 2202 omnes
1316 2155 1381 2224 per

264 2236 415 2306 «Asiam
439 2239 600 2328 ecclcsiae,
624 2249 752 2311 vetrrsta
771 2241 912 2334 quedam
935 2240 1108 2312 traditione
1132 2241 1233 2328 uiam,
1260 2249 1381 2333 quarta

265 2343 428 2415 «decima
451 2346 531 2418 luna
556 2349 706 2418 salutaris
732 2349 866 2419 Paschae
894 2349 1012 2419 testum
1034 2347 1121 2420 diem
1145 2348 1378 2419 celebrandum

264 2481 281 2518 a
304 2478 372 2524 csse
387 2460 571 2545 censebant,
587 2481 653 2550 qno
668 2455 721 2528 die
737 2460 964 2553 praescriptum
979 2467 1048 2528 erat
1063 2459 1187 2528 ludaeis
1201 2467 1239 2527 nt
1250 2483 1378 2550 agnum

265 2588 281 2626 a
305 2563 552 2634 immolarent...
563 2567 648 2637 Cum
663 2578 772 2638 tamen
788 2569 923 2662 reliqum
939 2567 1038 2637 totius
1052 2561 1141 2637 orbis
1155 2567 1298 2636 ecclesiae
1311 2567 1378 2638 alio

263 2696 280 2735 a
304 2693 394 2740 more
417 2681 605 2763 uterentur,
635 2677 693 2770 qui
711 2700 753 2745 ex
775 2677 1007 2768 Apostolorum
1023 2674 1198 2745 traditione
1212 2675 1379 2767 protectus

263 2807 280 2847 c
303 2781 481 2851 etiamnum
493 2793 659 2871 servntnr3
674 2792 711 2853 ut
722 2783 842 2854 scilicet
857 2806 924 2853 non
938 2783 1004 2852 alio
1018 2806 1118 2875 quam
1130 2783 1379 2852 resurrectionis

263 2918 280 2956 a
303 2891 482 2960 Dominicae
501 2892 554 2962 die
566 2892 694 2984 jejunia
707 2892 790 2962 solvi
803 2892 908 2962 liceat.
939 2889 1064 2983 Syncdi
1077 2891 1120 2961 ob
1134 2890 1186 2979 id,
1207 2899 1378 2982 coetusque

263 3025 279 3063 a
302 2998 536 3091 Episcoporum
550 3022 771 3072 convenere...
789 2999 956 3092 Episcopis
971 3020 1049 3069 vero
1060 2997 1162 3086 Asia,
1178 2999 1237 3091 qni
1250 3021 1377 3068 morem

262 3132 279 3172 (ι
302 3106 365 3175 sibi
378 3131 399 3177 a
411 3109 590 3199 majoribus
604 3107 761 3178 traditum
773 3106 979 3178 retinendum
991 3129 1059 3175 esse
1069 3105 1187 3174 acriter
1200 3104 1376 3176 contende-

262 3242 279 3281 «
301 3215 392 3304 bant,
409 3215 595 3309 Polycrates
610 3226 760 3311 praeerat.
778 3217 843 3300 Qui
862 3213 995 3309 quidem
1010 3215 1096 3284 inea
1111 3214 1258 3306 epistola,
1274 3237 1376 3307 quam

262 3353 279 3390 «
301 3325 343 3394 ad
357 3325 524 3396 Victorem
538 3334 570 3395 ct
583 3324 624 3396 ad
643 3325 800 3394 Romanas
815 3325 906 3393 urbis
921 3321 1099 3392 Ecclesiam
1116 3323 1256 3414 scripsit,
1271 3321 1376 3390 tradi-

262 3460 279 3500 «
301 3433 422 3503 tionem
440 3433 481 3502 ad
497 3456 557 3502 sua
576 3456 679 3525 usque
694 3440 841 3527 tempora
855 3439 1067 3525 propagatam
1081 3431 1216 3522 exponit
1230 3430 1282 3499 bis
1299 3453 1377 3500 vcr-

262 3569 279 3608 a
302 3542 352 3610 bis
370 3567 378 3609 ι
395 3545 463 3614 Nos
475 3542 579 3634 ipitar
598 3565 711 3612 verum
726 3565 765 3611 oe
779 3541 960 3632 pecuinam
975 3539 1106 3630 opimus
1121 3539 1250 3609 diem...
1268 3539 1376 3632 (llan-

261 3677 279 3716 α
303 3659 404 3720 meret
419 3649 535 3720 deinde
548 3651 734 3743 Polycrates
747 3650 897 3720 ordinem
914 3648 1126 3718 successionis
1138 3647 1375 3741 Episcoporum

261 3759 494 3830 «insedibus
522 3758 661 3828 asiaticis
689 3759 731 3827 ab
758 3757 915 3850 Apostolo
936 3763 1048 3826 sancto
1070 3755 1196 3826 Joanne
1210 3761 1243 3822 et
1263 3762 1375 3823 sancto

262 3893 279 3931 a
302 3867 453 3961 Philippo
469 3865 627 3959 usquead
643 3889 694 3954 sc;
721 3865 839 3935 deinde
852 3862 955 3954 addit)
970 3890 977 3931 :
996 3862 1092 3934 Nihil
1104 3885 1235 3932 moveor
1246 3862 1286 3930 iis
1301 3885 1375 3954 qua

261 4001 279 4042 a
301 3975 392 4045 mbos
413 3974 460 4044 od
471 3973 683 4065 formidines
706 3973 937 4043 intentantur.-
955 3971 1074 4041 etenim
1093 3971 1135 4039 ab
1161 3970 1304 4063 illisqui
1322 3991 1376 4038 mc

262 4113 280 4150 a
303 4087 397 4178 loopc
412 4085 557 4178 majores
570 4095 675 4172 mont,
691 4084 816 4153 dutum
829 4083 893 4152 scio
909 4081 1061 4151 :obedire
1076 4093 1203 4173 oportet
1217 4084 1285 4148 Deo
1299 4103 1376 4148 ma-

260 4222 278 4260 a
300 4195 349 4286 pis
371 4217 472 4286 wem
486 4191 709 4264 homitibus...
727 4193 789 4261 llis
814 4190 989 4280 ingestis,
1014 4189 1129 4260 Victor
1147 4189 1280 4282 quidem
1304 4188 1373 4258 lio-
