3064 4952
561 489 644 536 runis
665 490 816 546 canonici.
1185 477 1246 538 203

131 627 218 696 enim
240 627 408 698 ordinaria
426 627 694 720 jurisdictionalis
716 637 776 716 est,
800 653 857 700 scu
882 631 1029 722 obligare
1045 641 1149 725 potest
1173 635 1251 702 sub-

130 735 214 806 ditos
239 759 297 828 per
322 758 382 805 sua
404 743 565 830 praecepta
588 744 619 805 et
633 737 732 828 leges.
751 737 904 808 Viderint
918 738 1072 832 Episcopi
1086 763 1129 808 an
1145 749 1252 832 posset

131 841 194 912 dici
223 843 390 912 ordinaria
413 844 562 936 ipsorum
593 853 734 937 potestas
761 845 796 913 in
827 845 1039 935 dioecesanos,
1065 849 1093 916 si
1120 847 1248 917 nullum

129 952 325 1044 parcebam,
353 952 508 1022 clericum
528 961 559 1022 et
583 953 704 1021 laicum
720 962 852 1044 possent
868 954 1028 1044 obligare,
1044 955 1108 1024 nisi
1124 957 1251 1047 obliga-

131 1061 254 1130 tionem
272 1060 373 1130 libere
393 1070 583 1154 acceptaret.
614 1061 765 1133 Viderint
790 1084 832 1130 an
851 1070 1043 1155 potestatem
1072 1076 1252 1157 paternam

130 1191 206 1238 vere
231 1170 360 1256 habeat,
389 1170 446 1261 qui
468 1169 632 1239 familiam
659 1193 752 1238 suam
776 1192 842 1238 non
871 1179 976 1263 potest
999 1193 1112 1262 regere
1136 1173 1200 1240 nisi
1215 1195 1253 1242 eo

132 1277 243 1366 modo,
266 1301 332 1370 quo
356 1279 427 1371 ipsa
445 1277 598 1365 voluerit,
626 1300 685 1346 nec
707 1287 910 1371 praeceptum
936 1279 1044 1350 ullum
1060 1279 1167 1350 valide
1183 1282 1253 1350 im-

130 1407 250 1478 ponere
264 1386 355 1473 liliis,
371 1385 434 1454 uisi
451 1385 509 1454 tilii
524 1387 713 1478 permittant
728 1409 761 1453 se
779 1408 838 1479 per
853 1396 1054 1479 preceptum
1077 1395 1249 1479 paternum

130 1495 281 1585 obligari.

19 1601 20 1608 ’
172 1603 256 1672 ltem
284 1605 460 1673 concilium
489 1604 640 1695 generale
670 1604 940 1694 Lugdunensell
964 1605 1111 1696 agnoscit
1132 1607 1166 1673 in
1185 1607 1254 1676 Ro-

132 1735 230 1781 mana
255 1713 428 1781 Ecclesia:
453 1737 621 1782 summum
646 1727 678 1782 et
695 1715 831 1806 plenum
853 1714 1043 1807 primatum
1067 1727 1098 1783 et
1122 1716 1253 1806 princi-

126 1833 262 1911 patum,
276 1843 352 1888 cum
361 1823 533 1914 potestatis
541 1820 752 1914 plenitudiue
762 1843 860 1914 super
871 1822 1060 1890 universam
1073 1823 1253 1891 Ecclesiam

130 1929 340 1996 catholicam.
359 1930 402 1996 At
420 1952 497 1998 vero
510 1931 538 1998 si
553 1930 704 2022 Episcopi
721 1930 847 2022 possint
869 1953 934 2000 non
950 1929 1146 2022 acceptando
1160 1931 1256 2000 irrita

130 2035 237 2104 facere
270 2046 432 2130 praecepta
462 2061 680 2130 quaecumque
710 2049 742 2106 et
771 2038 860 2131 leges
890 2041 1047 2109 Romame
1080 2040 1254 2128 Ecclesiae,

19 2215 20 2218 ,
130 2143 374 2237 apertissimum
411 2146 619 2215 mendacium
648 2147 710 2215 erit
732 2149 789 2241 qui
821 2149 851 2216 ei
882 2149 1079 2218 adscribitur
1108 2172 1255 2218 summus

130 2257 287 2343 etplenus
296 2253 508 2346 principatus
522 2277 598 2322 uem
609 2257 784 2347 potestatis
792 2255 999 2348 plenitudine
1017 2285 1028 2324 :
1046 2256 1255 2326 mendacium

19 2415 20 2418 η
130 2361 209 2430 itam
230 2362 318 2452 quod
335 2362 479 2451 additur,
495 2376 526 2430 at
542 2363 646 2432 eidem
664 2387 774 2434 omncs
788 2366 940 2434 Ecetaie
950 2377 1026 2434 suat
1040 2365 1204 2456 subjectae,
1225 2377 1255 2432 et

130 2469 282 2560 ipsarum
297 2471 437 2540 Prulati
451 2471 668 2540 obedientiam
682 2487 713 2541 et
727 2473 944 2541 reverentiam
959 2473 1011 2542 illi
1023 2485 1195 2564 prestant.

173 2580 257 2646 llam
285 2579 460 2648 concilium
484 2579 714 2649 Florentinum
740 2582 980 2650 oecumenicnm
1006 2580 1158 2651 definivit
1188 2581 1255 2650 llo-

133 2686 223 2762 mani
248 2687 415 2756 Pontificis
437 2689 575 2782 plenam
600 2703 799 2781 potestatem
828 2681 1059 2760 universalem¹
1074 2692 1283 2762 Ecclesiam

125 2799 295 2892 puccndi,
319 2797 451 2891 rependi
465 2811 495 2866 et
509 2798 724 2889 pultunandi.
743 2799 787 2866 At
804 2799 878 2868 dato
890 2798 978 2890 qnod
994 2799 1088 2868 istius
1102 2801 1254 2891 pastoris,

130 2909 264 2979 rectoris
289 2918 322 2977 et
342 2907 570 2998 gubernatoris
595 2915 759 2999 praecepta
786 2916 816 2976 et
841 2908 930 2998 leges
954 2907 1082 2976 valcant
1106 2908 1257 3002 Episcopi

132 3041 197 3088 non
230 3016 428 3111 acceptando
454 3015 638 3102 annullare,
672 3016 792 3086 lalsum
823 3038 959 3110 prorsus
986 3025 1035 3086 est
1057 3041 1135 3086 eum
1165 3041 1257 3087 acce-

132 3127 217 3217 pisse
232 3151 252 3196 a
275 3124 406 3195 Christo
415 3125 555 3216 plenam
570 3125 777 3216 pulernandi
785 3138 995 3217 potestatem.
1020 3125 1093 3195 Non
1108 3127 1254 3219 plenam,

132 3235 187 3304 sed
203 3233 390 3304 illusoriam
405 3240 437 3301 et
450 3233 574 3302 nnllam
591 3234 774 3327 accepisset.

174 3347 258 3414 ltcm
297 3343 504 3415 mendacium
545 3354 629 3414 essct
662 3345 789 3414 concilii
829 3345 1014 3417 Tridentini
1049 3347 1184 3418 effatum
1218 3347 1257 3415 de

131 3477 286 3548 suprema
300 3454 467 3546 Pontifices
481 3455 625 3524 maximi
636 3455 670 3522 in
686 3457 839 3525 universa
852 3458 997 3527 Ecclesia
1007 3469 1182 3550 potestate.

175 3564 398 3632 Ancuucmuu
416 3562 472 3630 ΙΙΙ.
489 3601 534 3616 -
549 3566 604 3632 Ec
628 3567 850 3633 monumentis
871 3565 1070 3634 traditionis.
1090 3605 1134 3618 -
1154 3566 1257 3649 Quas·-

134 3670 210 3739 dam
222 3678 352 3739 tantum
365 3669 554 3760 seligemus.

177 3779 315 3848 Siricins
337 3779 438 3871 Papa,
467 3801 554 3847 anno
583 3781 660 3866 385,
676 3777 830 3871 quadam
848 3778 975 3848 decreta
992 3780 1125 3848 mittens
1139 3780 1179 3850 ad
1194 3781 1256 3850 Hi-

137 3893 287 3980 merium,
307 3913 384 3960 cum
400 3891 556 3962 mandato
572 3902 609 3961 ut
623 3893 659 3960 in
680 3892 827 3961 omnium
841 3893 1101 3986 coepiscoporum
1115 3895 1257 3986 perferri

132 4004 251 4089 faceret
266 4003 446 4082 notionem,
462 4003 507 4070 sic
522 4002 566 4070 ait
582 4028 590 4068 ε
609 4003 777 4086 Quatenus
792 4014 823 4068 et
837 4025 911 4094 qua
924 4025 945 4070 a
957 4002 1049 4090 rubis
1061 4025 1128 4070 non
1143 4003 1254 4072 incon-

136 4109 226 4193 sulte,
250 4108 307 4178 sed
315 4109 455 4202 procide
472 4110 531 4180 sub
546 4110 653 4178 nimia
675 4109 805 4178 cautela
817 4122 848 4177 et
862 4109 1093 4179 deliberatione
1107 4124 1185 4179 sunt
1199 4134 1255 4179 sa-

139 4217 272 4286 lubriter
297 4218 486 4300 constituta,
515 4217 711 4287 intemerata
732 4231 964 4308 permaneant,
995 4230 1024 4285 et
1052 4217 1201 4286 omnibus
1226 4220 1259 4286 in
