<?xml version="1.0" encoding="UTF-8"?>
<!DOCTYPE html PUBLIC "-//W3C//DTD XHTML 1.0 Transitional//EN"
    "http://www.w3.org/TR/xhtml1/DTD/xhtml1-transitional.dtd">
<html xmlns="http://www.w3.org/1999/xhtml" xml:lang="en" lang="en">
 <head>
  <title>
</title>
<meta http-equiv="Content-Type" content="text/html;charset=utf-8" />
  <meta name='ocr-system' content='tesseract 3.04.00' />
  <meta name='ocr-capabilities' content='ocr_page ocr_carea ocr_par ocr_line ocrx_word'/>
</head>
<body>
  <div class='ocr_page' id='page_1' title='image "./tractatusdeprin00bouigoog_0433.png"; bbox 0 0 3050 4946; ppageno 0'>
   <div class='ocr_carea' id='block_1_1' title="bbox 324 519 1091 588">
    <p class='ocr_par' dir='ltr' id='par_1_1' title="bbox 324 519 1091 588">
     <span class='ocr_line' id='line_1_1' title="bbox 324 519 1091 588; baseline 0 -4"><span class='ocrx_word' id='word_1_1' title='bbox 324 519 386 585; x_wconf 76' lang='lat' dir='ltr'><strong>teu</strong></span> <span class='ocrx_word' id='word_1_2' title='bbox 678 537 854 588; x_wconf 74' lang='lat' dir='ltr'><strong>retornus</strong></span> <span class='ocrx_word' id='word_1_3' title='bbox 877 540 916 585; x_wconf 83' lang='lat' dir='ltr'><strong>oa</strong></span> <span class='ocrx_word' id='word_1_4' title='bbox 938 538 1091 586; x_wconf 82' lang='lat' dir='ltr'><strong>rnrucrrus</strong></span> 
     </span>
    </p>
   </div>
   <div class='ocr_carea' id='block_1_2' title="bbox 299 673 1516 4322">
    <p class='ocr_par' dir='ltr' id='par_1_2' title="bbox 319 673 1437 880">
     <span class='ocr_line' id='line_1_2' title="bbox 319 673 1437 772; baseline -0.002 -24"><span class='ocrx_word' id='word_1_5' title='bbox 319 680 479 751; x_wconf 86' lang='lat' dir='ltr'><strong>bliothece</strong></span> <span class='ocrx_word' id='word_1_6' title='bbox 495 680 583 772; x_wconf 88' lang='lat' dir='ltr'><strong>juris</strong></span> <span class='ocrx_word' id='word_1_7' title='bbox 600 682 751 750; x_wconf 90' lang='lat' dir='ltr'><strong>canonici</strong></span> <span class='ocrx_word' id='word_1_8' title='bbox 775 681 904 766; x_wconf 83' lang='lat' dir='ltr'><strong>veteris,</strong></span> <span class='ocrx_word' id='word_1_9' title='bbox 928 704 947 750; x_wconf 86' lang='lat' dir='ltr'><strong>a</strong></span> <span class='ocrx_word' id='word_1_10' title='bbox 970 679 1084 750; x_wconf 86' lang='lat' dir='ltr'><strong>Voello</strong></span> <span class='ocrx_word' id='word_1_11' title='bbox 1101 687 1133 748; x_wconf 90' lang='lat' dir='ltr'><strong>et</strong></span> <span class='ocrx_word' id='word_1_12' title='bbox 1148 677 1289 748; x_wconf 88' lang='lat' dir='ltr'><strong>Hearico</strong></span> <span class='ocrx_word' id='word_1_13' title='bbox 1304 673 1437 747; x_wconf 85' lang='lat' dir='ltr'><strong>Justello</strong></span> 
     </span>
     <span class='ocr_line' id='line_1_3' title="bbox 319 787 1091 880; baseline -0.001 -24"><span class='ocrx_word' id='word_1_14' title='bbox 319 788 406 858; x_wconf 86' lang='lat' dir='ltr'><strong>edite</strong></span> <span class='ocrx_word' id='word_1_15' title='bbox 419 787 564 874; x_wconf 83' lang='lat' dir='ltr'><strong>Parisiis,</strong></span> <span class='ocrx_word' id='word_1_16' title='bbox 581 810 667 857; x_wconf 89' lang='lat' dir='ltr'><strong>enno</strong></span> <span class='ocrx_word' id='word_1_17' title='bbox 683 791 782 874; x_wconf 82' lang='grc'><strong>1661,</strong></span> <span class='ocrx_word' id='word_1_18' title='bbox 799 796 823 856; x_wconf 88' lang='lat' dir='ltr'><strong>t.</strong></span> <span class='ocrx_word' id='word_1_19' title='bbox 841 789 883 874; x_wconf 89' lang='grc' dir='ltr'><strong>ΙΙ,</strong></span> <span class='ocrx_word' id='word_1_20' title='bbox 906 809 983 880; x_wconf 79' lang='lat' dir='ltr'><strong>pag.</strong></span> <span class='ocrx_word' id='word_1_21' title='bbox 1002 787 1091 876; x_wconf 83' lang='grc'><strong>660.)</strong></span> 
     </span>
    </p>

    <p class='ocr_par' dir='ltr' id='par_1_3' title="bbox 317 893 1442 1852">
     <span class='ocr_line' id='line_1_4' title="bbox 364 893 1437 987; baseline -0.005 -22"><span class='ocrx_word' id='word_1_22' title='bbox 364 897 416 966; x_wconf 84' lang='lat' dir='ltr'><strong>Ex</strong></span> <span class='ocrx_word' id='word_1_23' title='bbox 431 896 493 966; x_wconf 91' lang='lat' dir='ltr'><strong>hoc</strong></span> <span class='ocrx_word' id='word_1_24' title='bbox 506 897 640 966; x_wconf 87' lang='lat' dir='ltr'><strong>Joeunis</strong></span> <span class='ocrx_word' id='word_1_25' title='bbox 654 896 845 966; x_wconf 86' lang='lat' dir='ltr'><strong>Scholastici</strong></span> <span class='ocrx_word' id='word_1_26' title='bbox 862 896 1046 966; x_wconf 90' lang='lat' dir='ltr'><strong>testimonio</strong></span> <span class='ocrx_word' id='word_1_27' title='bbox 1067 896 1138 965; x_wconf 82' lang='lat' dir='ltr'><strong>haec</strong></span> <span class='ocrx_word' id='word_1_28' title='bbox 1152 896 1245 987; x_wconf 86' lang='lat' dir='ltr'><strong>sequi</strong></span> <span class='ocrx_word' id='word_1_29' title='bbox 1259 893 1411 963; x_wconf 84' lang='lat' dir='ltr'><strong>videntur</strong></span> <span class='ocrx_word' id='word_1_30' title='bbox 1430 921 1437 960; x_wconf 95' lang='lat'><strong>:</strong></span> 
     </span>
     <span class='ocr_line' id='line_1_5' title="bbox 323 1003 1441 1097; baseline -0.004 -22"><span class='ocrx_word' id='word_1_31' title='bbox 323 1007 447 1088; x_wconf 82' lang='lat' dir='ltr'><strong>Primo,</strong></span> <span class='ocrx_word' id='word_1_32' title='bbox 472 1013 545 1074; x_wconf 89' lang='lat' dir='ltr'><strong>ante</strong></span> <span class='ocrx_word' id='word_1_33' title='bbox 567 1005 675 1097; x_wconf 90' lang='lat' dir='ltr'><strong>ipsum</strong></span> <span class='ocrx_word' id='word_1_34' title='bbox 691 1004 802 1072; x_wconf 90' lang='lat' dir='ltr'><strong>nullus</strong></span> <span class='ocrx_word' id='word_1_35' title='bbox 824 1003 1069 1074; x_wconf 80' lang='lat' dir='ltr'><strong>collectionibus</strong></span> <span class='ocrx_word' id='word_1_36' title='bbox 1083 1024 1246 1074; x_wconf 88' lang='lat' dir='ltr'><strong>canonum</strong></span> <span class='ocrx_word' id='word_1_37' title='bbox 1261 1003 1441 1072; x_wconf 79' lang='lat' dir='ltr'><strong>inseruerat</strong></span> 
     </span>
     <span class='ocr_line' id='line_1_6' title="bbox 320 1110 1442 1204; baseline -0.004 -22"><span class='ocrx_word' id='word_1_38' title='bbox 320 1113 422 1182; x_wconf 87' lang='lat' dir='ltr'><strong>sancti</strong></span> <span class='ocrx_word' id='word_1_39' title='bbox 446 1113 558 1181; x_wconf 89' lang='lat' dir='ltr'><strong>Basilii</strong></span> <span class='ocrx_word' id='word_1_40' title='bbox 582 1134 744 1198; x_wconf 88' lang='lat' dir='ltr'><strong>canones;</strong></span> <span class='ocrx_word' id='word_1_41' title='bbox 768 1111 830 1180; x_wconf 91' lang='lat' dir='ltr'><strong>hoc</strong></span> <span class='ocrx_word' id='word_1_42' title='bbox 854 1112 941 1180; x_wconf 90' lang='lat' dir='ltr'><strong>euim</strong></span> <span class='ocrx_word' id='word_1_43' title='bbox 957 1113 1025 1204; x_wconf 88' lang='lat' dir='ltr'><strong>ipse</strong></span> <span class='ocrx_word' id='word_1_44' title='bbox 1039 1132 1193 1204; x_wconf 77' lang='lat' dir='ltr'>expresse</span> <span class='ocrx_word' id='word_1_45' title='bbox 1209 1110 1362 1178; x_wconf 78' lang='lat' dir='ltr'>declarat.</span> <span class='ocrx_word' id='word_1_46' title='bbox 1381 1113 1442 1177; x_wconf 87' lang='lat' dir='ltr'><strong>Se-</strong></span> 
     </span>
     <span class='ocr_line' id='line_1_7' title="bbox 319 1218 1441 1312; baseline -0.004 -22"><span class='ocrx_word' id='word_1_47' title='bbox 319 1221 437 1304; x_wconf 84' lang='lat' dir='ltr'><strong>cundo,</strong></span> <span class='ocrx_word' id='word_1_48' title='bbox 455 1243 594 1290; x_wconf 89' lang='lat' dir='ltr'><strong>canones</strong></span> <span class='ocrx_word' id='word_1_49' title='bbox 609 1219 819 1289; x_wconf 90' lang='lat' dir='ltr'><strong>Sardicenscs</strong></span> <span class='ocrx_word' id='word_1_50' title='bbox 833 1227 863 1289; x_wconf 90' lang='lat' dir='ltr'><strong>et</strong></span> <span class='ocrx_word' id='word_1_51' title='bbox 877 1239 1015 1288; x_wconf 89' lang='lat' dir='ltr'><strong>canones</strong></span> <span class='ocrx_word' id='word_1_52' title='bbox 1036 1218 1268 1312; x_wconf 87' lang='lat' dir='ltr'><strong>Apostolorum</strong></span> <span class='ocrx_word' id='word_1_53' title='bbox 1287 1240 1354 1287; x_wconf 90' lang='lat' dir='ltr'><strong>uon</strong></span> <span class='ocrx_word' id='word_1_54' title='bbox 1371 1219 1441 1287; x_wconf 81' lang='lat' dir='ltr'><strong>lne-</strong></span> 
     </span>
     <span class='ocr_line' id='line_1_8' title="bbox 320 1324 1441 1420; baseline -0.005 -22"><span class='ocrx_word' id='word_1_55' title='bbox 320 1337 399 1398; x_wconf 88' lang='lat' dir='ltr'><strong>ruut</strong></span> <span class='ocrx_word' id='word_1_56' title='bbox 422 1329 464 1398; x_wconf 87' lang='lat' dir='ltr'><strong>ab</strong></span> <span class='ocrx_word' id='word_1_57' title='bbox 486 1329 557 1420; x_wconf 92' lang='lat' dir='ltr'><strong>ipso</strong></span> <span class='ocrx_word' id='word_1_58' title='bbox 582 1328 725 1419; x_wconf 91' lang='lat' dir='ltr'><strong>primum</strong></span> <span class='ocrx_word' id='word_1_59' title='bbox 747 1327 875 1413; x_wconf 87' lang='lat' dir='ltr'><strong>inserti,</strong></span> <span class='ocrx_word' id='word_1_60' title='bbox 901 1325 957 1394; x_wconf 91' lang='lat' dir='ltr'><strong>sed</strong></span> <span class='ocrx_word' id='word_1_61' title='bbox 976 1326 1046 1417; x_wconf 86' lang='lat' dir='ltr'><strong>jem</strong></span> <span class='ocrx_word' id='word_1_62' title='bbox 1064 1324 1098 1394; x_wconf 89' lang='lat' dir='ltr'><strong>in</strong></span> <span class='ocrx_word' id='word_1_63' title='bbox 1120 1325 1285 1394; x_wconf 79' lang='lat' dir='ltr'><strong>codicibus</strong></span> <span class='ocrx_word' id='word_1_64' title='bbox 1305 1326 1441 1417; x_wconf 80' lang='lat' dir='ltr'><strong>receptis</strong></span> 
     </span>
     <span class='ocr_line' id='line_1_9' title="bbox 317 1435 1439 1528; baseline -0.004 -22"><span class='ocrx_word' id='word_1_65' title='bbox 317 1438 506 1516; x_wconf 78' lang='lat' dir='ltr'><strong>exstabant3</strong></span> <span class='ocrx_word' id='word_1_66' title='bbox 531 1435 673 1506; x_wconf 86' lang='lat' dir='ltr'><strong>decleret</strong></span> <span class='ocrx_word' id='word_1_67' title='bbox 693 1435 781 1504; x_wconf 91' lang='lat' dir='ltr'><strong>euim</strong></span> <span class='ocrx_word' id='word_1_68' title='bbox 804 1443 922 1504; x_wconf 72' lang='lat' dir='ltr'><strong>cistere</strong></span> <span class='ocrx_word' id='word_1_69' title='bbox 946 1459 979 1504; x_wconf 88' lang='lat' dir='ltr'><strong>se</strong></span> <span class='ocrx_word' id='word_1_70' title='bbox 999 1437 1041 1506; x_wconf 94' lang='lat' dir='ltr'><strong>ab</strong></span> <span class='ocrx_word' id='word_1_71' title='bbox 1061 1436 1302 1528; x_wconf 80' lang='lat' dir='ltr'><strong>antiquioribus</strong></span> <span class='ocrx_word' id='word_1_72' title='bbox 1321 1435 1439 1504; x_wconf 90' lang='lat' dir='ltr'><strong>codici-</strong></span> 
     </span>
     <span class='ocr_line' id='line_1_10' title="bbox 317 1543 1440 1636; baseline -0.004 -22"><span class='ocrx_word' id='word_1_73' title='bbox 317 1549 380 1616; x_wconf 92' lang='lat' dir='ltr'><strong>bus</strong></span> <span class='ocrx_word' id='word_1_74' title='bbox 393 1547 427 1614; x_wconf 89' lang='lat' dir='ltr'><strong>in</strong></span> <span class='ocrx_word' id='word_1_75' title='bbox 444 1569 567 1616; x_wconf 90' lang='lat' dir='ltr'><strong>novum</strong></span> <span class='ocrx_word' id='word_1_76' title='bbox 589 1554 715 1616; x_wconf 87' lang='lat' dir='ltr'><strong>tantum</strong></span> <span class='ocrx_word' id='word_1_77' title='bbox 731 1545 879 1615; x_wconf 86' lang='lat' dir='ltr'><strong>ordinem</strong></span> <span class='ocrx_word' id='word_1_78' title='bbox 903 1546 1117 1636; x_wconf 52' lang='lat' dir='ltr'><strong>congessisse</strong></span> <span class='ocrx_word' id='word_1_79' title='bbox 1135 1567 1215 1636; x_wconf 83' lang='lat' dir='ltr'><strong>ergo</strong></span> <span class='ocrx_word' id='word_1_80' title='bbox 1229 1551 1316 1614; x_wconf 87' lang='lat' dir='ltr'><strong>erret</strong></span> <span class='ocrx_word' id='word_1_81' title='bbox 1330 1543 1440 1613; x_wconf 86' lang='lat' dir='ltr'><strong>Chris-</strong></span> 
     </span>
     <span class='ocr_line' id='line_1_11' title="bbox 318 1651 1439 1746; baseline -0.003 -24"><span class='ocrx_word' id='word_1_82' title='bbox 318 1655 475 1746; x_wconf 89' lang='lat' dir='ltr'><strong>tophorus</strong></span> <span class='ocrx_word' id='word_1_83' title='bbox 496 1653 652 1722; x_wconf 87' lang='lat' dir='ltr'><strong>Justellus</strong></span> <span class='ocrx_word' id='word_1_84' title='bbox 671 1653 729 1745; x_wconf 84' lang='lat' dir='ltr'><strong>qui</strong></span> <span class='ocrx_word' id='word_1_85' title='bbox 754 1654 894 1744; x_wconf 88' lang='lat' dir='ltr'><strong>primam</strong></span> <span class='ocrx_word' id='word_1_86' title='bbox 918 1653 1128 1722; x_wconf 87' lang='lat' dir='ltr'><strong>insertionem</strong></span> <span class='ocrx_word' id='word_1_87' title='bbox 1149 1674 1313 1721; x_wconf 84' lang='lat' dir='ltr'><strong>cenenum</strong></span> <span class='ocrx_word' id='word_1_88' title='bbox 1330 1651 1439 1720; x_wconf 86' lang='lat' dir='ltr'><strong>Sardi-</strong></span> 
     </span>
     <span class='ocr_line' id='line_1_12' title="bbox 318 1760 1439 1852; baseline -0.001 -23"><span class='ocrx_word' id='word_1_89' title='bbox 318 1761 465 1830; x_wconf 87' lang='lat' dir='ltr'><strong>censium</strong></span> <span class='ocrx_word' id='word_1_90' title='bbox 489 1761 607 1830; x_wconf 79' lang='lat' dir='ltr'><strong>loanni</strong></span> <span class='ocrx_word' id='word_1_91' title='bbox 631 1760 829 1830; x_wconf 86' lang='lat' dir='ltr'><strong>Scholastico</strong></span> <span class='ocrx_word' id='word_1_92' title='bbox 850 1761 963 1829; x_wconf 89' lang='lat' dir='ltr'><strong>tribuit</strong></span> <span class='ocrx_word' id='word_1_93' title='bbox 979 1788 987 1848; x_wconf 92' lang='lat'>;</span> <span class='ocrx_word' id='word_1_94' title='bbox 1013 1769 1045 1828; x_wconf 91' lang='lat' dir='ltr'><strong>et</strong></span> <span class='ocrx_word' id='word_1_95' title='bbox 1063 1761 1186 1852; x_wconf 83' lang='lat' dir='ltr'><strong>pariter</strong></span> <span class='ocrx_word' id='word_1_96' title='bbox 1205 1771 1293 1829; x_wconf 88' lang='lat' dir='ltr'><strong>errat</strong></span> <span class='ocrx_word' id='word_1_97' title='bbox 1306 1760 1439 1852; x_wconf 88' lang='lat' dir='ltr'><strong>quidem</strong></span> 
     </span>
    </p>

    <p class='ocr_par' dir='ltr' id='par_1_4' title="bbox 299 1868 1516 3235">
     <span class='ocr_line' id='line_1_13' title="bbox 299 1868 1441 1961; baseline -0.002 -23"><span class='ocrx_word' id='word_1_98' title='bbox 299 1870 458 1938; x_wconf 86' lang='lat' dir='ltr'><strong>·Fimieni</strong></span> <span class='ocrx_word' id='word_1_99' title='bbox 476 1870 533 1961; x_wconf 91' lang='lat' dir='ltr'><strong>qui</strong></span> <span class='ocrx_word' id='word_1_100' title='bbox 548 1869 689 1938; x_wconf 87' lang='lat' dir='ltr'><strong>affirmat</strong></span> <span class='ocrx_word' id='word_1_101' title='bbox 705 1877 774 1938; x_wconf 91' lang='lat' dir='ltr'><strong>tum</strong></span> <span class='ocrx_word' id='word_1_102' title='bbox 791 1889 932 1950; x_wconf 77' lang='lat' dir='ltr'><strong>mannes</strong></span> <span class='ocrx_word' id='word_1_103' title='bbox 954 1868 1200 1960; x_wconf 83' lang='lat' dir='ltr'><strong>Apostolorum,</strong></span> <span class='ocrx_word' id='word_1_104' title='bbox 1217 1875 1288 1936; x_wconf 92' lang='lat' dir='ltr'><strong>tum</strong></span> <span class='ocrx_word' id='word_1_105' title='bbox 1304 1891 1441 1936; x_wconf 83' lang='lat' dir='ltr'><strong>canones</strong></span> 
     </span>
     <span class='ocr_line' id='line_1_14' title="bbox 319 1977 1440 2069; baseline -0.004 -21"><span class='ocrx_word' id='word_1_106' title='bbox 319 1978 528 2048; x_wconf 84' lang='lat' dir='ltr'><strong>Serdicenscs</strong></span> <span class='ocrx_word' id='word_1_107' title='bbox 563 1978 604 2046; x_wconf 88' lang='lat' dir='ltr'><strong>eb</strong></span> <span class='ocrx_word' id='word_1_108' title='bbox 635 1977 749 2046; x_wconf 89' lang='lat' dir='ltr'><strong>eodem</strong></span> <span class='ocrx_word' id='word_1_109' title='bbox 778 1978 904 2047; x_wconf 88' lang='lat' dir='ltr'><strong>Joaune</strong></span> <span class='ocrx_word' id='word_1_110' title='bbox 940 1977 1138 2047; x_wconf 82' lang='lat' dir='ltr'><strong>Scholastico</strong></span> <span class='ocrx_word' id='word_1_111' title='bbox 1168 1978 1311 2069; x_wconf 91' lang='lat' dir='ltr'><strong>primum</strong></span> <span class='ocrx_word' id='word_1_112' title='bbox 1342 1979 1440 2046; x_wconf 90' lang='lat' dir='ltr'><strong>codici</strong></span> 
     </span>
     <span class='ocr_line' id='line_1_15' title="bbox 319 2084 1438 2176; baseline -0.001 -22"><span class='ocrx_word' id='word_1_113' title='bbox 319 2086 418 2154; x_wconf 86' lang='lat' dir='ltr'><strong>fuisse</strong></span> <span class='ocrx_word' id='word_1_114' title='bbox 434 2086 571 2154; x_wconf 89' lang='lat' dir='ltr'><strong>insertos</strong></span> <span class='ocrx_word' id='word_1_115' title='bbox 585 2085 748 2174; x_wconf 82' lang='lat' dir='ltr'><strong>(Fimiani,</strong></span> <span class='ocrx_word' id='word_1_116' title='bbox 764 2085 824 2154; x_wconf 82' lang='lat' dir='ltr'><strong>Jus</strong></span> <span class='ocrx_word' id='word_1_117' title='bbox 837 2107 924 2170; x_wconf 82' lang='lat' dir='ltr'><strong>can,</strong></span> <span class='ocrx_word' id='word_1_118' title='bbox 944 2094 968 2154; x_wconf 93' lang='lat' dir='ltr'><strong>t.</strong></span> <span class='ocrx_word' id='word_1_119' title='bbox 984 2085 1012 2172; x_wconf 92' lang='lat'><strong>1,</strong></span> <span class='ocrx_word' id='word_1_120' title='bbox 1026 2109 1058 2176; x_wconf 88' lang='lat' dir='ltr'><strong>p.</strong></span> <span class='ocrx_word' id='word_1_121' title='bbox 1072 2088 1126 2168; x_wconf 91' lang='grc'><strong>76,</strong></span> <span class='ocrx_word' id='word_1_122' title='bbox 1142 2084 1193 2152; x_wconf 87' lang='lat' dir='ltr'><strong>cd.</strong></span> <span class='ocrx_word' id='word_1_123' title='bbox 1208 2085 1309 2176; x_wconf 88' lang='lat' dir='ltr'><strong>Neap.</strong></span> <span class='ocrx_word' id='word_1_124' title='bbox 1331 2089 1438 2174; x_wconf 84' lang='grc'>1777).</span> 
     </span>
     <span class='ocr_line' id='line_1_16' title="bbox 323 2193 1441 2278; baseline -0.001 -16"><span class='ocrx_word' id='word_1_125' title='bbox 323 2195 440 2278; x_wconf 83' lang='lat' dir='ltr'><strong>Tertio,</strong></span> <span class='ocrx_word' id='word_1_126' title='bbox 461 2203 585 2263; x_wconf 88' lang='lat' dir='ltr'><strong>certum</strong></span> <span class='ocrx_word' id='word_1_127' title='bbox 607 2202 654 2262; x_wconf 90' lang='lat' dir='ltr'><strong>est</strong></span> <span class='ocrx_word' id='word_1_128' title='bbox 669 2195 829 2264; x_wconf 83' lang='lat' dir='ltr'><strong>loannem</strong></span> <span class='ocrx_word' id='word_1_129' title='bbox 851 2193 1087 2263; x_wconf 80' lang='lat' dir='ltr'><strong>scholasticum</strong></span> <span class='ocrx_word' id='word_1_130' title='bbox 1101 2216 1168 2262; x_wconf 92' lang='lat' dir='ltr'><strong>nou</strong></span> <span class='ocrx_word' id='word_1_131' title='bbox 1184 2204 1332 2262; x_wconf 88' lang='lat' dir='ltr'><strong>secutum</strong></span> <span class='ocrx_word' id='word_1_132' title='bbox 1346 2194 1441 2262; x_wconf 83' lang='lat' dir='ltr'><strong>fuisse</strong></span> 
     </span>
     <span class='ocr_line' id='line_1_17' title="bbox 319 2301 1441 2394; baseline -0.004 -22"><span class='ocrx_word' id='word_1_133' title='bbox 319 2303 508 2374; x_wconf 86' lang='lat' dir='ltr'><strong>methodum</strong></span> <span class='ocrx_word' id='word_1_134' title='bbox 540 2301 816 2392; x_wconf 87' lang='lat' dir='ltr'><strong>chronologicam,</strong></span> <span class='ocrx_word' id='word_1_135' title='bbox 858 2302 913 2370; x_wconf 91' lang='lat' dir='ltr'><strong>sed</strong></span> <span class='ocrx_word' id='word_1_136' title='bbox 943 2302 1091 2370; x_wconf 88' lang='lat' dir='ltr'><strong>ordinem</strong></span> <span class='ocrx_word' id='word_1_137' title='bbox 1122 2302 1334 2371; x_wconf 78' lang='lat' dir='ltr'><strong>materiarum</strong></span> <span class='ocrx_word' id='word_1_138' title='bbox 1364 2325 1441 2394; x_wconf 84' lang='lat' dir='ltr'><strong>ques</strong></span> 
     </span>
     <span class='ocr_line' id='line_1_18' title="bbox 318 2409 1441 2501; baseline -0.003 -21"><span class='ocrx_word' id='word_1_139' title='bbox 318 2413 352 2480; x_wconf 92' lang='lat' dir='ltr'><strong>in</strong></span> <span class='ocrx_word' id='word_1_140' title='bbox 369 2415 409 2480; x_wconf 85' lang='lat'><strong>50</strong></span> <span class='ocrx_word' id='word_1_141' title='bbox 425 2411 534 2480; x_wconf 91' lang='lat' dir='ltr'><strong>titulos</strong></span> <span class='ocrx_word' id='word_1_142' title='bbox 550 2410 715 2478; x_wconf 88' lang='lat' dir='ltr'><strong>distribuit</strong></span> <span class='ocrx_word' id='word_1_143' title='bbox 730 2439 738 2490; x_wconf 90' lang='lat'><strong>;</strong></span> <span class='ocrx_word' id='word_1_144' title='bbox 762 2409 817 2478; x_wconf 88' lang='lat' dir='ltr'><strong>sed</strong></span> <span class='ocrx_word' id='word_1_145' title='bbox 837 2431 990 2501; x_wconf 83' lang='lat' dir='ltr'><strong>expresse</strong></span> <span class='ocrx_word' id='word_1_146' title='bbox 1012 2409 1153 2478; x_wconf 80' lang='lat' dir='ltr'><strong>declaret</strong></span> <span class='ocrx_word' id='word_1_147' title='bbox 1167 2411 1248 2478; x_wconf 86' lang='lat' dir='ltr'><strong>elios</strong></span> <span class='ocrx_word' id='word_1_148' title='bbox 1264 2411 1355 2479; x_wconf 85' lang='lat' dir='ltr'><strong>idem</strong></span> <span class='ocrx_word' id='word_1_149' title='bbox 1371 2420 1441 2479; x_wconf 87' lang='lat' dir='ltr'><strong>ante</strong></span> 
     </span>
     <span class='ocr_line' id='line_1_19' title="bbox 318 2517 1516 2610; baseline -0.002 -23"><span class='ocrx_word' id='word_1_150' title='bbox 318 2521 427 2610; x_wconf 90' lang='lat' dir='ltr'><strong>ipsum</strong></span> <span class='ocrx_word' id='word_1_151' title='bbox 448 2518 576 2604; x_wconf 79' lang='lat' dir='ltr'><strong>lecissc3</strong></span> <span class='ocrx_word' id='word_1_152' title='bbox 605 2517 693 2586; x_wconf 86' lang='lat' dir='ltr'><strong>uude</strong></span> <span class='ocrx_word' id='word_1_153' title='bbox 713 2517 833 2585; x_wconf 91' lang='lat' dir='ltr'><strong>iterum</strong></span> <span class='ocrx_word' id='word_1_154' title='bbox 855 2525 965 2586; x_wconf 86' lang='lat' dir='ltr'><strong>errant</strong></span> <span class='ocrx_word' id='word_1_155' title='bbox 986 2517 1044 2608; x_wconf 91' lang='lat' dir='ltr'><strong>qui</strong></span> <span class='ocrx_word' id='word_1_156' title='bbox 1059 2517 1249 2587; x_wconf 85' lang='lat' dir='ltr'><strong>methodum</strong></span> <span class='ocrx_word' id='word_1_157' title='bbox 1264 2517 1363 2608; x_wconf 86' lang='lat' dir='ltr'><strong>juxta</strong></span> <span class='ocrx_word' id='word_1_158' title='bbox 1376 2541 1442 2586; x_wconf 90' lang='lat' dir='ltr'><strong>ma·</strong></span> <span class='ocrx_word' id='word_1_159' title='bbox 1515 2529 1516 2542; x_wconf 61' lang='lat'><em>*</em></span> 
     </span>
     <span class='ocr_line' id='line_1_20' title="bbox 319 2623 1441 2717; baseline -0.001 -25"><span class='ocrx_word' id='word_1_160' title='bbox 319 2626 475 2694; x_wconf 79' lang='lat' dir='ltr'><strong>tertarum</strong></span> <span class='ocrx_word' id='word_1_161' title='bbox 496 2624 675 2694; x_wconf 81' lang='lat' dir='ltr'><strong>naturalem</strong></span> <span class='ocrx_word' id='word_1_162' title='bbox 697 2623 846 2692; x_wconf 88' lang='lat' dir='ltr'><strong>ordinem</strong></span> <span class='ocrx_word' id='word_1_163' title='bbox 866 2623 907 2691; x_wconf 87' lang='lat' dir='ltr'><strong>ab</strong></span> <span class='ocrx_word' id='word_1_164' title='bbox 927 2624 997 2715; x_wconf 92' lang='lat' dir='ltr'><strong>ipso</strong></span> <span class='ocrx_word' id='word_1_165' title='bbox 1012 2623 1143 2694; x_wconf 91' lang='lat' dir='ltr'><strong>initium</strong></span> <span class='ocrx_word' id='word_1_166' title='bbox 1164 2625 1342 2717; x_wconf 89' lang='lat' dir='ltr'><strong>sumpsisse</strong></span> <span class='ocrx_word' id='word_1_167' title='bbox 1355 2627 1441 2695; x_wconf 85' lang='lat' dir='ltr'><strong>exis-</strong></span> 
     </span>
     <span class='ocr_line' id='line_1_21' title="bbox 319 2731 1514 2824; baseline -0.002 -22"><span class='ocrx_word' id='word_1_168' title='bbox 319 2735 446 2802; x_wconf 87' lang='lat' dir='ltr'><strong>timent.</strong></span> <span class='ocrx_word' id='word_1_169' title='bbox 471 2733 634 2802; x_wconf 80' lang='lat' dir='ltr'><strong>Caeterum</strong></span> <span class='ocrx_word' id='word_1_170' title='bbox 657 2731 797 2801; x_wconf 85' lang='lat' dir='ltr'><strong>invaluit</strong></span> <span class='ocrx_word' id='word_1_171' title='bbox 819 2741 891 2823; x_wconf 87' lang='lat' dir='ltr'><strong>post</strong></span> <span class='ocrx_word' id='word_1_172' title='bbox 909 2731 1017 2824; x_wconf 90' lang='lat' dir='ltr'><strong>ipsum</strong></span> <span class='ocrx_word' id='word_1_173' title='bbox 1041 2733 1213 2802; x_wconf 89' lang='lat' dir='ltr'><strong>methodus</strong></span> <span class='ocrx_word' id='word_1_174' title='bbox 1234 2734 1289 2802; x_wconf 88' lang='lat' dir='ltr'><strong>ille</strong></span> <span class='ocrx_word' id='word_1_175' title='bbox 1304 2757 1442 2803; x_wconf 70' lang='lat' dir='ltr'><strong>mounes</strong></span> <span class='ocrx_word' id='word_1_176' title='bbox 1512 2751 1514 2793; x_wconf 79' lang='grc'><strong>6</strong></span> 
     </span>
     <span class='ocr_line' id='line_1_22' title="bbox 317 2837 1513 2933; baseline -0.002 -23"><span class='ocrx_word' id='word_1_177' title='bbox 317 2843 413 2933; x_wconf 84' lang='lat' dir='ltr'><strong>juxta</strong></span> <span class='ocrx_word' id='word_1_178' title='bbox 433 2839 643 2908; x_wconf 85' lang='lat' dir='ltr'><strong>materiarum</strong></span> <span class='ocrx_word' id='word_1_179' title='bbox 668 2837 816 2908; x_wconf 89' lang='lat' dir='ltr'><strong>ordinem</strong></span> <span class='ocrx_word' id='word_1_180' title='bbox 840 2838 1031 2928; x_wconf 85' lang='lat' dir='ltr'><strong>colligendi,</strong></span> <span class='ocrx_word' id='word_1_181' title='bbox 1060 2848 1158 2931; x_wconf 85' lang='lat' dir='ltr'><strong>etque</strong></span> <span class='ocrx_word' id='word_1_182' title='bbox 1177 2838 1249 2908; x_wconf 82' lang='lat' dir='ltr'><strong>haec</strong></span> <span class='ocrx_word' id='word_1_183' title='bbox 1264 2841 1348 2909; x_wconf 83' lang='lat' dir='ltr'><strong>tanti</strong></span> <span class='ocrx_word' id='word_1_184' title='bbox 1374 2863 1441 2908; x_wconf 93' lang='lat' dir='ltr'><strong>mo-</strong></span> <span class='ocrx_word' id='word_1_185' title='bbox 1512 2853 1513 2899; x_wconf 75' lang='grc'><strong>6</strong></span> 
     </span>
     <span class='ocr_line' id='line_1_23' title="bbox 320 2945 1512 3039; baseline -0.002 -21"><span class='ocrx_word' id='word_1_186' title='bbox 320 2949 422 3018; x_wconf 87' lang='lat' dir='ltr'><strong>menti</strong></span> <span class='ocrx_word' id='word_1_187' title='bbox 450 2945 718 3039; x_wconf 84' lang='lat' dir='ltr'><strong>jurisprudentiae</strong></span> <span class='ocrx_word' id='word_1_188' title='bbox 755 2947 920 3016; x_wconf 78' lang='lat' dir='ltr'><strong>cenomcee</strong></span> <span class='ocrx_word' id='word_1_189' title='bbox 954 2946 1111 3034; x_wconf 86' lang='lat' dir='ltr'><strong>evolutio,</strong></span> <span class='ocrx_word' id='word_1_190' title='bbox 1144 2948 1226 3016; x_wconf 90' lang='lat' dir='ltr'><strong>hene</strong></span> <span class='ocrx_word' id='word_1_191' title='bbox 1259 2956 1366 3038; x_wconf 88' lang='lat' dir='ltr'><strong>potest</strong></span> <span class='ocrx_word' id='word_1_192' title='bbox 1399 2948 1442 3016; x_wconf 91' lang='lat' dir='ltr'><strong>illi</strong></span> <span class='ocrx_word' id='word_1_193' title='bbox 1511 2947 1512 3007; x_wconf 96' lang='grc'><strong>6</strong></span> 
     </span>
     <span class='ocr_line' id='line_1_24' title="bbox 319 3055 1511 3150; baseline -0.003 -22"><span class='ocrx_word' id='word_1_194' title='bbox 319 3057 526 3150; x_wconf 91' lang='lat' dir='ltr'><strong>potissimum</strong></span> <span class='ocrx_word' id='word_1_195' title='bbox 540 3056 612 3125; x_wconf 91' lang='lat' dir='ltr'><strong>viro</strong></span> <span class='ocrx_word' id='word_1_196' title='bbox 626 3063 658 3126; x_wconf 88' lang='lat' dir='ltr'><strong>et</strong></span> <span class='ocrx_word' id='word_1_197' title='bbox 671 3079 737 3148; x_wconf 84' lang='lat' dir='ltr'><strong>qus</strong></span> <span class='ocrx_word' id='word_1_198' title='bbox 750 3057 837 3125; x_wconf 84' lang='lat' dir='ltr'><strong>vixit</strong></span> <span class='ocrx_word' id='word_1_199' title='bbox 852 3056 939 3126; x_wconf 86' lang='lat' dir='ltr'><strong>aeteti</strong></span> <span class='ocrx_word' id='word_1_200' title='bbox 951 3056 1064 3124; x_wconf 91' lang='lat' dir='ltr'><strong>tribui.</strong></span> <span class='ocrx_word' id='word_1_201' title='bbox 1082 3057 1162 3125; x_wconf 84' lang='lat' dir='ltr'><strong>Haee</strong></span> <span class='ocrx_word' id='word_1_202' title='bbox 1174 3056 1214 3124; x_wconf 90' lang='lat' dir='ltr'><strong>de</strong></span> <span class='ocrx_word' id='word_1_203' title='bbox 1227 3058 1331 3148; x_wconf 91' lang='lat' dir='ltr'><strong>priori</strong></span> <span class='ocrx_word' id='word_1_204' title='bbox 1342 3058 1442 3149; x_wconf 90' lang='lat' dir='ltr'><strong>ipsius</strong></span> <span class='ocrx_word' id='word_1_205' title='bbox 1510 3055 1511 3116; x_wconf 96' lang='grc'><strong>6</strong></span> 
     </span>
     <span class='ocr_line' id='line_1_25' title="bbox 322 3165 521 3235; baseline -0.015 -2"><span class='ocrx_word' id='word_1_206' title='bbox 322 3165 521 3235; x_wconf 85' lang='lat' dir='ltr'><strong>collectione.</strong></span> 
     </span>
    </p>

    <p class='ocr_par' dir='ltr' id='par_1_5' title="bbox 319 3263 1509 4322">
     <span class='ocr_line' id='line_1_26' title="bbox 364 3263 1509 3364; baseline 0.003 -23"><span class='ocrx_word' id='word_1_207' title='bbox 364 3273 421 3342; x_wconf 88' lang='grc' dir='ltr'><strong>ΙΙΙ.</strong></span> <span class='ocrx_word' id='word_1_208' title='bbox 439 3273 585 3342; x_wconf 87' lang='lat' dir='ltr'><strong>Alteram</strong></span> <span class='ocrx_word' id='word_1_209' title='bbox 607 3270 721 3357; x_wconf 87' lang='lat' dir='ltr'><strong>edidit,</strong></span> <span class='ocrx_word' id='word_1_210' title='bbox 746 3273 781 3340; x_wconf 89' lang='lat' dir='ltr'><strong>iu</strong></span> <span class='ocrx_word' id='word_1_211' title='bbox 800 3295 866 3364; x_wconf 89' lang='lat' dir='ltr'><strong>qua</strong></span> <span class='ocrx_word' id='word_1_212' title='bbox 885 3272 1046 3362; x_wconf 79' lang='lat' dir='ltr'><strong>congessit</strong></span> <span class='ocrx_word' id='word_1_213' title='bbox 1066 3295 1134 3340; x_wconf 89' lang='lat' dir='ltr'><strong>non</strong></span> <span class='ocrx_word' id='word_1_214' title='bbox 1149 3281 1275 3342; x_wconf 87' lang='lat' dir='ltr'><strong>tontum</strong></span> <span class='ocrx_word' id='word_1_215' title='bbox 1289 3295 1440 3362; x_wconf 75' lang='lat' dir='ltr'><strong>mucuns,</strong></span> <span class='ocrx_word' id='word_1_216' title='bbox 1508 3263 1509 3274; x_wconf 40' lang='lat'>¹</span> 
     </span>
     <span class='ocr_line' id='line_1_27' title="bbox 321 3380 1441 3473; baseline 0.002 -22"><span class='ocrx_word' id='word_1_217' title='bbox 321 3383 377 3452; x_wconf 89' lang='lat' dir='ltr'><strong>sed</strong></span> <span class='ocrx_word' id='word_1_218' title='bbox 398 3384 630 3473; x_wconf 85' lang='lat' dir='ltr'><strong>imperatorum</strong></span> <span class='ocrx_word' id='word_1_219' title='bbox 656 3380 758 3470; x_wconf 77' lang='lat' dir='ltr'><strong>leges,</strong></span> <span class='ocrx_word' id='word_1_220' title='bbox 783 3404 825 3449; x_wconf 82' lang='lat' dir='ltr'><strong>ex</strong></span> <span class='ocrx_word' id='word_1_221' title='bbox 843 3381 1019 3450; x_wconf 75' lang='lat' dir='ltr'><strong>iustiniani</strong></span> <span class='ocrx_word' id='word_1_222' title='bbox 1040 3381 1158 3450; x_wconf 86' lang='lat' dir='ltr'><strong>Codice</strong></span> <span class='ocrx_word' id='word_1_223' title='bbox 1172 3389 1204 3448; x_wconf 88' lang='lat' dir='ltr'><strong>et</strong></span> <span class='ocrx_word' id='word_1_224' title='bbox 1225 3381 1372 3452; x_wconf 83' lang='lat' dir='ltr'><strong>Novellis</strong></span> <span class='ocrx_word' id='word_1_225' title='bbox 1388 3384 1441 3453; x_wconf 91' lang='lat' dir='ltr'><strong>de-</strong></span> 
     </span>
     <span class='ocr_line' id='line_1_28' title="bbox 320 3486 1507 3582; baseline 0 -23"><span class='ocrx_word' id='word_1_226' title='bbox 320 3499 499 3582; x_wconf 83' lang='lat' dir='ltr'><strong>promptos,</strong></span> <span class='ocrx_word' id='word_1_227' title='bbox 521 3509 596 3579; x_wconf 84' lang='lat' dir='ltr'><strong>quae</strong></span> <span class='ocrx_word' id='word_1_228' title='bbox 614 3486 689 3556; x_wconf 89' lang='lat' dir='ltr'><strong>idco</strong></span> <span class='ocrx_word' id='word_1_229' title='bbox 703 3491 918 3560; x_wconf 85' lang='lat' dir='ltr'><strong>Nomocanon</strong></span> <span class='ocrx_word' id='word_1_230' title='bbox 933 3487 1018 3557; x_wconf 85' lang='lat' dir='ltr'><strong>dicta</strong></span> <span class='ocrx_word' id='word_1_231' title='bbox 1033 3499 1092 3556; x_wconf 84' lang='lat' dir='ltr'><strong>est.</strong></span> <span class='ocrx_word' id='word_1_232' title='bbox 1111 3488 1203 3558; x_wconf 84' lang='lat' dir='ltr'><strong>lllem</strong></span> <span class='ocrx_word' id='word_1_233' title='bbox 1218 3489 1343 3580; x_wconf 87' lang='lat' dir='ltr'><strong>pariter</strong></span> <span class='ocrx_word' id='word_1_234' title='bbox 1356 3491 1442 3559; x_wconf 86' lang='lat' dir='ltr'><strong>divi-</strong></span> <span class='ocrx_word' id='word_1_235' title='bbox 1506 3509 1507 3512; x_wconf 73' lang='grc'>’</span> 
     </span>
     <span class='ocr_line' id='line_1_29' title="bbox 320 3597 1506 3690; baseline 0 -23"><span class='ocrx_word' id='word_1_236' title='bbox 320 3601 412 3667; x_wconf 89' lang='lat' dir='ltr'><strong>sitin</strong></span> <span class='ocrx_word' id='word_1_237' title='bbox 431 3597 608 3666; x_wconf 79' lang='lat' dir='ltr'><strong>scutatos.</strong></span> <span class='ocrx_word' id='word_1_238' title='bbox 625 3598 663 3665; x_wconf 92' lang='lat' dir='ltr'><strong>lu</strong></span> <span class='ocrx_word' id='word_1_239' title='bbox 680 3597 931 3688; x_wconf 80' lang='lat' dir='ltr'><strong>praeietiuncule</strong></span> <span class='ocrx_word' id='word_1_240' title='bbox 952 3607 1060 3666; x_wconf 85' lang='lat' dir='ltr'><strong>sutem</strong></span> <span class='ocrx_word' id='word_1_241' title='bbox 1077 3597 1153 3667; x_wconf 91' lang='lat' dir='ltr'><strong>huic</strong></span> <span class='ocrx_word' id='word_1_242' title='bbox 1166 3598 1258 3689; x_wconf 89' lang='lat' dir='ltr'><strong>operi</strong></span> <span class='ocrx_word' id='word_1_243' title='bbox 1274 3603 1442 3690; x_wconf 83' lang='lat' dir='ltr'><strong>praemissa</strong></span> <span class='ocrx_word' id='word_1_244' title='bbox 1505 3615 1506 3653; x_wconf 83' lang='grc'><strong>6</strong></span> 
     </span>
     <span class='ocr_line' id='line_1_30' title="bbox 319 3703 1505 3800; baseline -0.001 -24"><span class='ocrx_word' id='word_1_245' title='bbox 319 3708 365 3777; x_wconf 87' lang='lat' dir='ltr'><strong>sic</strong></span> <span class='ocrx_word' id='word_1_246' title='bbox 380 3728 515 3797; x_wconf 90' lang='lat' dir='ltr'><strong>scopum</strong></span> <span class='ocrx_word' id='word_1_247' title='bbox 529 3727 627 3775; x_wconf 93' lang='lat' dir='ltr'><strong>suum</strong></span> <span class='ocrx_word' id='word_1_248' title='bbox 642 3708 796 3798; x_wconf 86' lang='lat' dir='ltr'><strong>exponit:</strong></span> <span class='ocrx_word' id='word_1_249' title='bbox 812 3707 886 3774; x_wconf 80' lang='lat' dir='ltr'><strong>«Ea</strong></span> <span class='ocrx_word' id='word_1_250' title='bbox 899 3731 973 3800; x_wconf 75' lang='lat' dir='ltr'><strong>quse</strong></span> <span class='ocrx_word' id='word_1_251' title='bbox 990 3707 1162 3799; x_wconf 87' lang='lat' dir='ltr'><strong>conjuncte</strong></span> <span class='ocrx_word' id='word_1_252' title='bbox 1173 3717 1251 3776; x_wconf 86' lang='lat' dir='ltr'><strong>sunt</strong></span> <span class='ocrx_word' id='word_1_253' title='bbox 1260 3731 1338 3778; x_wconf 92' lang='lat' dir='ltr'><strong>cum</strong></span> <span class='ocrx_word' id='word_1_254' title='bbox 1347 3711 1442 3779; x_wconf 86' lang='lat' dir='ltr'><strong>sacris</strong></span> <span class='ocrx_word' id='word_1_255' title='bbox 1504 3703 1505 3763; x_wconf 96' lang='grc'><strong>6</strong></span> 
     </span>
     <span class='ocr_line' id='line_1_31' title="bbox 324 3813 1441 3906; baseline 0.001 -21"><span class='ocrx_word' id='word_1_256' title='bbox 324 3843 341 3898; x_wconf 69' lang='lat' dir='ltr'><strong>e</strong></span> <span class='ocrx_word' id='word_1_257' title='bbox 364 3813 543 3885; x_wconf 80' lang='lat' dir='ltr'><strong>canonibus</strong></span> <span class='ocrx_word' id='word_1_258' title='bbox 569 3820 755 3882; x_wconf 86' lang='lat' dir='ltr'><strong>sanctorum</strong></span> <span class='ocrx_word' id='word_1_259' title='bbox 778 3813 1022 3906; x_wconf 86' lang='lat' dir='ltr'><strong>Apostolorum,</strong></span> <span class='ocrx_word' id='word_1_260' title='bbox 1048 3826 1079 3883; x_wconf 87' lang='lat' dir='ltr'><strong>et</strong></span> <span class='ocrx_word' id='word_1_261' title='bbox 1098 3823 1286 3886; x_wconf 86' lang='lat' dir='ltr'><strong>sauctorum</strong></span> <span class='ocrx_word' id='word_1_262' title='bbox 1309 3818 1441 3889; x_wconf 87' lang='lat' dir='ltr'><strong>Petrum</strong></span> 
     </span>
     <span class='ocr_line' id='line_1_32' title="bbox 327 3919 1441 4013; baseline 0.005 -27"><span class='ocrx_word' id='word_1_263' title='bbox 327 3950 344 3988; x_wconf 79' lang='lat' dir='ltr'><strong>u</strong></span> <span class='ocrx_word' id='word_1_264' title='bbox 368 3923 476 4013; x_wconf 91' lang='lat' dir='ltr'><strong>quiin</strong></span> <span class='ocrx_word' id='word_1_265' title='bbox 496 3920 635 4010; x_wconf 81' lang='lat' dir='ltr'><strong>singulis</strong></span> <span class='ocrx_word' id='word_1_266' title='bbox 651 3919 785 4010; x_wconf 89' lang='lat' dir='ltr'><strong>synodis</strong></span> <span class='ocrx_word' id='word_1_267' title='bbox 801 3920 1035 4013; x_wconf 90' lang='lat' dir='ltr'><strong>Apostolorum</strong></span> <span class='ocrx_word' id='word_1_268' title='bbox 1051 3923 1187 4013; x_wconf 77' lang='lat' dir='ltr'><strong>vestigia</strong></span> <span class='ocrx_word' id='word_1_269' title='bbox 1202 3933 1280 3992; x_wconf 91' lang='lat' dir='ltr'><strong>sunt</strong></span> <span class='ocrx_word' id='word_1_270' title='bbox 1296 3927 1411 4013; x_wconf 88' lang='lat' dir='ltr'><strong>secuti,</strong></span> <span class='ocrx_word' id='word_1_271' title='bbox 1427 3949 1441 3992; x_wconf 91' lang='lat' dir='ltr'><strong>e</strong></span> 
     </span>
     <span class='ocr_line' id='line_1_33' title="bbox 328 4029 1441 4125; baseline 0.004 -27"><span class='ocrx_word' id='word_1_272' title='bbox 328 4059 344 4098; x_wconf 79' lang='lat' dir='ltr'><strong>u</strong></span> <span class='ocrx_word' id='word_1_273' title='bbox 367 4029 489 4100; x_wconf 86' lang='lat' dir='ltr'><strong>divinis</strong></span> <span class='ocrx_word' id='word_1_274' title='bbox 510 4029 807 4117; x_wconf 89' lang='lat' dir='ltr'><strong>constitutionibus,</strong></span> <span class='ocrx_word' id='word_1_275' title='bbox 832 4031 867 4098; x_wconf 88' lang='lat' dir='ltr'><strong>in</strong></span> <span class='ocrx_word' id='word_1_276' title='bbox 888 4031 996 4099; x_wconf 86' lang='lat' dir='ltr'><strong>codice</strong></span> <span class='ocrx_word' id='word_1_277' title='bbox 1017 4055 1116 4124; x_wconf 89' lang='lat' dir='ltr'><strong>quem</strong></span> <span class='ocrx_word' id='word_1_278' title='bbox 1132 4033 1358 4125; x_wconf 78' lang='lat' dir='ltr'><strong>promulgavit</strong></span> <span class='ocrx_word' id='word_1_279' title='bbox 1370 4036 1441 4105; x_wconf 88' lang='lat' dir='ltr'><strong>Jus-</strong></span> 
     </span>
     <span class='ocr_line' id='line_1_34' title="bbox 327 4136 1441 4234; baseline 0.004 -28"><span class='ocrx_word' id='word_1_280' title='bbox 327 4167 344 4206; x_wconf 80' lang='lat' dir='ltr'><strong>&lt;t</strong></span> <span class='ocrx_word' id='word_1_281' title='bbox 366 4139 515 4208; x_wconf 86' lang='lat' dir='ltr'><strong>tinianus</strong></span> <span class='ocrx_word' id='word_1_282' title='bbox 537 4136 705 4229; x_wconf 89' lang='lat' dir='ltr'><strong>dispersis,</strong></span> <span class='ocrx_word' id='word_1_283' title='bbox 725 4141 928 4231; x_wconf 81' lang='lat' dir='ltr'><strong>transcripsi.</strong></span> <span class='ocrx_word' id='word_1_284' title='bbox 954 4141 1035 4221; x_wconf 84' lang='lat' dir='ltr'><strong>Quae</strong></span> <span class='ocrx_word' id='word_1_285' title='bbox 1050 4140 1183 4234; x_wconf 88' lang='lat' dir='ltr'><strong>quidem</strong></span> <span class='ocrx_word' id='word_1_286' title='bbox 1197 4144 1441 4214; x_wconf 87' lang='lat' dir='ltr'><strong>constitutiones</strong></span> 
     </span>
     <span class='ocr_line' id='line_1_35' title="bbox 325 4245 1441 4322; baseline 0.004 -7"><span class='ocrx_word' id='word_1_287' title='bbox 325 4274 344 4316; x_wconf 79' lang='lat' dir='ltr'><strong>u</strong></span> <span class='ocrx_word' id='word_1_288' title='bbox 366 4269 432 4316; x_wconf 90' lang='lat' dir='ltr'><strong>non</strong></span> <span class='ocrx_word' id='word_1_289' title='bbox 465 4245 572 4316; x_wconf 91' lang='lat' dir='ltr'><strong>solum</strong></span> <span class='ocrx_word' id='word_1_290' title='bbox 596 4245 854 4316; x_wconf 86' lang='lat' dir='ltr'><strong>orthodoxorum</strong></span> <span class='ocrx_word' id='word_1_291' title='bbox 881 4247 1017 4317; x_wconf 89' lang='lat' dir='ltr'><strong>Petrum</strong></span> <span class='ocrx_word' id='word_1_292' title='bbox 1050 4256 1239 4320; x_wconf 88' lang='lat' dir='ltr'><strong>nostrorum</strong></span> <span class='ocrx_word' id='word_1_293' title='bbox 1264 4255 1441 4322; x_wconf 83' lang='lat' dir='ltr'><strong>canonibus</strong></span> 
     </span>
    </p>
   </div>
   <div class='ocr_carea' id='block_1_3' title="bbox 0 0 1530 4946">
    <p class='ocr_par' dir='ltr' id='par_1_6' title="bbox 0 0 1530 4946">
     <span class='ocr_line' id='line_1_36' title="bbox 0 0 1530 4946; baseline 0 0"><span class='ocrx_word' id='word_1_294' title='bbox 0 0 1530 4946; x_wconf 95' lang='lat' dir='ltr'><strong> </strong></span> 
     </span>
    </p>
   </div>
  </div>
 </body>
</html>
