3050 4946
541 454 625 500 rurns
646 453 796 499 cononici.
1164 434 1226 497 473

109 598 245 660 tuerunt
264 592 325 679 illi,
341 600 445 684 potest
458 603 490 662 et
505 594 559 662 ille
581 622 587 661 :
611 593 658 662 illi
683 583 791 662 summ
817 597 965 683 poterant
983 599 1068 660 certe
1088 591 1229 680 legema

109 722 144 766 se
167 701 264 768 latam
290 701 468 788 moderari,
488 711 519 770 et
540 702 651 788 etiam,
671 701 716 768 ita
741 699 896 769 suadente
918 701 1102 768 animarum
1127 699 1226 784 bono,

109 809 240 899 penitus
254 809 383 896 tollere3
400 833 479 901 ergo
498 820 603 902 potest
622 811 751 879 eosdem
777 809 865 897 leges
892 831 1057 880 successor
1075 807 1227 878 Pontifex

108 916 295 984 immutare.
314 915 408 986 Unde
431 918 588 986 naturalis
611 918 788 986 verborum
813 939 928 986 sensns
949 917 1070 986 indicat
1089 918 1228 1008 promis-

108 1023 233 1092 sionem
258 1023 328 1092 fieri
349 1023 390 1091 de
415 1047 481 1094 non
505 1025 671 1094 mutandis
696 1024 970 1118 praedecessorum
996 1025 1133 1092 decretis
1159 1025 1228 1092 sinc

108 1131 303 1198 rationabili
317 1154 428 1213 causa,
445 1142 475 1200 et
489 1132 573 1201 nibil
587 1131 689 1200 aliud.
706 1131 799 1214 Quod
813 1140 845 1199 et
859 1132 971 1223 praxis
986 1139 1143 1222 perpetua
1159 1131 1228 1198 Ro-

108 1259 282 1308 manorum
298 1239 494 1309 Pontificum
510 1242 693 1308 confirmet.

553 1551 696 1620 CAPUT
719 1551 792 1618 XII.
830 1655 833 1664 .

266 1784 304 1828 DE
327 1782 405 1828 Anus
427 1782 523 1836 USQUE
546 1783 586 1828 Ab
609 1782 786 1828 nutrientur
809 1781 1072 1829 concurrerimus.

155 2008 388 2078 Praetermissis
418 2010 660 2079 collectionibus
688 2011 820 2096 multis,
851 2009 1039 2101 dequibus
1067 2008 1231 2078 disserunt

109 2116 266 2185 Ballerini
284 2117 342 2208 (De
362 2117 507 2209 antiquis
531 2139 694 2186 canonum
720 2115 873 2206 collect),
892 2116 1076 2207 precipuas
1094 2124 1125 2184 et
1146 2116 1229 2184 cele-

109 2225 236 2294 briores
249 2227 591 2297 commemorabimus.

155 2336 180 2402 l.
210 2335 361 2404 Collectio
386 2335 575 2424 Repinonis,
600 2358 687 2402 anno
707 2334 835 2402 circiter
855 2339 929 2402 906.
954 2371 999 2386 --
1018 2333 1161 2402 Celebris
1182 2343 1231 2400 est

109 2443 291 2531 Reginonis
317 2443 454 2512 Abbatis
485 2443 688 2512 Prumiensis
715 2443 877 2528 collectio,
904 2465 945 2510 ex
972 2464 1037 2533 qua
1067 2443 1230 2511 subsecuti

110 2557 222 2641 postes
235 2550 419 2619 collectores
436 2550 647 2620 Burcbardus
662 2559 694 2618 et
711 2552 770 2619 lvo
785 2550 881 2640 plura
897 2540 1119 2640 sumpserunt.
1139 2550 1231 2618 Hanc

109 2658 165 2725 ille
180 2658 311 2726 ineunte
335 2659 454 2728 saeculo
470 2659 502 2726 X
521 2660 668 2748 digessit,
687 2659 896 2752 praecipiente
919 2657 1093 2726 Ratbbodo
1107 2658 1232 2727 Archi-

109 2767 260 2858 episcopo
286 2767 486 2855 Trevireusi‚
503 2769 539 2835 in
556 2768 651 2860 cujus
676 2768 804 2838 dioecesi
829 2769 930 2836 situm
951 2775 1021 2836 erat
1040 2767 1232 2838 Prumiense

110 2875 359 2943 monesterium.
375 2875 488 2943 Divisa
502 2885 550 2944 est
564 2875 634 2944 baec
649 2875 795 2944 collectio
808 2876 845 2943 in
862 2874 964 2944 libros
978 2875 1072 2962 duos,
1090 2896 1231 2966 quorum

111 2982 203 3072 prior
222 2981 261 3049 de
282 2983 429 3073 personis
451 2992 482 3051 et
501 2983 598 3052 rebus
619 2983 842 3054 ecclesiasticis
869 2990 994 3069 tractat,
1013 2983 1171 3074 posterior
1191 2981 1231 3050 de

109 3087 215 3174 laicis3
234 3111 334 3180 quam
351 3090 543 3158 divisionem
559 3091 720 3180 Reginos
736 3091 877 3160 Martiae
891 3090 1080 3158 Brocarensi
1097 3098 1231 3158 mutue-

112 3204 166 3263 tus
176 3195 316 3265 videtur.
329 3197 445 3288 Incipit
455 3199 582 3288 primus
592 3197 678 3265 liber
689 3197 731 3265 ab
741 3198 954 3289 inquisitione
967 3220 1024 3266 seu
1038 3198 1228 3277 monitione,
1271 3273 1281 3288 „

111 3305 143 3372 id
159 3313 218 3390 est,
234 3305 275 3372 ab
290 3306 435 3374 articulis
449 3306 630 3375 secundum
646 3329 730 3398 quos
743 3307 897 3399 Episcopi
912 3307 1115 3396 interrogare
1133 3306 1233 3374 debe-

109 3412 189 3480 bant
203 3413 289 3480 circa
311 3435 363 3480 res
384 3421 415 3480 et
430 3436 586 3506 personas
605 3414 845 3482 ecclesiasticos.
870 3415 948 3482 Haec
965 3413 1079 3482 eadem
1095 3413 1229 3505 inquisi-

110 3523 155 3588 tio
171 3521 287 3589 iisdem
303 3523 452 3589 terminis
465 3522 588 3612 legitur
606 3523 692 3590 inter
707 3520 876 3588 Hincmari
900 3521 1052 3611 capitula.
1070 3520 1165 3589 Unde
1179 3521 1232 3589 vel

110 3628 238 3716 Regino
264 3628 354 3696 illem
376 3628 556 3721 desumpsit
576 3651 618 3698 ex
644 3627 834 3715 Hinnmnro,
850 3627 901 3696 vel
923 3636 1060 3718 uterque
1082 3650 1123 3696 ex
1148 3628 1232 3695 anti·

109 3737 218 3827 quiori
241 3736 393 3806 formula.
423 3737 581 3806 Similiter
600 3738 635 3804 in
658 3736 744 3805 libro
766 3736 921 3822 secundo,
938 3736 1043 3828 capite
1064 3741 1094 3822 5,
1111 3757 1232 3828 propo-

110 3844 201 3911 nitur
224 3843 392 3936 inquisitio
415 3845 564 3937 Episcopi
584 3846 670 3914 circa
693 3846 803 3913 laicos.
829 3844 907 3912 Post
932 3851 1103 3934 utramque
1124 3854 1231 3913 autem

110 3950 301 4042 hujusmodi
323 3951 568 4044 inquisitionem
590 3953 810 4043 subjiciuntur
826 3951 1037 4019 auctoritates
1056 3952 1228 4034 canonice,

111 4063 145 4130 id
170 4070 231 4150 est,
253 4085 415 4131 canonum
438 4070 470 4129 et
491 4060 695 4130 decretorum
723 4061 805 4144 locs,
823 4081 898 4151 quae
925 4061 1058 4127 firment
1084 4059 1231 4149 singulos

111 4172 227 4242 harum
257 4171 504 4264 inquisitionum
533 4171 705 4254 articulos3
734 4181 765 4237 et
795 4170 865 4238 iste
896 4168 1101 4237 auctoritates
1132 4169 1230 4238 desu-
