3068 4948
569 474 652 522 turus
676 474 827 520 canonici.
1191 455 1253 520 315

139 608 188 678 Itn
208 610 305 680 etiam
327 619 361 680 ut
384 611 439 702 jus
458 611 538 684 illud
562 612 765 705 pontificium
781 613 865 682 circa
881 613 1047 700 beneficia,
1065 621 1139 682 ante
1153 636 1254 684 exor-

141 728 189 788 tus
212 721 466 812 protestantismi
488 729 519 790 ct
540 719 731 812 jnnsenismi
756 729 870 806 sectus,
897 742 916 790 n
941 720 1098 792 catholico
1123 729 1254 792 aucum

141 837 296 918 negatum
311 829 370 898 vix
384 829 523 923 reperiri
539 837 647 923 quent.

186 934 288 1005 Porro
307 938 454 1006 unanimi
474 941 645 1006 doctorum
662 935 781 1006 scholae
795 939 966 1008 consensui
979 938 1014 1006 in
1031 961 1064 1008 re
1079 939 1118 1008 ud
1137 938 1256 1029 dogma

140 1044 321 1134 pertinente
345 1047 506 1118 contraire
531 1069 629 1140 quam
655 1048 861 1116 temerarium
886 1047 941 1134 sit,
969 1057 1082 1118 notum
1105 1049 1256 1118 omnibus

141 1160 201 1238 est,
228 1160 260 1222 et
280 1151 371 1224 docet
393 1153 549 1226 Melchior
569 1155 678 1226 Cunus
701 1156 736 1224 in
757 1176 817 1224 suo
837 1154 982 1226 locorum
998 1155 1254 1246 theologicorum

140 1259 236 1330 libro.

188 1373 219 1435 9·
241 1371 465 1462 conficiantur
486 1393 526 1440 ee
539 1372 631 1464 juris
651 1373 803 1442 eauouici
821 1371 971 1442 textibus.
989 1411 1033 1424 -
1047 1371 1101 1442 Sic
1115 1373 1257 1442 decrevit

140 1477 289 1547 Clemens
317 1481 361 1548 111
386 1503 472 1550 anno
501 1485 585 1551 1190
613 1510 620 1548 :
649 1482 738 1550 Licet
762 1482 980 1564 ecclesiarum,
1001 1493 1253 1574 personatuum,

140 1585 355 1676 diqnitatum,
389 1590 595 1683 aliorumque
622 1591 847 1682 beneficiorum
875 1589 1159 1661 ecclesiasticorum
1181 1592 1257 1683 ple-

140 1696 238 1764 naria
256 1696 423 1789 dispositio
443 1698 490 1768 nd
504 1703 689 1770 Romanum
707 1711 861 1768 noscatur
875 1698 1069 1789 Pontificun
1079 1699 1253 1792 pertinere,

141 1802 190 1870 ito
212 1804 302 1895 qnod
319 1829 384 1874 naa
397 1808 503 1876 solum
518 1807 591 1898 epra
609 1829 684 1876 cum
700 1819 817 1876 vacaret
827 1818 935 1900 potest
953 1805 992 1876 de
1005 1807 1086 1898 jure
1100 1809 1254 1900 conferre,

141 1933 254 1981 veum
285 1913 386 1984 etiam
409 1917 470 2007 jus
498 1917 533 1984 in
563 1916 642 2006 ipsis
670 1916 811 1984 tribuere
838 1917 1025 1998 vacaturis,
1049 1915 1256 1984 collationem

141 2033 251 2089 tamen
267 2024 483 2106 ecclesiarum,
496 2037 745 2117 personatuum,
770 2024 970 2114 dipriitatum
986 2038 1016 2093 et
1032 2024 1257 2115 tausiriacum

140 2127 234 2220 apud
252 2131 371 2200 Sedem
389 2134 608 2224 Apostolicam
628 2133 831 2213 uocantium,
847 2132 1018 2224 specialius
1032 2132 1155 2202 ceteris
1168 2131 1257 2200 auti·

141 2259 208 2326 qua
228 2239 422 2310 consuetudo
445 2241 601 2312 Romanis
622 2240 835 2331 Pontificibus
853 2238 1039 2308 reservavit.
1067 2239 1258 2330 Nostraque

140 2345 343 2416 laudabilem
372 2363 559 2442 reputantes
587 2348 781 2442 hujusmodi
810 2347 1090 2430 cortsuetudiaem,
1124 2359 1154 2416 et
1183 2371 1257 2416 eam

140 2456 338 2526 auctoritate
359 2459 543 2550 Apostolica
565 2460 782 2551 approbantes
856 2458 1031 2528 statuimus
1052 2471 1090 2525 at
1165 2457 1257 2526 bene·

138 2568 216 2657 ficia
239 2589 311 2658 quse
331 2569 424 2660 apud
440 2569 558 2638 Sedem
574 2570 682 2662 ipsam
697 2569 844 2660 deinceps
858 2589 974 2636 vacare
989 2567 1173 2658 coatiperit,
1194 2567 1257 2634 ali-

141 2675 214 2766 quis
235 2687 361 2767 praeter
390 2681 577 2749 Romanum
608 2677 801 2768 Pontificem
889 2677 1033 2766 conferre
1062 2675 1164 2744 alicui
1191 2699 1257 2744 nan

138 2798 331 2873 prasumat.
358 2787 425 2856 Nos
442 2785 542 2867 euim,
566 2787 596 2854 si
615 2809 702 2854 secus
715 2797 917 2854 attentatum
927 2784 1041 2876 fiterit,
1058 2783 1259 2853 decemimus

142 2892 276 2960 irritum
290 2906 319 2962 et
337 2893 447 2962 inane.
468 2894 515 2984 (C.
534 2895 635 2976 Licet,
654 2893 695 2962 de
708 2893 911 2980 Praebendis,
928 2894 961 2964 in
977 2895 1092 2984 senta.)

186 3002 358 3072 Decretum
378 3011 484 3072 autem
506 3003 586 3072 illud
608 3026 649 3072 an
668 3027 841 3075 erroneum
860 3005 896 3072 in
912 3003 1059 3108 doctrina
1074 3003 1181 3074 visum
1197 3002 1259 3072 tuit

142 3109 279 3180 concilio
301 3110 445 3201 generali
468 3109 681 3201 Lugdunensi
705 3111 783 3180 enni
809 3115 915 3179 1273?
940 3112 1174 3204 Nequaquam,
1202 3109 1258 3180 sed

143 3219 225 3287 illud
253 3219 287 3286 in
312 3220 422 3312 aliquo
450 3220 640 3304 immutans,
670 3220 704 3287 in
730 3218 863 3310 reliquis
887 3218 1114 3290 confirmatum
1140 3219 1254 3287 voluit.

144 3327 198 3396 Sic
213 3327 301 3396 enirn
315 3328 493 3417 Gregorius
507 3327 539 3398 X
554 3327 590 3395 in
605 3326 690 3398 dicta
703 3327 902 3398 oecunrenicn
916 3327 1041 3419 synodo
1057 3353 1064 3394 :
1085 3329 1259 3395 Statutum

141 3437 244 3526 seticis
266 3434 500 3505 recordatiouis
523 3437 698 3508 Clementis
716 3441 818 3528 Papa
836 3436 1077 3527 predecessoris
1095 3435 1198 3504 nostri
1219 3435 1259 3504 de

144 3543 358 3635 dipuitatibus
379 3559 408 3614 et
430 3544 588 3636 benefieiis
608 3545 644 3612 in
662 3546 765 3614 Curia
784 3567 925 3614 romana
941 3543 1132 3614 uocantibus
1201 3543 1259 3613 de-

144 3653 303 3722 ceruimus
329 3655 442 3723 taliter
467 3654 739 3724 moderandum:
769 3668 805 3724 ut
831 3655 867 3736 ii,
897 3655 943 3724 ad
965 3677 1044 3746 qctas
1071 3653 1258 3723 eorumdem

86 3799 88 3804 ·
145 3761 370 3854 beneficiorum
389 3775 420 3830 et
442 3763 647 3854 diqaitatum
667 3777 790 3853 spectat
807 3763 937 3832 collatio
955 3813 1007 3844 ...,
1021 3775 1099 3856 post
1118 3785 1257 3832 mensem

143 3893 164 3936 a
184 3868 235 3938 die
258 3892 321 3961 quo
346 3871 534 3939 vacaverint
556 3869 810 3952 numerandam,
829 3894 867 3939 ea
885 3873 1027 3962 conferre
1047 3870 1188 3938 cauam.
1208 3871 1255 3962 (C.

144 3981 331 4060 Statutum‚
360 3977 400 4046 de
424 3977 627 4065 Praebendis,
655 3979 690 4046 in
715 3980 831 4068 sento.)
863 3977 898 4048 Si
924 3977 1073 4048 hodierni
1100 3977 1258 4048 Gallicani

145 4085 247 4155 nostri
270 4083 407 4155 concilio
429 4085 476 4152 illi
496 4087 694 4154 oeeu'menieo
717 4086 950 4172 interfuissent,
974 4085 1163 4177 petivissent
1181 4107 1257 4175 pro-

145 4193 225 4286 tecto
246 4190 347 4260 deleri
363 4200 436 4264 crite
451 4192 572 4279 omnin,
591 4201 745 4285 tanquam
762 4194 796 4262 in
811 4193 960 4286 dogmate
976 4215 1162 4280 erroneum,
1180 4193 1257 4264 cita-
