3042 4946
244 526 247 537 .
332 475 392 537 532
683 491 860 538 raccrcros
882 493 921 539 ns
943 493 1097 540 remeans

329 635 432 702 variis
446 633 605 724 gradibus
623 633 882 724 jurisdictionem
898 633 1073 718 conterret,
1093 639 1197 700 certas
1208 631 1256 700 eis
1270 653 1393 701 causas
1408 634 1465 700 vel

328 765 495 834 personas,
517 751 644 812 cenare
666 743 750 830 loca,
774 740 987 833 subjiciendo.
1009 741 1051 808 Et
1073 739 1172 808 itsde
1185 739 1270 808 lacto
1283 749 1464 832 peractum

326 860 386 919 est.
404 851 580 920 Enimvero
595 875 614 919 a
630 851 846 920 remotissima
859 849 1052 940 antiquitate
1065 849 1291 917 Romanorum
1306 849 1459 916 Antisti·

324 967 395 1026 tum
411 960 524 1050 praxis
539 959 601 1028 luit
616 959 650 1027 in
665 981 864 1050 unoquoque
878 980 982 1048 regno
995 955 1048 1026 vel
1062 957 1236 1046 regionum
1252 965 1379 1042 tractu,
1397 959 1465 1026 ali-

326 1067 421 1157 cujus
438 1067 664 1136 determinata
683 1065 767 1134 sedis
781 1065 944 1134 Praesules
962 1066 997 1133 in
1011 1065 1136 1154 legatos
1149 1087 1226 1134 suos
1240 1063 1462 1136 constituere.

327 1177 384 1267 qui
403 1175 552 1246 collatam
570 1177 634 1244 sihi
656 1176 866 1267 apostolicam
888 1175 1152 1266 jurisdictionem
1172 1176 1208 1242 in
1228 1196 1343 1243 omncs
1366 1175 1464 1242 illins

325 1283 457 1353 ditionis
484 1286 661 1378 Episcopos
687 1284 1001 1376 Arcbiepiscoposvc
1026 1307 1063 1352 ac
1089 1283 1189 1352 ctiam
1213 1283 1378 1351 Primates
1399 1307 1462 1350 sen

325 1392 529 1460 Patriarchas
548 1399 748 1462 exercerent.
766 1392 807 1460 Et
823 1391 858 1458 hi
874 1402 952 1460 sunt
966 1413 1050 1483 quos
1063 1413 1219 1460 vocamus
1234 1393 1380 1481 Leontos
1395 1415 1462 1460 nu-

326 1513 385 1580 tos,
411 1500 489 1590 quia
514 1499 613 1568 simul
638 1522 714 1568 cum
738 1498 913 1590 episcopali
937 1523 996 1568 sna
1026 1499 1101 1568 sede
1127 1498 1210 1566 hanc
1241 1498 1459 1589 apostolicam

323 1607 518 1697 legationem
545 1607 755 1699 accipiebant.
777 1608 972 1676 Habuerunt
987 1608 1123 1698 insuper
1142 1606 1283 1676 Romani
1306 1606 1459 1674 Pontifi-

325 1737 377 1784 ces
399 1717 479 1786 alios
507 1716 641 1806 legatos,
667 1739 808 1810 quornm
829 1716 1015 1808 jurisdictio
1041 1715 1125 1783 nulli
1154 1724 1250 1783 certae
1275 1714 1457 1806 episcopali

324 1826 394 1894 sedi
414 1826 645 1896 adnectebatur
659 1857 667 1906 ;
692 1849 775 1918 quos
789 1827 910 1894 scilicet
933 1826 1015 1917 (sive
1035 1825 1223 1916 Episcopus,
1239 1825 1310 1892 sive
1324 1823 1456 1915 episco-

325 1937 391 2028 pali
409 1937 592 2004 charactere
613 1937 795 2025 destitutos)
822 1936 865 2004 ad
889 1935 1022 2026 aliquod
1054 1957 1207 2025 regnum,
1235 1933 1455 2023 regionumve

326 2052 465 2112 tractum
485 2044 668 2129 mittebant,
683 2052 722 2112 ut
735 2044 782 2112 ibi
805 2043 953 2135 papalem
965 2043 1240 2134 jurisdictionem,
1264 2043 1351 2108 intra
1363 2065 1453 2132 prac-

327 2156 411 2224 lixos
431 2156 511 2246 ipsis
535 2155 667 2241 limites,
689 2164 889 2224 exercerent.
913 2155 955 2223 Et
970 2156 1005 2223 hi
1019 2157 1138 2246 Lepcti
1157 2153 1335 2222 numdicti
1351 2161 1447 2223 sunt:

326 2263 432 2353 quiin
448 2261 530 2332 duas
540 2263 670 2350 classes,
688 2268 890 2354 Leqotorum
906 2287 928 2330 a
941 2263 1043 2331 luem
1056 2271 1088 2331 et
1104 2263 1318 2342 Nanniorum,
1333 2259 1450 2328 dishn-

326 2371 384 2458 gni
411 2370 525 2439 solent.
551 2371 630 2438 ltcm
654 2379 811 2463 perpetua
831 2370 925 2439 Sedis
942 2369 1138 2462 Apostolicae
1162 2367 1274 2460 praxis
1287 2367 1363 2451 tuit,
1381 2367 1452 2434 lto-
1508 2427 1509 2461 ,

327 2499 433 2544 rnanae
446 2499 515 2544 snm
532 2477 678 2546 dioeccsis
691 2478 778 2547 clero
792 2478 939 2570 papalem
953 2477 1218 2567 jurisdictionem
1233 2475 1451 2543 exercendam
1507 2539 1508 2575 ,

325 2583 549 2670 committere3
573 2592 605 2653 et
629 2584 762 2676 quidem
788 2607 855 2653 non
872 2584 977 2654 solnm
1002 2584 1044 2652 ad
1067 2583 1269 2652 transitorios
1290 2583 1453 2672 quosdam
1506 2623 1507 2688 ,

326 2700 418 2760 actus
444 2693 493 2780 (nt
515 2693 648 2784 qnando
668 2693 897 2784 presbyterum
912 2693 964 2761 vel
983 2692 1158 2762 diaconum
1175 2690 1262 2758 misit
1275 2691 1319 2758 ad
1334 2693 1454 2781 praesi·
1503 2711 1506 2801 l,

326 2798 470 2868 dandum
499 2799 597 2869 alicui
628 2801 765 2870 concilio
795 2801 1004 2890 oecumenico)
1039 2800 1096 2869 sed
1123 2823 1198 2869 cum
1224 2798 1395 2867 ordinaria
1424 2809 1454 2865 et

324 2906 460 2999 perenni
483 2915 649 2998 potestate.
668 2909 710 2977 Et
728 2909 775 2978 sic
796 2909 897 2978 variae
919 2909 1147 2979 cardinalium
1169 2908 1450 2998 congregationes.

323 3014 431 3106 quoad
455 3015 519 3082 sibi
538 3016 733 3087 demandata
756 3019 899 3108 negotia,
926 3018 1076 3111 papalem
1100 3019 1136 3087 in
1159 3026 1226 3086 toto
1249 3017 1330 3085 orbe
1348 3015 1453 3106 juris-
1503 2997 1504 3024 ¹

325 3122 498 3190 dictionem
518 3131 684 3192 exercent.
709 3124 792 3195 ltem
813 3124 937 3195 Vicarii
959 3135 991 3195 et
1012 3126 1165 3196 Praefecti
1183 3129 1365 3219 Apostolici
1380 3151 1451 3197 eam

323 3239 476 3300 exercent
491 3233 525 3299 in
542 3233 715 3322 assignatis
731 3233 794 3302 sibi
808 3235 1022 3304 districtibus.
1501 3223 1502 3250 ¹

370 3343 528 3414 Similiter
550 3344 613 3411 snb
636 3342 803 3412 ordinario
822 3341 997 3433 cujuslibet
1020 3342 1168 3412 ditecaeis
1182 3343 1331 3432 Pastore,
1345 3345 1451 3436 juris-
1500 3329 1501 3364 r

324 3451 506 3521 dictionalis
532 3451 642 3544 aliqua
659 3450 843 3519 hierarchia
863 3451 973 3518 evolvi
998 3453 1117 3541 potuit.
1147 3451 1258 3520 Potuit
1286 3453 1447 3545 siqnidem
1499 3441 1500 3477 ¹

326 3559 507 3651 Episcopus
531 3558 669 3650 quisque
690 3557 951 3649 jurisdictionem
973 3581 1066 3626 suam
1088 3560 1124 3625 in
1149 3567 1250 3627 totam
1269 3558 1446 3637 dioecesim
1498 3547 1499 3589 l

327 3669 396 3737 sive
415 3669 523 3759 quoad
541 3667 784 3758 generalitatem
800 3689 987 3753 cansarum,
1005 3669 1074 3735 sive
1094 3667 1203 3758 quoad
1218 3677 1324 3736 certas
1339 3691 1447 3737 cansa-

327 3800 402 3845 rum
425 3785 482 3844 aut
498 3797 713 3867 personarum
736 3775 870 3864 species,
898 3775 1063 3868 aliquibus
1083 3776 1211 3844 clericis
1234 3777 1447 3846 exercendam

327 3885 539 3954 committere.
561 3885 602 3952 Et
617 3884 657 3952 de
671 3884 754 3951 lacto
768 3884 814 3951 sic
829 3885 996 3952 constituti
1018 3893 1095 3953 suot
1110 3885 1188 3954 olim
1202 3884 1446 3966 archidiaconi,

327 4003 359 4063 ct
383 3993 556 4062 recentiori
578 4000 722 4082 tempore
746 3991 870 4062 Vicarii
895 3992 1076 4082 generales,
1100 4013 1226 4060 necnon
1249 3991 1377 4062 Vicarii
1403 3995 1448 4061 lo·

331 4102 433 4170 ranei.

371 4211 409 4284 lu
435 4207 598 4304 ejusmodi
620 4217 731 4277 autem
753 4208 934 4281 hierarchia
958 4207 1210 4303 jurisdictioncli
1234 4217 1341 4303 potest
1364 4213 1446 4282 sim-
