3072 4948
568 535 649 584 tuuis
673 533 824 586 ennonrcl.
1189 517 1247 583 tul

187 685 218 752 t.
243 685 355 776 Aliqui
377 684 563 754 existiment
578 685 720 778 exprimi
739 686 854 756 debere
870 686 905 754 in
920 685 1106 756 delinitione
1121 697 1252 758 actuum

139 792 343 880 libertatem;
368 793 456 863 unde
474 794 571 886 juxta
594 794 683 885 ipsos
702 792 849 862 definitio
864 794 1033 886 adaequntn
1047 795 1092 863 ita
1104 795 1182 888 poni
1197 796 1253 865 de-

140 899 259 971 beret:
287 902 458 971 Similium
484 903 627 994 alicujus
654 903 899 971 communitatis
921 903 1099 972 moralium
1119 917 1253 976 actuum
1377 987 1380 1003 Ι

137 1011 337 1100 frequentia,
362 1032 431 1096 seu,
457 1019 494 1078 ut
515 1008 592 1078 dicit
613 1010 734 1079 Suarez
756 1009 806 1100 (dc
825 1009 974 1101 Lepidus,
994 1015 1026 1098 t,
1042 1036 1070 1080 c.
1091 1017 1121 1098 l,
1139 1037 1172 1081 n.
1194 1017 1222 1106 5)
1244 1043 1251 1082 :

140 1117 337 1187 consuetudo
359 1131 405 1186 est
427 1117 611 1210 frequentia
633 1107 794 1210 operandi
812 1117 910 1186 litere
928 1116 1039 1187 codem
1056 1121 1165 1189 moda.
1191 1123 1255 1191 Cui

140 1224 316 1293 coneordat
328 1225 425 1293 divus
439 1225 581 1294 Thomas
594 1225 705 1294 dicens
722 1252 731 1293 ε
750 1225 954 1294 Camactuda
969 1239 1081 1295 autem
1094 1228 1255 1319 importat

140 1332 324 1423 quamdam
342 1335 564 1424 frequentiam
585 1333 672 1403 cirea
692 1355 730 1401 ea
747 1355 819 1424 qna
830 1335 938 1424 facere
952 1335 1005 1402 vel
1016 1355 1084 1402 non
1095 1337 1202 1426 facere
1216 1337 1253 1404 in

139 1441 232 1508 nodis
251 1454 309 1508 est.
337 1442 419 1530 (1113
435 1441 493 1510 lib.
510 1441 766 1529 Sententiarum,
783 1441 858 1510 dist.
876 1445 931 1528 23,
953 1451 1069 1534 quaest.
1089 1447 1119 1528 1,
1137 1453 1198 1513 art.
1217 1449 1250 1531 t,

141 1550 260 1619 solutio
284 1551 331 1639 2.)
357 1549 423 1620 Sed
447 1551 611 1620 moralitas
630 1575 687 1620 seu
708 1552 839 1620 libertas
853 1560 984 1620 actuum
995 1550 1132 1622 uidetur
1146 1554 1253 1644 potius

141 1658 283 1727 conditio
304 1658 460 1750 requisita
478 1667 513 1726 ut
529 1658 728 1727 consuetudo
744 1659 809 1727 vim
827 1659 908 1748 legis
925 1658 1041 1726 habere
1057 1660 1169 1750 possit,
1187 1685 1253 1730 non

140 1775 250 1834 autem
274 1773 309 1833 ut
331 1765 530 1834 consuetudo
552 1767 587 1833 in
605 1789 665 1835 suo
680 1789 748 1834 esse
766 1765 1010 1835 consuetudinis
1025 1767 1250 1839 constituatur.

142 1874 186 1942 Ut
206 1882 314 1962 autem
337 1873 536 1942 consuetudo
557 1874 623 1942 vim
646 1873 727 1962 legis
745 1873 873 1958 habeat,
892 1895 957 1941 non
972 1872 1097 1941 tantum
1112 1877 1254 1966 requiri-

88 2021 94 2030 ·
140 1991 196 2050 tur
222 1990 354 2049 actuum
380 1980 522 2062 libertas,
549 1979 606 2048 sed
631 1979 741 2049 multae
765 1981 861 2048 etiam
882 1981 954 2048 alias
976 1981 1177 2051 conditiones
1192 2007 1253 2052 ne-

141 2092 289 2160 cessarios
308 2097 397 2176 sunt,
415 2099 451 2158 ut
467 2091 622 2182 probatur
637 2089 745 2176 infra;
768 2113 846 2180 ergo
862 2090 913 2159 vel
928 2113 1041 2159 omnes
1057 2091 1125 2160 istae
1141 2095 1253 2162 condi-

143 2199 247 2267 tiones
267 2197 490 2290 exprimendae
516 2198 674 2266 essentia
696 2195 903 2283 definitione,
928 2197 978 2264 vel
1001 2220 1104 2290 neque
1122 2199 1253 2270 libertas

141 2315 273 2374 actuum
288 2304 501 2395 exprimenda
514 2315 572 2373 est.
595 2305 683 2373 licet
698 2317 805 2373 autem
823 2305 962 2397 populns
977 2305 1119 2396 aliquem
1135 2311 1254 2398 agendi

141 2413 278 2483 modum
297 2414 478 2504 frequentet
495 2437 535 2480 ex
550 2414 586 2480 vi
602 2412 652 2481 vel
669 2422 767 2501 metu,
786 2413 837 2482 vel
853 2414 1050 2502 ignorantia,
1066 2437 1103 2482 ac
1118 2418 1254 2507 proinde

141 2545 208 2592 non
232 2523 344 2610 libere,
370 2522 410 2590 de
433 2521 514 2592 lacto
537 2533 644 2592 tamen
666 2523 725 2590 iste
741 2523 857 2592 modus
872 2523 992 2612 agendi
1012 2525 1256 2595 consuetudinis

140 2631 275 2698 nomine
295 2630 390 2698 etiam
412 2630 444 2697 in
464 2629 725 2722 jurisprudentia
740 2639 959 2723 nuncupatur,
976 2641 1007 2698 et
1022 2640 1147 2702 tantum
1164 2635 1255 2703 docet

139 2738 400 2830 jurisprudentia
421 2738 607 2828 hujusmodi
630 2739 895 2808 consuetudinem
919 2740 986 2809 vim
1010 2741 1091 2830 legis
1110 2743 1255 2814 obtinere

142 2869 210 2915 non
225 2869 328 2938 posse.

190 2963 220 3024 5.
245 2957 294 3025 Ex
316 2957 497 3049 frequentia
517 2957 674 3026 similium
695 2969 824 3027 actuum
847 2959 985 3051 alicujus
998 2960 1253 3050 communitatis,

143 3065 255 3158 positis
280 3065 444 3157 requisitis
466 3065 717 3153 conditionibus,
744 3066 851 3135 oritur
876 3069 930 3157 jus
954 3067 1096 3158 aliquod,
1121 3071 1173 3138 eni
1198 3093 1258 3162 per

142 3172 380 3265 oppositionem
411 3174 451 3240 ad
481 3175 567 3262 leges
595 3175 746 3266 scriptas,
775 3176 867 3267 juris
897 3198 964 3243 non
994 3177 1107 3268 scripti
1137 3201 1257 3246 nomen

144 3303 231 3371 saepe
257 3280 419 3349 tribuitur.
447 3265 487 3348 Et
511 3279 585 3349 licet
608 3282 662 3372 jus
687 3280 773 3350 istud
795 3283 837 3349 sit
862 3281 993 3350 effectus
1016 3283 1256 3352 consuetudinis

142 3399 176 3460 et
202 3415 268 3460 non
294 3393 494 3460 consuetudo
518 3392 606 3484 ipsa,
633 3400 742 3460 tamen
770 3415 846 3461 usus
870 3393 1009 3462 invaluit
1033 3394 1257 3486 frequentissi-

144 3523 231 3581 mus,
264 3501 371 3591 ipsum
398 3499 642 3568 consuetudinis
670 3500 827 3568 vocabulo
856 3499 1060 3589 designandi.
1096 3501 1150 3570 Sic
1178 3525 1257 3571 vero

144 3607 305 3678 intellecta
324 3609 523 3678 consuetudo
548 3621 631 3678 recte
655 3609 783 3678 deliniri
804 3619 932 3702 potest:
956 3615 1087 3703 torpor
1098 3611 1258 3681 similium

144 3719 287 3810 alicujus
303 3720 549 3790 communitatis
564 3731 699 3788 actuum
711 3721 932 3812 frequentiam
947 3721 1155 3810 acquisitum.

191 3832 221 3894 6.
255 3827 338 3896 Hine
367 3827 460 3894 multi
486 3835 634 3895 auctores
658 3826 862 3914 distinguunt
888 3831 1156 3899 consuetudinem
1183 3834 1258 3902 lacti

143 3945 176 4003 et
213 3933 479 4002 consuetudinem
515 3934 611 4026 juris.
657 3932 931 4002 Consuetudinem
957 3936 1042 4025 facti
1071 3937 1259 4030 intelligunt

144 4043 299 4134 ipsosmet
320 4048 409 4109 actus
432 4040 555 4109 similes
578 4063 598 4108 a
620 4039 849 4108 communitate
870 4041 1101 4134 frequentatos,
1127 4056 1158 4113 et
1180 4069 1259 4116 con-

143 4146 350 4216 suetudinem
369 4147 459 4238 jurio
481 4157 597 4218 vocant
618 4147 675 4238 jus
697 4147 783 4240 quod
799 4169 841 4216 ex
857 4149 911 4216 tali
928 4160 1059 4218 actuum
1079 4152 1259 4245 frequentia

145 4257 262 4330 oritur.
1258 4256 1260 4263 ’
