3064 4952
273 467 332 530 156
622 490 797 534 mauranus
819 491 857 535 ns
879 491 1033 536 musteus

269 627 360 696 bium
375 627 528 718 epistola,
542 627 654 697 laudat
666 629 755 699 hunc
768 629 978 724 Episcopum,
994 629 1082 722 qnod
1094 627 1273 698 mundum
1287 650 1390 719 opos-

270 735 404 804 tolicum
427 736 641 830 Ecclesiaeque
660 761 818 806 sermnem
839 738 881 806 ad
906 737 1189 830 metropolitanam
1203 735 1389 805 Antiochiae

270 843 398 932 sedem,
425 845 537 913 relicta
558 843 768 932 Caesariensi,
796 845 936 916 manure
953 846 1105 914 noluerit.
1128 845 1178 913 lbi
1201 851 1309 915 autem
1326 865 1392 935 per

270 977 365 1023 voces
384 955 461 1022 istas
481 954 697 1046 apostolicum
716 978 873 1024 cononem
892 954 1023 1024 videtur
1039 955 1218 1046 imperator
1240 951 1390 1021 indicare

269 1085 336 1131 non
357 1062 624 1132 consuetudinem
650 1063 909 1150 ecclesiasticam,
938 1063 996 1130 sed
1018 1084 1175 1132 canonem
1192 1062 1261 1153 jam
1279 1060 1390 1152 'scrip-

270 1180 338 1238 tum
362 1177 394 1238 et
415 1170 546 1262 proprie
564 1169 699 1240 dictum.
726 1171 790 1240 late
802 1178 912 1240 autem
929 1193 1034 1240 canon
1049 1179 1098 1238 cst
1110 1169 1258 1238 decimus
1272 1168 1392 1236 tertius

271 1279 354 1347 inter
375 1277 578 1370 apostolicos.
596 1279 678 1348 ltem
693 1279 866 1348 concilium
881 1279 1051 1348 Nicaenum
1067 1276 1146 1346 dicit
1158 1277 1391 1368 migrationem

269 1387 461 1454 clericorum
481 1385 523 1454 ab
546 1409 614 1456 una
633 1386 786 1478 parochia
805 1387 847 1456 ad
868 1387 967 1456 aliem
981 1387 1104 1479 absque
1117 1386 1268 1478 Episcopi
1281 1384 1390 1454 lacul-

269 1503 333 1562 tatc
355 1517 424 1562 esse
446 1502 559 1563 contra
584 1518 754 1564 eanoncrn.
771 1496 850 1564 Erat
861 1517 941 1586 ergo
952 1495 1020 1586 jam
1036 1517 1140 1564 canon
1156 1493 1388 1585 migrationem

272 1603 360 1670 illam
390 1602 582 1672 clericorum
608 1605 802 1696 prohibens;
830 1626 929 1697 porro
954 1626 1058 1673 canon
1085 1604 1145 1673 istc
1167 1611 1216 1672 ast
1239 1601 1387 1670 decimus

269 1717 406 1801 quartus
419 1709 504 1778 inter
518 1711 721 1803 apostolicos.

313 1818 497 1887 Pnorosrno
520 1823 563 1886 ³¹.
590 1857 635 1871 -
660 1823 777 1888 Ormres
806 1824 846 1888 sl
873 1843 1010 1888 canorus
1027 1833 1130 1911 prom
1151 1818 1248 1887 hodie
1272 1831 1388 1886 estant

269 1928 302 1992 in
328 1929 470 2017 corpore
485 1928 578 2018 jun's
593 1927 711 2008 modes,
737 1928 772 1996 in
798 1929 942 1998 Ecclesia
966 1951 1073 2019 pram
1094 1932 1229 2020 ptrencst
1252 1927 1384 2018 recepti.

269 2057 336 2102 reon
351 2046 461 2102 tamen
476 2035 512 2102 in
526 2036 645 2104 lutino.

313 2141 340 2209 l.
358 2139 443 2209 Sunt
458 2142 577 2235 recepti
593 2145 628 2212 in
641 2145 784 2213 Ecclesia
805 2168 921 2237 graeca.
941 2147 1120 2238 Imperator
1132 2141 1336 2214 lastinianus
1350 2142 1387 2208 in

269 2254 496 2324 constitutione
516 2255 557 2323 ad
582 2255 804 2347 Epiphaniam
818 2255 1035 2346 patriarcham
1055 2251 1386 2343 Constantinopolita-

271 2387 348 2432 num
372 2385 427 2432 eos
450 2363 577 2454 prolixe
601 2363 726 2452 laudat,
747 2373 779 2432 et
800 2366 836 2432 in
854 2364 1084 2434 Nomocanone
1107 2362 1240 2454 abipso
1262 2360 1387 2430 conlis-

268 2479 355 2541 mato
380 2495 493 2541 omnes
517 2483 594 2542 sunt
617 2473 721 2542 relati.
749 2513 793 2526 —
819 2475 976 2542 Trullana
1002 2473 1159 2566 synodus,
1190 2494 1312 2540 canone
1342 2475 1384 2554 2,

269 2603 380 2648 omncs
404 2584 444 2648 st
469 2589 622 2673 tanquam
637 2583 679 2650 ab
691 2582 848 2675 apostolis
864 2582 999 2651 traditos
1021 2581 1134 2650 laudat
1147 2604 1185 2649 ec
1200 2579 1325 2671 recipit.
1342 2617 1387 2631 -

269 2688 405 2756 Photius
431 2689 466 2756 iu
487 2690 644 2780 prooemio
670 2692 723 2758 sui
746 2691 998 2777 Nomocanonis‚
1019 2691 1177 2778 Zonaras,
1191 2687 1384 2774 Balzamon,

269 2795 389 2888 aliique
410 2796 531 2882 Graeci,
549 2819 687 2865 canones
705 2801 744 2864 tl
761 2793 907 2868 referunt
921 2821 959 2866 ec
978 2797 1150 2890 recipiunt.

312 2904 353 2972 ll.
370 2905 442 2974 Non
469 2913 546 2974 sunt
564 2929 678 2974 omnes
698 2909 818 2999 recepti
844 2909 879 2976 in
901 2907 1046 2976 Ecclesia
1068 2907 1180 2976 latina.
1205 2905 1388 2997 Dionysius

270 3011 420 3102 Exiguus
448 3017 487 3081 50
510 3014 634 3105 primos
657 3022 784 3084 tantum
800 3015 900 3084 latine
916 3037 1027 3084 versos
1046 3014 1236 3083 Collectioni
1251 3036 1320 3082 sum
1335 3013 1389 3081 in-

268 3121 381 3207 scruit,
397 3118 520 3190 addens
536 3149 544 3188 :
560 3123 604 3190 eis
613 3123 779 3214 plurimos
793 3148 858 3193 non
870 3125 1003 3215 facilem
1015 3124 1192 3216 prebuisse
1206 3147 1385 3192 assensum.

268 3228 540 3317 -Cresconius,
568 3230 745 3300 Africanus
765 3232 964 3326 Episcopus,
988 3232 1109 3324 pariter
1131 3232 1166 3300 in
1191 3231 1387 3300 Collectiona

269 3360 328 3406 sua
341 3337 479 3406 inscruit
494 3346 619 3407 tantum
644 3343 684 3407 50
699 3339 834 3430 primos.
849 3379 894 3392 -
910 3340 1064 3432 Synodus
1083 3338 1310 3408 Lateranensis
1326 3338 1388 3406 sub

268 3445 434 3537 Stephano
450 3446 510 3533 IV,
527 3468 614 3515 anno
629 3450 706 3535 768,
723 3457 785 3516 act.
802 3452 834 3536 7,
856 3457 893 3517 ut
906 3457 1044 3518 testatur
1058 3448 1249 3516 Anastasius
1270 3447 1388 3516 biblio·

269 3553 442 3642 thoranius,
472 3555 608 3624 statuit:
635 3559 710 3628 Non
739 3557 883 3648 amplius
908 3557 1131 3650 accipiantur
1159 3557 1390 3650 Apostolorum

268 3685 431 3732 cononum
439 3665 577 3756 prolata
589 3689 651 3757 per
668 3667 864 3736 Clementem
880 3668 946 3736 nisi
961 3671 1000 3735 50
1014 3668 1138 3760 cupita,
1160 3689 1233 3759 quae
1255 3667 1391 3758 suscipit

267 3784 382 3841 sancta
404 3773 466 3840 Dei
485 3775 647 3844 catholica
672 3779 824 3844 Romano
849 3751 1005 3846 Ecclesia.
1022 3815 1067 3828 -
1079 3775 1265 3845 Cardinalis
1281 3775 1389 3843 Hum-

268 3879 392 3967 bertus,
420 3880 539 3949 Leonis
556 3881 604 3948 IX
625 3883 659 3950 in
678 3882 845 3952 Orientem
864 3884 1003 3974 legatus,
1029 3885 1073 3952 ita
1086 3883 1292 3952 confirmavit
1305 3882 1389 3950 hanc

270 3985 488 4058 decisionem:
509 3990 682 4059 Clementis
696 3992 831 4076 librum,
850 3993 887 4062 id
906 4007 963 4082 est,
984 3994 1077 4062 Petri
1089 3993 1237 4085 Apostoli
1250 3991 1390 4062 itinera—

271 4095 376 4179 mum,
402 4111 432 4166 et
459 4101 690 4191 Apostolorum
713 4127 850 4174 conones
872 4119 1048 4175 mimeram
1074 4110 1189 4176 Patres
1204 4105 1292 4175 inter
1306 4129 1390 4198 upo-

270 4205 406 4298 cryplm,
423 4209 562 4300 exceptis
581 4215 794 4304 ttcapitulis,
813 4238 885 4306 que
895 4214 1301 4284 decreveruntortlodoxe
1308 4213 1391 4304 fidei
