3050 4946
627 409 709 456 turis
731 411 881 459 aaronica
1248 391 1308 458 tot

199 569 253 616 eos
267 550 402 640 spernit,
419 572 472 618 me
484 551 616 642 spuerit.
633 587 678 602 —
692 553 909 643 Quaecumque
920 551 1137 642 lipaucritci...
1155 589 1199 604 -
1210 553 1310 621 Pasce

198 679 300 747 epuns
313 680 418 741 meoe,·
437 681 534 748 posce
548 681 620 728 oves
631 681 730 728 meas.
747 659 854 728 -Ex
870 657 921 728 his
939 658 1049 729 verbis
1063 659 1148 730 clare
1162 661 1309 752 sequntur

198 763 365 834 Christum
384 765 566 856 prefecisse
580 766 730 836 Ecclesiae
751 789 820 835 suae
836 765 1008 858 quosdam,
1025 768 1083 859 qui
1097 765 1260 854 docerent,
1277 777 1309 838 et

197 895 337 964 quorum
361 873 516 943 doctrinae
534 896 648 944 omnes
662 873 830 942 adhaerere
843 881 1050 960 tenerentur3
1065 875 1122 966 qui
1143 873 1306 966 pascendi,

197 981 304 1065 idest,
322 983 526 1074 gubernandi
538 983 593 1076 jus
607 984 775 1071 baberent,
791 991 825 1052 et
838 1005 979 1074 quorum
999 981 1136 1074 proinde
1149 983 1308 1074 gubernio

197 1117 309 1162 omnes
322 1093 476 1166 deberent
491 1119 559 1165 sese
574 1096 747 1188 subjicere.

243 1205 276 1270 2ο
290 1202 431 1272 Ecclesia
450 1203 570 1273 Christi
597 1201 817 1295 independens
845 1210 893 1270 est
917 1201 958 1270 ab
983 1200 1171 1270 anctoritate
1195 1203 1308 1294 cujus-

196 1333 336 1405 cumque
350 1313 483 1382 alterins
497 1313 667 1383 societatis.

240 1409 364 1489 Primo
381 1420 536 1512 Sequitur
549 1443 590 1490 ex
605 1443 644 1490 eo
658 1421 746 1512 quod
759 1419 907 1490 Christus
927 1439 1039 1488 omnes
1062 1416 1210 1486 homines
1230 1439 1308 1488 anc-

198 1527 317 1596 toritati
330 1527 481 1597 Ecclesiae
496 1529 680 1621 subjecerit.
699 1526 878 1598 Prudiccte
893 1526 1097 1616 mureqclium
1111 1525 1202 1594 omui
1216 1547 1308 1594 ucc-

196 1649 291 1706 ture.
307 1675 351 1690 -
369 1638 436 1720 Qui
447 1637 704 1719 umuediderit,
720 1635 999 1706 condemnabitur.
1016 1672 1061 1686 —
1079 1634 1306 1726 Quivossper-

194 1745 256 1827 rsit,
272 1767 324 1814 me
345 1745 480 1836 speruit.
496 1783 541 1797 -
553 1749 653 1814 Pasce
666 1765 786 1836 aquom
805 1766 904 1836 pasce
916 1765 999 1812 oves.
1016 1780 1061 1795 -
1077 1741 1307 1832 Quodcumque

195 1853 385 1943 liquocritis.
403 1891 448 1906 -
461 1853 550 1944 Ergo
569 1855 707 1946 quilibet
729 1853 828 1923 bomo
843 1854 1074 1946 cujuscumque
1093 1854 1251 1924 societatis
1266 1853 1307 1923 sit
1405 1929 1412 1948 Ι

195 1969 251 2027 aut
273 1961 452 2050 potestatis,
467 1968 594 2030 tenetur
608 1961 790 2030 auctoritati
805 1961 979 2030 Ecclesiam
993 1961 1120 2051 regenti
1141 1962 1306 2054 obtempe-

194 2089 280 2156 rare,
303 2068 400 2138 fidem
415 2092 512 2161 qnam
528 2068 620 2138 docet
635 2069 691 2138 illa
706 2069 879 2138 auctoritas
900 2067 1093 2160 profitendo,
1111 2075 1143 2136 et
1155 2070 1306 2160 regimini

194 2173 339 2266 ejusdem
364 2177 560 2246 auctoritatis
586 2177 669 2244 sicut
694 2176 765 2245 ovis
786 2176 907 2267 pastori
929 2197 998 2244 sese
1013 2175 1225 2266 subjiciendo.
1241 2175 1306 2245 Sed

194 2281 223 2348 si
246 2283 356 2353 nullus
378 2285 419 2353 sit
439 2284 537 2355 bomo
560 2287 618 2379 qui
639 2308 705 2354 non
726 2285 917 2376 subjiciatur
932 2282 1117 2354 auctoritati
1132 2283 1259 2352 docenti
1274 2292 1306 2352 et

193 2393 317 2480 regenti
342 2393 506 2479 Ecclesia,
533 2393 624 2462 nulla
646 2416 715 2462 esse
740 2392 856 2484 poterit
884 2391 1026 2462 collectio
1051 2391 1221 2460 hominum
1247 2413 1304 2460 seu

192 2499 326 2568 societas
350 2523 424 2592 quae
443 2500 564 2592 pariter
586 2501 713 2593 dejure
734 2524 801 2570 non
816 2500 929 2570 debeat
943 2500 1059 2592 subjici
1072 2498 1178 2568 eidem
1191 2507 1304 2570 aueto-

193 2607 279 2676 ritati
300 2608 335 2675 in
351 2609 464 2678 ordine
490 2610 531 2676 ad
547 2609 646 2678 finem
661 2609 725 2702 ipsi
747 2609 930 2702 proprium.
947 2609 1036 2698 Ergo
1050 2607 1134 2677 nulli
1146 2607 1238 2678 alteri
1250 2631 1304 2678 so-

193 2714 298 2782 cietati
319 2723 376 2784 ant
394 2715 555 2784 societatis
580 2718 762 2788 auctoritati
786 2716 929 2808 subjecta
942 2716 1003 2786 fuit
1017 2740 1037 2785 a
1050 2715 1178 2786 Christo
1192 2715 1304 2784 Eccle-

193 2821 250 2890 siae
272 2823 456 2910 auctoritas,
473 2823 508 2892 in
529 2831 688 2915 quantum
705 2832 753 2893 cst
767 2834 799 2892 et
820 2820 964 2894 remanet
977 2822 1199 2892 ecclesiastica.
1215 2822 1302 2912 Ergo

192 2930 341 3000 Ecclesiae
355 2932 529 3001 auctoritas
544 2943 592 3002 cst
606 2955 680 3002 vere
695 2941 726 3002 et
739 2933 869 3026 proprie
884 2933 1115 3025 independens.

236 3039 396 3108 Secundo.
413 3039 472 3108 Illa
491 3042 623 3110 societas
641 3050 690 3109 est
703 3039 744 3109 ab
757 3040 847 3110 omni
859 3041 923 3110 alia
935 3062 1068 3132 prorsus
1082 3037 1303 3131 independens

190 3169 265 3238 quae
281 3145 378 3217 habet
397 3148 496 3217 finem
510 3149 572 3218 eibi
587 3152 770 3242 proprium,
787 3157 819 3217 et
836 3147 942 3218 media
962 3147 1023 3217 sibi
1042 3147 1183 3241 propria.
1200 3146 1301 3239 Atqui

189 3255 264 3324 telis
288 3265 337 3324 est
360 3258 514 3346 Ecclesia,
544 3266 580 3326 nt
604 3259 641 3326 in
664 3260 860 3352 precedenti
885 3261 1103 3353 propositione
1127 3261 1298 3354 probatum

189 3373 247 3431 est.
273 3365 370 3434 Nulla
394 3367 513 3435 scilicet
536 3368 599 3436 alia
620 3369 753 3439 societas
774 3377 895 3461 praeter
916 3370 1104 3457 Ecclesiam,
1127 3394 1147 3439 a
1168 3369 1299 3440 Christo

187 3470 335 3540 instituta
358 3482 417 3562 eet,
446 3482 482 3543 ut
496 3474 643 3544 homines
657 3475 699 3544 ad
719 3477 951 3546 beatitudinem
967 3487 1123 3547 aeternam
1139 3499 1197 3568 per
1212 3499 1298 3569 prae-

189 3579 380 3651 dicationem
408 3605 493 3654 verae
519 3584 606 3672 tidei,
632 3609 690 3678 per
709 3608 838 3656 morum
858 3594 978 3656 rectem
996 3585 1244 3674 ordinationem,
1261 3608 1298 3654 ac

189 3709 246 3778 per
272 3699 547 3761 sacramentorum
572 3715 592 3762 a
614 3693 744 3762 Christo
766 3693 988 3763 institutorum
1012 3693 1296 3786 dispensationem,

188 3795 387 3885 perduceret.
416 3799 516 3889 Ergo,
538 3823 613 3869 cnm
627 3800 695 3869 sola
712 3801 854 3870 Ecclesia
868 3800 952 3870 hanc
966 3811 1154 3894 potestatem
1168 3810 1199 3870 et
1214 3803 1296 3870 mis-

187 3902 309 3972 sionem
325 3904 486 3976 aChristo
510 3909 578 3977 Deo
602 3906 770 4000 acceperit,
798 3908 826 3976 si
839 3931 905 4000 qua
930 3909 993 3978 alia
1006 3910 1139 3979 societas
1162 3917 1297 3980 tentaret

187 4008 361 4080 Ecclesiam
378 4035 503 4103 regere,
519 4023 705 4106 potestatem
718 4023 749 4082 et
765 4015 949 4085 missionem
964 4017 1113 4086 Ecclesiae
1128 4017 1295 4111 propriam

186 4115 352 4188 evidenter
367 4131 551 4213 usurparet,
568 4123 686 4214 injuste
701 4133 732 4192 et
748 4124 915 4214 tyrannice
929 4133 1049 4217 egeret.
