3068 4948
529 547 611 596 tonis
634 549 786 598 cononici.
1154 527 1212 593 321

97 683 177 755 tudo
198 687 341 778 legitime
359 690 562 782 praescripta,
578 691 622 758 ita
638 713 680 760 err
699 689 816 758 iisdem
835 690 941 758 causis
956 690 1143 778 contingere
1158 713 1218 780 po·

96 801 170 888 tuit,
188 811 222 871 et
236 803 276 871 de
286 804 371 873 iacto
385 805 531 894 contigit,
544 815 579 874 ut
592 807 626 873 in
641 805 750 874 multis
760 805 841 874 locis
853 805 1006 896 quaedam
1016 805 1216 874 cancellarie

95 909 222 998 regulae
244 911 312 978 vim
336 911 454 981 habere
479 913 685 981 cessaverint.
707 938 725 976 c
748 912 807 980 His
829 933 920 995 vero,
938 913 985 979 ait
1002 913 1117 980 Devoti
1134 911 1217 1002 (loco

98 1043 117 1080 ι(
139 1039 241 1108 supra
261 1020 370 1108 citato)
398 1019 589 1110 derogatum
617 1022 653 1088 in
681 1021 793 1088 multis
806 1029 855 1088 est
875 1043 933 1110 per
953 1029 1045 1112 pacta
1060 1029 1220 1090 conventa

98 1152 114 1190 c
141 1125 228 1194 inter
249 1150 393 1196 summos
417 1127 589 1197 Pontifices
615 1139 646 1196 et
671 1129 911 1220 potentissimos
933 1128 1073 1220 Europae
1090 1128 1216 1196 Princi-

98 1261 115 1297 «
140 1257 209 1325 pes.
235 1262 252 1300 n
280 1241 324 1304 At
344 1259 422 1306 vero
448 1237 482 1304 in
501 1261 535 1306 se
555 1238 781 1324 consideratae,
801 1248 833 1305 et
853 1238 977 1306 seclusa
995 1237 1216 1326 derogationis

93 1342 282 1434 hypothesi,
300 1367 366 1413 non
386 1345 495 1414 minus
514 1367 614 1437 quam
637 1356 754 1414 caetera
770 1345 863 1414 Sedis
877 1344 1074 1436 Apostolicae
1090 1343 1217 1414 decreta

93 1449 242 1519 dicendae
272 1461 349 1521 sunt
379 1453 490 1544 legum
510 1453 747 1522 universalium
771 1451 838 1522 vim
869 1451 1001 1538 habere,
1034 1461 1066 1520 et
1092 1453 1214 1520 fontem

92 1558 233 1648 proinde
244 1560 330 1650 juris
344 1562 492 1630 cononici
503 1562 712 1631 constituere.

140 1671 183 1740 Et
199 1695 290 1759 vero,
316 1672 389 1742 ideo
402 1683 529 1744 tantum
548 1675 614 1743 dici
632 1684 739 1768 posset
751 1698 806 1746 eas
819 1677 887 1745 vim
903 1677 985 1767 legis
999 1698 1065 1743 non
1082 1675 1213 1760 habore,

93 1781 181 1848 sicut
206 1781 287 1850 elias
314 1781 495 1872 pontificias
523 1784 779 1870 constitutiones,
810 1786 888 1876 quia
905 1785 940 1852 in
963 1785 1012 1852 eis
1038 1783 1216 1852 condendis

92 1887 239 1954 Romani
253 1888 426 1957 Pontifices
440 1891 651 1960 excessissent
664 1893 830 1982 potestatis
848 1913 917 1959 suae
942 1891 1076 1976 limites,
1093 1891 1127 1957 in
1145 1912 1216 1958 ma-

94 1995 177 2063 teria
199 1996 319 2064 scilicet
345 1996 527 2066 beneficiali
551 1998 733 2067 ordinanda
740 2025 750 2086 ;
777 1999 822 2066 ita
846 2007 882 2066 nt
907 1997 1065 2066 nullitatis
1083 1999 1165 2066 vitio
1179 1999 1213 2064 in

92 2103 206 2172 radice
231 2106 379 2174 laborare
405 2106 574 2176 censendae
593 2109 711 2176 iorent.
733 2109 835 2199 Atqui
849 2106 1022 2176 temeraria
1036 2106 1146 2197 opinio
1159 2106 1215 2174 illa

93 2214 231 2282 omnino
252 2214 334 2282 falsa
351 2224 411 2302 est,
431 2225 468 2284 ut
487 2217 685 2307 praeoedenti
708 2217 810 2308 capite
824 2215 1055 2306 probavimns;
1074 2236 1215 2304 ergore-

92 2321 183 2408 gulae
201 2321 403 2391 cancellariae
416 2345 475 2414 pro
499 2323 588 2391 veria
602 2323 730 2413 legibus
751 2322 926 2414 pontificiis
952 2321 1110 2390 habende
1124 2331 1213 2410 sunt,

91 2437 126 2497 et
142 2428 287 2498 [ontibus
300 2429 388 2520 juris
399 2431 605 2500 ecclesiastici
621 2427 890 2500 annumeranda.

459 2907 466 2919 Ι
544 2813 688 2883 eaeor
711 2813 769 2884 1v.

162 3042 438 3089 daemoniacam
466 3043 591 3089 meone
621 3043 721 3090 mnne
750 3043 862 3090 mesor
888 3043 1049 3090 crnsnnon
1080 3044 1147 3089 snm

564 3171 595 3216 nt
618 3152 754 3218 eremit
1109 3135 1114 3140 ’

139 3402 224 3469 Cum
244 3421 285 3467 ex
306 3406 400 3468 antea
417 3399 572 3490 probatis,
599 3399 787 3492 hujusmodi
809 3403 931 3490 regulae
952 3411 1106 3494 tanquam
1122 3426 1209 3472 vere

91 3509 246 3577 Eeclesiae
267 3509 353 3598 leges
380 3510 465 3577 sicut
478 3519 509 3576 et
524 3516 641 3578 emtore
663 3520 784 3579 sanctae
800 3511 895 3578 Sedis
909 3511 1037 3580 decreta
1052 3514 1211 3582 habendae

91 3619 171 3705 sint,
195 3619 344 3709 seqnitur
365 3616 437 3684 illas
454 3618 633 3686 etiamnum
657 3620 769 3708 vigere
790 3628 822 3686 et
845 3619 989 3708 obligare
1009 3621 1043 3687 in
1060 3621 1212 3689 omnibns

91 3725 294 3815 regionibus,
319 3725 377 3793 nbi
393 3746 498 3816 neque
525 3747 583 3816 per
609 3725 695 3815 leges
722 3727 899 3794 contrarias
924 3739 981 3795 aut
1005 3728 1208 3815 concordata,

90 3855 198 3924 neque
221 3855 279 3923 per
291 3833 486 3901 contrariam
509 3831 688 3921 legitimam
714 3832 984 3903 consuetudinem
1003 3835 1051 3902 eis
1071 3836 1209 3925 deroga-

91 3951 161 4010 tum
178 3942 251 4012 tuit.
591 3941 594 3946 ’

137 4049 286 4118 Praescns
311 4073 390 4142 crgo
413 4051 553 4142 questio
578 4059 645 4119 tota
673 4050 792 4142 pendet
819 4052 860 4119 ab
887 4051 947 4120 hac
971 4052 1206 4144 exploratione,

92 4164 205 4226 utrum
230 4160 454 4248 supervenerit
474 4181 575 4226 necne
599 4157 745 4248 legitima
767 4157 945 4249 derogatio.
968 4160 1074 4242 Quam
1094 4159 1208 4250 explo-

92 4266 252 4334 rationem
267 4265 344 4335 lioet
360 4287 595 4358 prosequamur
610 4273 734 4333 tanturn
748 4267 854 4357 quoad
870 4267 1021 4354 Gallioni,
1038 4267 1131 4336 facile
1147 4291 1210 4360 po·-

1013 4381 1046 4438 nt
