3050 4946
311 405 373 470 472
665 427 840 474 rnncrsn's
864 428 901 472 nr.
925 427 1080 472 narsaeus

307 601 373 670 quo
390 587 455 647 tota
468 585 584 670 quarta
597 576 832 646 dissertationis
846 600 916 645 sure
933 585 1024 667 parte
1047 576 1120 644 fuse
1135 577 1268 646 disserit
1282 579 1437 648 laudatus

307 693 433 770 auctor,
450 687 492 753 ad
510 709 608 777 mem
633 685 841 752 remittimus.
864 684 1023 766 Quadam
1053 685 1284 754 tantummodo
1303 687 1349 754 ad
1369 689 1438 754 Ro-

306 794 395 860 maui
423 793 588 862 Pontifiais
618 801 808 884 potestatem
839 792 1047 884 pertinentia,
1075 793 1156 884 quia
1183 793 1260 860 huic
1287 799 1439 885 potffitsti

305 903 505 970 contrarium
521 901 645 969 librum
666 901 831 969 Diurnum
857 900 953 968 multi
977 899 1088 968 adhue
1108 901 1302 970 existimare
1315 903 1437 972 sotem.

303 1011 357 1079 hic
372 1009 610 1078 adnotabimus.
631 1008 685 1076 Sic
699 1009 732 1075 in
748 1008 833 1076 libro
848 1009 909 1076 isto
926 1009 1068 1098 legimus
1089 1037 1097 1074 :

351 1120 422 1200 Orto
443 1119 521 1207 jam
546 1131 622 1184 uota
643 1117 827 1206 pctaainm
851 1129 882 1184 te
905 1115 1097 1198 manaem,
1116 1119 1216 1208 pium
1240 1118 1337 1186 nobes
1359 1143 1438 1188 con-

304 1229 409 1296 tulisti
427 1239 604 1318 pastorem,
620 1227 679 1318 qni
696 1239 846 1294 sanctam
869 1237 966 1294 taam
990 1227 1207 1295 anniversalem
1235 1229 1434 1301 Ecclesiam.

303 1349 334 1403 et
348 1348 481 1404 cunctas
497 1333 676 1402 &minans
691 1357 730 1401 ac
743 1333 926 1402 rationales
946 1334 1009 1402 sibi
1027 1335 1218 1403 commissas
1231 1360 1308 1404 oues
1324 1361 1437 1428 repere

302 1459 401 1536 atque
423 1445 614 1535 pudentem,
634 1457 665 1512 te
685 1444 828 1514 Doneino
857 1448 924 1512 Deo
952 1459 983 1512 et
1005 1446 1183 1513 Salvatore
1206 1460 1318 1515 rtostro
1341 1471 1433 1538 pro-

303 1565 438 1642 repente,
456 1554 576 1620 ualeat.
596 1551 685 1640 (Peg.
705 1555 758 1637 ta,
776 1551 875 1620 editio
889 1551 1055 1639 Garnerii‚
1074 1557 1187 1629 168οᾸ

351 1663 518 1744 Quatmas
542 1659 620 1726 insit
644 1659 743 1751 (Papa
761 1680 873 1728 recens
893 1659 1025 1748 electus)
1050 1661 1086 1727 in
1111 1663 1306 1752 apostolica
1336 1663 1434 1732 Sedis

300 1769 443 1861 specula,
462 1767 568 1857 quiet
590 1767 712 1835 Cltra'sti
733 1781 827 1860 repat
848 1769 1031 1836 Ecclesiam
1055 1792 1254 1862 prepemque
1278 1773 1435 1840 rationa-

303 1879 419 1946 titiam
432 1876 608 1945 salubriter
620 1876 781 1967 dispenset
795 1877 919 1946 omnm.
942 1877 1053 1966 (laic,
1070 1902 1103 1969 p.
1123 1881 1192 1968 26.)

347 1985 618 2078 superscriptio:
641 2023 686 2038 --
709 1987 852 2054 Domina
879 2001 1006 2070 sancto,
1029 1989 1148 2056 merito
1175 1991 1376 2080 Apostolum,
1402 2005 1432 2058 et

302 2095 416 2165 diuina
437 2093 653 2162 beaedcctione
672 2093 836 2176 acoron,
856 2095 891 2162 ill
910 2095 970 2185 (t),
990 2099 1091 2188 Papae
1114 2099 1273 2176 Patrem,
1290 2121 1431 2168 amasa

303 2201 398 2271 Sedis
411 2202 559 2270 Praesnli.
579 2200 688 2290 (ibid,
704 2223 781 2293 pag.
801 2205 868 2290 st.)

348 2309 515 2378 Pasclcalis
526 2309 687 2400 festivitas
698 2333 756 2378 nas
766 2310 922 2378 ltcrtatnr
933 2310 980 2379 acl
989 2312 1088 2380 uestri
1103 2313 1271 2402 Pontificii
1283 2316 1430 2383 renscdin

302 2420 487 2505 convolare,
510 2419 545 2485 in
568 2420 665 2509 cnjus
685 2430 848 2510 potestate
873 2420 1023 2486 omnium
1048 2420 1259 2488 ecclesianam
1280 2423 1429 2491 cornatit

303 2538 448 2596 amatas.
467 2525 577 2616 (ibid,
594 2549 669 2617 pag.
690 2529 756 2616 57.)

349 2639 386 2703 ln
400 2633 531 2702 nomine
549 2635 694 2714 Domini,
718 2647 749 2701 et
768 2648 897 2703 cetera.
922 2637 1086 2704 Promitte
1103 2659 1161 2726 epo
1178 2637 1229 2723 ill,
1244 2639 1429 2730 Episcopus

301 2755 422 2812 sanctae
436 2741 587 2810 Ecclesia
601 2741 650 2824 ill,
665 2742 806 2810 Domino
822 2765 894 2810 meo
909 2745 1115 2812 sanctissimo
1131 2759 1161 2812 et
1177 2759 1227 2814 ter
1242 2746 1428 2815 malacim

300 2851 349 2934 ill,
366 2852 506 2918 Sammo
527 2849 690 2938 Pontifici,
708 2871 763 2916 sea
784 2851 966 2918 aniuasali
978 2855 1091 2943 Papa,
1109 2865 1139 2920 et
1159 2876 1221 2943 per
1234 2877 1290 2920 aas
1304 2868 1427 2922 sancta

300 2956 469 3026 catholicae
484 2955 635 3024 Ecclesia
654 2968 686 3023 et
700 2958 892 3048 Apostolica
908 2959 999 3028 Sedi.
1018 2960 1130 3050 (ibid,
1147 2983 1224 3053 pag.
1245 2966 1312 3050 58.)

344 3067 483 3151 Quando
496 3089 575 3155 ergo
590 3067 624 3134 in
640 3067 754 3136 eodem
775 3069 859 3137 libro
880 3070 1002 3160 legitur
1022 3072 1209 3141 Romanum
1231 3073 1427 3143 Pontificem

300 3178 345 3245 sic
361 3177 549 3268 promittere
568 3201 575 3240 :
597 3177 743 3244 Ganones
757 3190 788 3244 et
805 3180 984 3246 constituta
1011 3181 1210 3270 Pontificem
1234 3195 1425 3252 nostromm

300 3297 337 3352 nt
350 3284 463 3353 divicta
478 3295 509 3350 et
524 3281 666 3350 caelestia
683 3283 846 3352 mandata
862 3286 1035 3368 custodire,
1050 3285 1129 3377 quid
1143 3287 1219 3356 inde
1232 3290 1303 3357 erui
1319 3300 1426 3381 potest

300 3407 413 3462 contra
443 3391 640 3484 pontificiam
670 3392 913 3479 auctoritatem,
945 3404 976 3461 et
1006 3416 1065 3462 cur
1096 3394 1193 3486 hujus
1223 3401 1425 3468 auctoritatis

300 3503 407 3572 hostes
430 3511 520 3572 tanta
547 3502 667 3572 fidncia
694 3503 764 3572 hac
783 3505 883 3572 verba
907 3505 1088 3596 objiciunt?
1112 3507 1249 3575 Etiamsi
1272 3531 1424 3578 summus

299 3611 449 3680 Pontifex
478 3620 603 3680 mutare
628 3633 694 3681 non
721 3621 828 3702 posset
850 3612 938 3702 leges
962 3637 982 3682 a
1005 3615 1303 3706 predecessoribus
1329 3618 1420 3696 latas,

298 3744 363 3789 non
387 3727 578 3811 sequeretur
595 3721 689 3788 illum
716 3743 782 3789 non
807 3745 901 3814 posse
928 3721 1008 3790 alias
1035 3723 1132 3790 terre.
1156 3724 1323 3794 Praeterea
1346 3749 1420 3794 cum

297 3853 363 3897 non
384 3829 447 3898 alia
468 3829 510 3896 sit
531 3827 633 3921 ipsius
657 3836 797 3921 potestas
815 3852 914 3922 mam
938 3830 1228 3923 predecessorum,
1246 3833 1336 3924 quod
1358 3857 1421 3925 po-

327 4092 359 4153 (1)
376 4090 482 4154 Signum
496 4089 558 4140 illud
577 4089 611 4138 tlt
621 4087 738 4151 designat
754 4091 780 4144 tn
799 4089 838 4140 his
856 4089 975 4141 turmulis
988 4090 1076 4142 locum
1091 4091 1136 4143 uhi
1151 4093 1298 4157 ponebatur
1309 4111 1414 4158 nomeu,

298 4171 371 4236 cujus
384 4173 443 4222 loco
457 4185 506 4221 uos
519 4169 640 4236 ponimus
653 4171 683 4219 N.
