3042 4946
246 471 307 536 3311
754 485 859 535 raom.

273 637 300 681 2⁰
318 633 426 683 Decreta
449 629 608 696 synodorum
633 628 794 694 generalium
817 644 833 678 a
854 628 920 679 Sede
944 627 1090 693 Apostolica
1112 625 1212 678 firmata
1230 625 1284 680 rim

305 703 371 766 legis
385 701 537 754 universalia
549 700 647 750 babent
664 703 690 750 et
702 703 762 750 sunt
770 699 837 763 jnris
853 699 973 751 canonici
985 701 1089 764 proprie
1101 699 1164 749 dicti
1176 699 1243 750 tons.
1277 735 1284 748 .
1317 704 1360 748 333

274 780 301 824 3ο
318 777 374 825 lion
388 774 531 839 approbata
542 776 586 823 aut
596 771 735 837 reprobata
747 772 840 821 robore
854 777 945 824 carent
946 807 1285 822 .........
1318 775 1365 820 333

275 852 300 896 3ο
316 847 413 912 synodi
431 846 599 912 particulares
618 857 666 908 per
678 857 705 893 aa
722 855 774 893 non
795 842 893 895 hahent
905 843 957 894 rim
978 843 1043 910 legis
1063 842 1223 902 universalia.
1235 856 1285 893 uec

303 917 415 982 proinde
428 920 489 966 sunt
499 916 557 966 tons
571 915 640 978 juris
654 914 774 966 canonici
786 915 875 965 stricte
890 915 985 978 sumpti
990 947 1284 963 ........
1319 916 1365 960 333

243 1042 350 1093 flecti·
373 1040 412 1090 11.
431 1040 468 1090 lie
490 1039 605 1088 romanis
622 1035 796 1088 cardinalium
817 1036 1066 1102 congregationibus
1082 1037 1288 1101 quanamjurn

274 1112 393 1164 canonici
415 1112 486 1163 toute
489 1143 1283 1162 ....................
1317 1112 1363 1158 333

242 1223 313 1273 CAP.
332 1223 351 1272 l.
364 1221 431 1280 Quid
444 1221 486 1282 ait,
500 1224 527 1271 33
544 1219 637 1285 quibus
654 1219 751 1284 polleat
765 1218 930 1271 facultatibus
944 1221 1112 1284 congregatio
1126 1219 1243 1274 concilii.
1277 1253 1284 1268 .
1317 1224 1363 1269 333

242 1313 313 1364 CAP.
332 1313 363 1362 ll.
381 1313 421 1363 An
435 1310 624 1362 declarationes
646 1323 692 1360 seu
712 1309 859 1360 decisiones
877 1310 1089 1376 congregationis
1108 1310 1218 1361 concilii
1234 1309 1286 1360 rim

273 1381 426 1433 universalis
438 1383 502 1448 legis
514 1381 627 1432 babeant
656 1415 1285 1432 ................
1318 1385 1363 1429 333

242 1484 311 1534 epp,
325 1485 367 1534 lit.
382 1486 423 1534 An
443 1487 470 1533 et
487 1483 594 1533 alimum
609 1481 845 1546 congregationum
866 1480 972 1533 decreta
984 1480 1037 1530 rim
1051 1459 1204 1532 unirmmlis
1221 1480 1287 1545 legis

273 1554 386 1606 habeant
400 1554 553 1618 (remissive)
573 1587 1285 1603 ..................
1316 1556 1363 1602 333

241 1673 349 1724 §ectio
365 1673 422 1722 111.
441 1674 477 1724 De
493 1673 692 1736 consuetudine,
705 1678 832 1739 quatenus
848 1673 915 1738 J'uris
931 1671 1050 1724 canonici
1063 1673 1158 1724 13333.
1193 1712 1199 1722 .
1235 1710 1242 1722 .
1278 1707 1284 1722 .
1318 1676 1364 1721 333

240 1773 309 1824 CAP.
325 1773 344 1822 l.
359 1774 395 1822 De
407 1771 603 1824 consuetudinis
617 1776 710 1824 natura
724 1777 749 1823 el
763 1772 871 1824 dirersis
890 1770 1028 1836 speciebus
1030 1807 1284 1824 .......
1316 1775 1363 1820 333

274 1849 300 1891 l·
317 1841 437 1892 Definitio
459 1843 655 1892 consuetudinis
657 1877 1283 1894 ................
1316 1847 1363 1892 333

271 1917 299 1960 2⁰
317 1913 377 1978 Ejus
390 1913 416 1963 iu
432 1913 515 1962 varlas
528 1914 630 1976 species
643 1913 736 1964 divisio
739 1949 1280 1964 ..............
1316 1918 1363 1964 333

272 1993 299 2036 ³⁰
315 1983 450 2044 Quomodo
474 1983 574 2034 differat
597 1999 612 2034 3
632 1984 744 2050 legibus,
764 1985 874 2046 33333313,
894 1983 1076 2035 traditionibus
1099 1989 1125 2036 et
1145 1987 1285 2050 praescrip·

305 2059 375 2109 tione
407 2092 1239 2107 .....................
1260 2096 1282 2109 ,.
1317 2061 1361 2106 333

240 2159 308 2210 CAP.
326 2157 358 2206 ll.
376 2154 413 2204 lie
428 2154 555 2218 requisitio
570 2154 765 2205 conditionibus
779 2157 807 2204 ut
821 2154 1123 2219 consuctudovimlegis
1136 2155 1240 2206 babeat.
1275 2191 1282 2205 .
1316 2159 1360 2206 333

271 2229 287 2293 5
303 2233 326 2278 3.
339 2228 376 2278 De
390 2225 522 2290 requisitis
538 2239 568 2274 ea
584 2229 657 2290 parte
677 2225 870 2276 communitatis
888 2225 1104 2276 consuetudinem
1124 2225 1282 2278 inducentis.
1316 2230 1361 2276 333

304 2307 329 2350 33
346 2297 492 2362 tlequiritur
503 2301 531 2348 ut
543 2298 904 2348 inducaturscommunitate
915 2296 1031 2362 perlecta
1066 2335 1280 2348 ......
1315 2301 1361 2348 333

301 2376 328 2419 2⁰
345 2371 366 2420 Α
379 2368 469 2432 majori
484 2373 555 2431 parte
570 2367 761 2418 communitatis
774 2402 1280 2420 .............
1315 2374 1362 2420 333

301 2447 327 2490 3ο
345 2441 409 2490 Cum
423 2441 494 2488 certa
504 2439 616 2489 scientia
629 2444 655 2489 et
669 2452 724 2490 non
739 2451 771 2488 ex
784 2452 872 2488 errore
902 2475 1282 2492 ..........
1315 2443 1360 2491 333

302 2519 326 2562 t·
345 2511 435 2562 Libere
448 2511 475 2558 et
488 2521 541 2558 non
553 2509 578 2558 ri
593 2513 636 2558 aut
648 2514 719 2560 metu
737 2545 1282 2563 ..............
1315 2517 1359 2561 333

300 2589 326 2633 aa
342 2582 405 2633 eum
420 2577 562 2630 intentione
576 2593 604 2628 33
617 2579 749 2642 obligandi
780 2615 1281 2632 .............
1314 2587 1359 2633 333

301 2661 327 2704 33
344 2650 450 2702 Actibus
461 2663 515 2700 non
529 2651 682 2715 interruptis
698 2685 1281 2703 ...............
1315 2657 1362 2703 333

269 2727 284 2788 5
300 2728 323 2773 2.
339 2724 375 2773 113
389 2719 513 2785 requisita
525 2721 721 2772 consuetudinis
735 2722 947 2772 rationabilitate.
982 2757 989 2772 .
1023 2739 1032 2772 .·
1066 2759 1280 2775 ......
1314 2729 1360 2776 333

300 2793 442 2856 Propositio
466 2791 503 2840 tl.
527 2794 615 2842 Potest
637 2793 723 2856 aliqua
744 2793 905 2843 cousuetudo
926 2793 1057 2844 adversari
1074 2795 1127 2859 juri
1147 2797 1280 2847 communi

332 2866 394 2930 quin
408 2865 442 2914 sii
457 2863 526 2913 mala
539 2863 580 2912 rel
592 2863 775 2916 irrationabilis
778 2901 1279 2918 .............
1314 2873 1359 2919 333

302 2935 446 2999 Propositio
465 2934 503 2982 2⁸.
526 2933 710 2985 lrralionsbilis
734 2939 760 2985 et
780 2935 848 2985 33313
873 2941 911 2986 333
934 2935 1021 2987 omnis
1047 2939 1208 2990 consuetudo
1228 2941 1280 3004 juri

329 3003 440 3056 naturali
452 3005 496 3053 aut
508 3003 599 3054 divino
613 3005 742 3055 contraria
776 3043 1280 3060 .............
1313 3014 1358 3060 333

301 3076 444 3141 Propositr'o
463 3074 499 3122 3¹.
515 3074 680 3125 Consuetudo
696 3090 712 3125 a
728 3078 786 3140 jure
800 3078 938 3141 reprobata
953 3083 992 3129 est
1008 3079 1086 3130 etiarn
1099 3081 1167 3132 inter
1180 3081 1280 3131 irratio·

332 3146 431 3197 nabiles
456 3145 607 3210 reponenda
609 3183 1279 3201 .................
1312 3157 1357 3204 333

302 3218 442 3282 Propositio
461 3217 496 3265 4¹.
516 3217 681 3269 Consuetudo
695 3233 752 3284 quse
775 3224 941 3284 peccatorum
964 3221 1067 3271 occasio
1087 3225 1125 3272 est
1143 3225 1169 3272 et
1187 3223 1280 3284 lomes,

331 3287 515 3340 irrationabilis
530 3293 569 3339 est
582 3290 714 3340 censenda
732 3325 1278 3344 ..............
1312 3297 1359 3344 333

301 3361 442 3425 Propocr'tio
455 3360 491 3410 bl.
504 3360 568 3410 ilem
581 3374 638 3424 quae
650 3362 720 3411 bono
734 3364 867 3413 communi
880 3364 1030 3417 adversatur
1065 3399 1278 3416 ......
1312 3368 1359 3414 333

300 3432 444 3496 Propositio
456 3430 493 3479 6¹.
509 3427 572 3480 item
592 3444 642 3495 qua
663 3432 792 3496 rumpitur
812 3449 904 3485 neruus
921 3437 1067 3502 discipline
1087 3435 1279 3488 ecclesiastice.
1312 3439 1359 3486 333

301 3503 446 3564 Propositto
460 3501 497 3550 7⁸.
513 3502 579 3550 ltem
598 3515 656 3565 qnae
670 3502 818 3555 adversatur
837 3506 948 3558 libertati
970 3513 995 3558 et
1016 3507 1172 3558 immunitati
1191 3508 1278 3558 eccle-

330 3573 450 3633 33333133,
459 3571 511 3623 nisi
527 3572 624 3623 nitatur
637 3574 775 3640 privilegio
794 3589 840 3626 scu
857 3579 1027 3630 concessione
1044 3583 1140 3629 3333333
1155 3579 1237 3630 Sedis.
1272 3613 1277 3628 .
1312 3581 1358 3627 333

300 3643 444 3708 Propositio
459 3645 496 3692 8⁸.
511 3642 579 3708 Ergo
591 3643 777 3696 irrationabilis
791 3650 952 3701 consuetudo
964 3649 1053 3716 placiti
1066 3650 1154 3713 regii.
1189 3688 1195 3698 .
1231 3685 1238 3698 .
1272 3687 1277 3697 .
1311 3652 1357 3698 361

300 3715 443 3780 Propositio
456 3715 493 3762 9⁸.
508 3713 576 3778 Ergo
590 3714 774 3767 irrationabilis
788 3721 948 3770 consuetudo
967 3734 1018 3784 qna
1035 3720 1157 3784 Episcopi
1170 3720 1279 3784 ancujus

329 3785 445 3850 regionis
458 3785 564 3836 decretu
575 3799 628 3836 non
649 3793 817 3852 acceptarent
829 3791 879 3840 nisi
893 3805 909 3842 3
922 3805 950 3842 33
971 3792 1090 3856 probata,
1102 3792 1164 3842 dum
1179 3797 1280 3842 consta·

329 3861 370 3907 ret
385 3859 480 3920 Papam
492 3870 545 3907 non
558 3859 705 3909 consentire
719 3864 747 3909 ut
760 3874 806 3911 333
817 3861 885 3912 lexa
898 3863 943 3914 tali
953 3863 1131 3928 acceptatione
1143 3863 1279 3928 penderet
1313 3864 1358 3910 333

299 3931 442 3993 Proposilio
463 3930 516 3978 333.
529 3930 713 3981 irrationabilis
732 3932 808 3982 etiam
824 3939 862 3984 333
882 3937 1044 3990 consuetudo
1065 3935 1226 3999 impediendi
1245 3949 1279 3984 ne

330 4001 408 4063 legati
422 3999 494 4050 Sedis
508 4001 664 4064 Apostolicm
677 4003 837 4067 recipiantur
847 4004 875 4054 in
887 4006 1031 4071 provinciis
1064 4043 1275 4055 ......
1312 4009 1357 4054 333

269 4071 380 4135 33133
402 4070 527 4136 requisito
549 4070 685 4136 principis,
707 4072 733 4122 ld
755 4077 794 4123 est
817 4075 910 4124 summi
933 4075 1072 4138 Pontldois,
1091 4089 1229 4140 consensu,
1250 4081 1278 4127 ut

329 4144 489 4195 consuetudo
506 4144 559 4193 rim
579 4143 673 4195 babeat
675 4181 1276 4199 ...............
1310 4153 1356 4198 333

237 4215 359 4268 1133333333
374 4217 393 4268 i.
408 4217 561 4266 Cortumest
575 4216 671 4280 requiri
685 4217 797 4283 aliquam
812 4219 940 4286 Principis
954 4235 1109 4272 consensum
1146 4260 1152 4269 ..
1186 4259 1192 4272 .
1227 4259 1232 4271 .
1269 4259 1275 4276 .
1310 4225 1355 4274 333
