<?xml version="1.0" encoding="UTF-8"?>
<!DOCTYPE html PUBLIC "-//W3C//DTD XHTML 1.0 Transitional//EN"
    "http://www.w3.org/TR/xhtml1/DTD/xhtml1-transitional.dtd">
<html xmlns="http://www.w3.org/1999/xhtml" xml:lang="en" lang="en">
 <head>
  <title>
</title>
<meta http-equiv="Content-Type" content="text/html;charset=utf-8" />
  <meta name='ocr-system' content='tesseract 3.04.00' />
  <meta name='ocr-capabilities' content='ocr_page ocr_carea ocr_par ocr_line ocrx_word'/>
</head>
<body>
  <div class='ocr_page' id='page_1' title='image "./tractatusdeprin00bouigoog_0312.png"; bbox 0 0 3068 4948; ppageno 0'>
   <div class='ocr_carea' id='block_1_1' title="bbox 458 477 1280 542">
    <p class='ocr_par' dir='ltr' id='par_1_1' title="bbox 458 477 1280 542">
     <span class='ocr_line' id='line_1_1' title="bbox 458 477 1280 542; baseline 0.002 -4"><span class='ocrx_word' id='word_1_1' title='bbox 458 487 463 497; x_wconf 96' lang='grc'><strong><em>’</em></strong></span> <span class='ocrx_word' id='word_1_2' title='bbox 591 497 674 542; x_wconf 79' lang='lat' dir='ltr'>sunta</span> <span class='ocrx_word' id='word_1_3' title='bbox 697 497 848 542; x_wconf 77' lang='lat' dir='ltr'>canonici.</span> <span class='ocrx_word' id='word_1_4' title='bbox 903 486 906 492; x_wconf 82' lang='grc'>’</span> <span class='ocrx_word' id='word_1_5' title='bbox 1217 477 1280 540; x_wconf 77' lang='grc'>297</span> 
     </span>
    </p>
   </div>
   <div class='ocr_carea' id='block_1_2' title="bbox 137 633 1348 3870">
    <p class='ocr_par' dir='ltr' id='par_1_2' title="bbox 159 633 1283 945">
     <span class='ocr_line' id='line_1_2' title="bbox 159 633 1283 727; baseline -0.002 -21"><span class='ocrx_word' id='word_1_6' title='bbox 159 645 192 706; x_wconf 88' lang='lat' dir='ltr'>et</span> <span class='ocrx_word' id='word_1_7' title='bbox 207 645 274 705; x_wconf 87' lang='lat' dir='ltr'>tam</span> <span class='ocrx_word' id='word_1_8' title='bbox 289 635 484 727; x_wconf 71' lang='lat' dir='ltr'>generaliter</span> <span class='ocrx_word' id='word_1_9' title='bbox 499 633 693 722; x_wconf 76' lang='lat' dir='ltr'><strong>adhibitam,</strong></span> <span class='ocrx_word' id='word_1_10' title='bbox 707 655 882 702; x_wconf 86' lang='lat' dir='ltr'>exercuere</span> <span class='ocrx_word' id='word_1_11' title='bbox 898 639 1099 726; x_wconf 86' lang='lat' dir='ltr'>potestatem.</span> <span class='ocrx_word' id='word_1_12' title='bbox 1116 635 1283 704; x_wconf 85' lang='lat' dir='ltr'>Praetensa</span> 
     </span>
     <span class='ocr_line' id='line_1_3' title="bbox 160 743 1281 837; baseline -0.001 -24"><span class='ocrx_word' id='word_1_13' title='bbox 160 767 240 836; x_wconf 83' lang='lat' dir='ltr'>ergo</span> <span class='ocrx_word' id='word_1_14' title='bbox 256 744 385 813; x_wconf 84' lang='lat' dir='ltr'>novitas</span> <span class='ocrx_word' id='word_1_15' title='bbox 399 767 474 835; x_wconf 79' lang='lat' dir='ltr'>quae</span> <span class='ocrx_word' id='word_1_16' title='bbox 489 743 656 837; x_wconf 86' lang='lat' dir='ltr'>objicitur,</span> <span class='ocrx_word' id='word_1_17' title='bbox 677 763 807 812; x_wconf 88' lang='lat' dir='ltr'>merum</span> <span class='ocrx_word' id='word_1_18' title='bbox 825 743 1021 834; x_wconf 80' lang='lat' dir='ltr'>figmentum</span> <span class='ocrx_word' id='word_1_19' title='bbox 1037 753 1098 831; x_wconf 88' lang='lat' dir='ltr'>est,</span> <span class='ocrx_word' id='word_1_20' title='bbox 1118 744 1152 812; x_wconf 92' lang='lat' dir='ltr'>in</span> <span class='ocrx_word' id='word_1_21' title='bbox 1167 743 1281 813; x_wconf 89' lang='lat' dir='ltr'>odium</span> 
     </span>
     <span class='ocr_line' id='line_1_4' title="bbox 159 853 680 945; baseline -0.006 -22"><span class='ocrx_word' id='word_1_22' title='bbox 159 853 322 924; x_wconf 70' lang='lat' dir='ltr'>Romane</span> <span class='ocrx_word' id='word_1_23' title='bbox 339 854 433 922; x_wconf 87' lang='lat' dir='ltr'>Sedis</span> <span class='ocrx_word' id='word_1_24' title='bbox 447 853 680 945; x_wconf 77' lang='lat' dir='ltr'>excogitatum.</span> 
     </span>
    </p>

    <p class='ocr_par' dir='ltr' id='par_1_3' title="bbox 159 960 1282 1371">
     <span class='ocr_line' id='line_1_5' title="bbox 205 960 1282 1055; baseline 0.004 -25"><span class='ocrx_word' id='word_1_25' title='bbox 205 963 261 1030; x_wconf 90' lang='lat' dir='ltr'>lll.</span> <span class='ocrx_word' id='word_1_26' title='bbox 284 961 368 1030; x_wconf 87' lang='lat' dir='ltr'>Hinc</span> <span class='ocrx_word' id='word_1_27' title='bbox 391 961 468 1030; x_wconf 87' lang='lat' dir='ltr'>satis</span> <span class='ocrx_word' id='word_1_28' title='bbox 494 960 656 1030; x_wconf 88' lang='lat' dir='ltr'>mendacii</span> <span class='ocrx_word' id='word_1_29' title='bbox 676 960 924 1030; x_wconf 78' lang='lat' dir='ltr'>convinceretur</span> <span class='ocrx_word' id='word_1_30' title='bbox 943 963 1107 1030; x_wconf 87' lang='lat' dir='ltr'>calumnie</span> <span class='ocrx_word' id='word_1_31' title='bbox 1129 963 1282 1055; x_wconf 76' lang='lat' dir='ltr'>Episcopi</span> 
     </span>
     <span class='ocr_line' id='line_1_6' title="bbox 159 1068 1282 1164; baseline -0.001 -24"><span class='ocrx_word' id='word_1_32' title='bbox 159 1071 203 1140; x_wconf 92' lang='lat' dir='ltr'>de</span> <span class='ocrx_word' id='word_1_33' title='bbox 217 1071 411 1156; x_wconf 84' lang='lat' dir='ltr'>Hontheim‚</span> <span class='ocrx_word' id='word_1_34' title='bbox 428 1093 494 1164; x_wconf 88' lang='lat' dir='ltr'>qua</span> <span class='ocrx_word' id='word_1_35' title='bbox 506 1069 651 1140; x_wconf 85' lang='lat' dir='ltr'>affirmet</span> <span class='ocrx_word' id='word_1_36' title='bbox 665 1068 859 1138; x_wconf 90' lang='lat' dir='ltr'>duodecimo</span> <span class='ocrx_word' id='word_1_37' title='bbox 878 1070 997 1140; x_wconf 87' lang='lat' dir='ltr'>saeculo</span> <span class='ocrx_word' id='word_1_38' title='bbox 1012 1069 1178 1140; x_wconf 85' lang='lat' dir='ltr'>Romanos</span> <span class='ocrx_word' id='word_1_39' title='bbox 1192 1072 1282 1140; x_wconf 89' lang='lat' dir='ltr'>Pon-</span> 
     </span>
     <span class='ocr_line' id='line_1_7' title="bbox 161 1177 1280 1272; baseline 0 -26"><span class='ocrx_word' id='word_1_40' title='bbox 161 1179 263 1248; x_wconf 87' lang='lat' dir='ltr'>tifices</span> <span class='ocrx_word' id='word_1_41' title='bbox 279 1178 433 1272; x_wconf 76' lang='lat' dir='ltr'>prudenti</span> <span class='ocrx_word' id='word_1_42' title='bbox 456 1178 639 1265; x_wconf 78' lang='lat' dir='ltr'>dolositate,</span> <span class='ocrx_word' id='word_1_43' title='bbox 656 1180 772 1246; x_wconf 83' lang='lat' dir='ltr'>leniter</span> <span class='ocrx_word' id='word_1_44' title='bbox 791 1177 922 1263; x_wconf 89' lang='lat' dir='ltr'>scilicet,</span> <span class='ocrx_word' id='word_1_45' title='bbox 945 1178 1115 1247; x_wconf 82' lang='lat' dir='ltr'>successive</span> <span class='ocrx_word' id='word_1_46' title='bbox 1135 1185 1166 1246; x_wconf 95' lang='lat' dir='ltr'>et</span> <span class='ocrx_word' id='word_1_47' title='bbox 1181 1177 1280 1270; x_wconf 84' lang='lat' dir='ltr'>pede-</span> 
     </span>
     <span class='ocr_line' id='line_1_8' title="bbox 160 1287 737 1371; baseline -0.003 -15"><span class='ocrx_word' id='word_1_48' title='bbox 160 1289 288 1371; x_wconf 83' lang='lat' dir='ltr'>tentim,</span> <span class='ocrx_word' id='word_1_49' title='bbox 308 1288 542 1357; x_wconf 87' lang='lat' dir='ltr'>reservationes</span> <span class='ocrx_word' id='word_1_50' title='bbox 557 1287 737 1356; x_wconf 85' lang='lat' dir='ltr'>induxisse.</span> 
     </span>
    </p>

    <p class='ocr_par' dir='ltr' id='par_1_4' title="bbox 161 1389 1348 1574">
     <span class='ocr_line' id='line_1_9' title="bbox 207 1389 1348 1488; baseline -0.001 -24"><span class='ocrx_word' id='word_1_51' title='bbox 207 1399 250 1465; x_wconf 88' lang='lat' dir='ltr'>At</span> <span class='ocrx_word' id='word_1_52' title='bbox 275 1396 404 1466; x_wconf 89' lang='lat' dir='ltr'>directis</span> <span class='ocrx_word' id='word_1_53' title='bbox 429 1396 528 1466; x_wconf 89' lang='lat' dir='ltr'>etiam</span> <span class='ocrx_word' id='word_1_54' title='bbox 554 1394 758 1466; x_wconf 83' lang='lat' dir='ltr'>documentis</span> <span class='ocrx_word' id='word_1_55' title='bbox 783 1396 988 1465; x_wconf 77' lang='lat' dir='ltr'>mendacium</span> <span class='ocrx_word' id='word_1_56' title='bbox 1017 1395 1098 1465; x_wconf 93' lang='lat' dir='ltr'>illud</span> <span class='ocrx_word' id='word_1_57' title='bbox 1124 1396 1277 1488; x_wconf 85' lang='lat' dir='ltr'>explode·</span> <span class='ocrx_word' id='word_1_58' title='bbox 1344 1389 1348 1397; x_wconf 76' lang='grc'><strong>’</strong></span> 
     </span>
     <span class='ocr_line' id='line_1_10' title="bbox 161 1527 249 1574; baseline -0.011 -1"><span class='ocrx_word' id='word_1_59' title='bbox 161 1527 249 1574; x_wconf 86' lang='lat' dir='ltr'>mue.</span> 
     </span>
    </p>

    <p class='ocr_par' dir='ltr' id='par_1_5' title="bbox 153 1611 1283 2464">
     <span class='ocr_line' id='line_1_11' title="bbox 210 1611 1277 1704; baseline 0.002 -26"><span class='ocrx_word' id='word_1_60' title='bbox 210 1617 242 1678; x_wconf 82' lang='grc' dir='ltr'>1ο</span> <span class='ocrx_word' id='word_1_61' title='bbox 254 1613 378 1682; x_wconf 91' lang='lat' dir='ltr'>Asserit</span> <span class='ocrx_word' id='word_1_62' title='bbox 390 1612 431 1680; x_wconf 88' lang='lat' dir='ltr'>ab</span> <span class='ocrx_word' id='word_1_63' title='bbox 447 1611 612 1680; x_wconf 87' lang='lat' dir='ltr'>Hadriano</span> <span class='ocrx_word' id='word_1_64' title='bbox 623 1613 669 1682; x_wconf 87' lang='lat' dir='ltr'>lll</span> <span class='ocrx_word' id='word_1_65' title='bbox 681 1611 842 1680; x_wconf 90' lang='lat' dir='ltr'>adhibitas</span> <span class='ocrx_word' id='word_1_66' title='bbox 856 1611 954 1681; x_wconf 88' lang='lat' dir='ltr'>luisse</span> <span class='ocrx_word' id='word_1_67' title='bbox 962 1635 1075 1704; x_wconf 81' lang='lat' dir='ltr'>preces</span> <span class='ocrx_word' id='word_1_68' title='bbox 1088 1611 1277 1681; x_wconf 65' lang='lat' dir='ltr'>dumtaxat.</span> 
     </span>
     <span class='ocr_line' id='line_1_12' title="bbox 160 1719 1280 1811; baseline 0 -23"><span class='ocrx_word' id='word_1_69' title='bbox 160 1721 268 1804; x_wconf 87' lang='lat' dir='ltr'>Quam</span> <span class='ocrx_word' id='word_1_70' title='bbox 288 1727 400 1811; x_wconf 89' lang='lat' dir='ltr'>aperto</span> <span class='ocrx_word' id='word_1_71' title='bbox 422 1719 603 1806; x_wconf 88' lang='lat' dir='ltr'>mendacio,</span> <span class='ocrx_word' id='word_1_72' title='bbox 626 1719 797 1788; x_wconf 87' lang='lat' dir='ltr'>concludat</span> <span class='ocrx_word' id='word_1_73' title='bbox 821 1720 921 1788; x_wconf 90' lang='lat' dir='ltr'>lactor</span> <span class='ocrx_word' id='word_1_74' title='bbox 941 1741 981 1788; x_wconf 86' lang='lat' dir='ltr'>ex</span> <span class='ocrx_word' id='word_1_75' title='bbox 1006 1719 1094 1788; x_wconf 89' lang='lat' dir='ltr'>illius</span> <span class='ocrx_word' id='word_1_76' title='bbox 1113 1719 1280 1788; x_wconf 83' lang='lat' dir='ltr'>Pontificis</span> 
     </span>
     <span class='ocr_line' id='line_1_13' title="bbox 159 1825 1281 1920; baseline 0.001 -24"><span class='ocrx_word' id='word_1_77' title='bbox 159 1829 296 1920; x_wconf 88' lang='lat' dir='ltr'>epistola</span> <span class='ocrx_word' id='word_1_78' title='bbox 311 1825 351 1895; x_wconf 88' lang='lat' dir='ltr'>ad</span> <span class='ocrx_word' id='word_1_79' title='bbox 369 1826 548 1918; x_wconf 88' lang='lat' dir='ltr'>capitulum</span> <span class='ocrx_word' id='word_1_80' title='bbox 570 1827 775 1895; x_wconf 87' lang='lat' dir='ltr'>Pariaiense:</span> <span class='ocrx_word' id='word_1_81' title='bbox 796 1827 1009 1896; x_wconf 82' lang='lat' dir='ltr'>Universituti</span> <span class='ocrx_word' id='word_1_82' title='bbox 1030 1839 1142 1897; x_wconf 71' lang='lat' dir='ltr'>vestre</span> <span class='ocrx_word' id='word_1_83' title='bbox 1156 1829 1281 1920; x_wconf 77' lang='lat' dir='ltr'>preci-</span> 
     </span>
     <span class='ocr_line' id='line_1_14' title="bbox 155 1935 1282 2031; baseline 0 -25"><span class='ocrx_word' id='word_1_84' title='bbox 155 1937 281 2029; x_wconf 84' lang='lat' dir='ltr'>piendo</span> <span class='ocrx_word' id='word_1_85' title='bbox 290 1961 354 2029; x_wconf 86' lang='lat' dir='ltr'>per</span> <span class='ocrx_word' id='word_1_86' title='bbox 366 1938 545 2029; x_wconf 83' lang='lat' dir='ltr'>apostolica</span> <span class='ocrx_word' id='word_1_87' title='bbox 559 1938 682 2029; x_wconf 67' lang='lat' dir='ltr'>scriptu</span> <span class='ocrx_word' id='word_1_88' title='bbox 698 1935 898 2006; x_wconf 82' lang='lat' dir='ltr'>mundamus</span> <span class='ocrx_word' id='word_1_89' title='bbox 914 1951 945 2006; x_wconf 88' lang='lat' dir='ltr'>ct</span> <span class='ocrx_word' id='word_1_90' title='bbox 961 1937 1152 2007; x_wconf 85' lang='lat' dir='ltr'>mandando</span> <span class='ocrx_word' id='word_1_91' title='bbox 1162 1939 1282 2031; x_wconf 76' lang='lat' dir='ltr'>presci-</span> 
     </span>
     <span class='ocr_line' id='line_1_15' title="bbox 153 2045 1276 2138; baseline 0.002 -26"><span class='ocrx_word' id='word_1_92' title='bbox 153 2046 282 2137; x_wconf 83' lang='lat' dir='ltr'>pimus,</span> <span class='ocrx_word' id='word_1_93' title='bbox 309 2057 469 2137; x_wconf 81' lang='lat' dir='ltr'>quatenns</span> <span class='ocrx_word' id='word_1_94' title='bbox 494 2045 754 2138; x_wconf 76' lang='lat' dir='ltr'>Prepesitnram</span> <span class='ocrx_word' id='word_1_95' title='bbox 781 2069 854 2137; x_wconf 75' lang='lat' dir='ltr'>que</span> <span class='ocrx_word' id='word_1_96' title='bbox 880 2046 914 2113; x_wconf 84' lang='lat' dir='ltr'>in</span> <span class='ocrx_word' id='word_1_97' title='bbox 937 2045 1116 2114; x_wconf 76' lang='lat' dir='ltr'>Pun&#39;siensi</span> <span class='ocrx_word' id='word_1_98' title='bbox 1136 2047 1276 2128; x_wconf 82' lang='lat' dir='ltr'>ecclesie,</span> 
     </span>
     <span class='ocr_line' id='line_1_16' title="bbox 159 2152 1280 2246; baseline 0.001 -25"><span class='ocrx_word' id='word_1_99' title='bbox 159 2167 194 2221; x_wconf 89' lang='lat' dir='ltr'>et</span> <span class='ocrx_word' id='word_1_100' title='bbox 213 2153 325 2222; x_wconf 89' lang='lat' dir='ltr'>domos</span> <span class='ocrx_word' id='word_1_101' title='bbox 344 2177 417 2245; x_wconf 75' lang='lat' dir='ltr'>quac</span> <span class='ocrx_word' id='word_1_102' title='bbox 437 2154 472 2222; x_wconf 82' lang='lat' dir='ltr'>in</span> <span class='ocrx_word' id='word_1_103' title='bbox 494 2155 637 2222; x_wconf 84' lang='lat' dir='ltr'>claustro</span> <span class='ocrx_word' id='word_1_104' title='bbox 661 2153 808 2246; x_wconf 81' lang='lat' dir='ltr'>ejusdem</span> <span class='ocrx_word' id='word_1_105' title='bbox 834 2154 969 2222; x_wconf 78' lang='lat' dir='ltr'>ecclesie</span> <span class='ocrx_word' id='word_1_106' title='bbox 995 2152 1108 2221; x_wconf 81' lang='lat' dir='ltr'>deliine</span> <span class='ocrx_word' id='word_1_107' title='bbox 1126 2153 1280 2243; x_wconf 61' lang='lat' dir='ltr'>primum</span> 
     </span>
     <span class='ocr_line' id='line_1_17' title="bbox 159 2263 1283 2353; baseline 0 -23"><span class='ocrx_word' id='word_1_108' title='bbox 159 2263 347 2331; x_wconf 83' lang='lat' dir='ltr'>vacaverint</span> <span class='ocrx_word' id='word_1_109' title='bbox 435 2263 465 2330; x_wconf 88' lang='lat' dir='ltr'>ei</span> <span class='ocrx_word' id='word_1_110' title='bbox 496 2263 639 2353; x_wconf 79' lang='lat' dir='ltr'>(Hugoni</span> <span class='ocrx_word' id='word_1_111' title='bbox 665 2263 877 2352; x_wconf 74' lang='lat' dir='ltr'>Cancellario)</span> <span class='ocrx_word' id='word_1_112' title='bbox 902 2263 994 2331; x_wconf 83' lang='lat' dir='ltr'>omni</span> <span class='ocrx_word' id='word_1_113' title='bbox 1021 2263 1225 2332; x_wconf 82' lang='lat' dir='ltr'>contentione</span> <span class='ocrx_word' id='word_1_114' title='bbox 1252 2276 1283 2330; x_wconf 90' lang='lat' dir='ltr'>et</span> 
     </span>
     <span class='ocr_line' id='line_1_18' title="bbox 159 2370 1280 2464; baseline 0 -24"><span class='ocrx_word' id='word_1_115' title='bbox 159 2371 384 2463; x_wconf 82' lang='lat' dir='ltr'>appellatione</span> <span class='ocrx_word' id='word_1_116' title='bbox 407 2371 546 2462; x_wconf 83' lang='lat' dir='ltr'>seposita</span> <span class='ocrx_word' id='word_1_117' title='bbox 571 2371 764 2440; x_wconf 85' lang='lat' dir='ltr'>concedatis.</span> <span class='ocrx_word' id='word_1_118' title='bbox 796 2370 911 2464; x_wconf 79' lang='lat' dir='ltr'>(Epist.</span> <span class='ocrx_word' id='word_1_119' title='bbox 940 2371 1163 2460; x_wconf 72' lang='lat' dir='ltr'>nt‚t10nci1ia</span> <span class='ocrx_word' id='word_1_120' title='bbox 1191 2371 1280 2440; x_wconf 88' lang='lat' dir='ltr'>llar—</span> 
     </span>
    </p>

    <p class='ocr_par' dir='ltr' id='par_1_6' title="bbox 137 2479 1281 3003">
     <span class='ocr_line' id='line_1_19' title="bbox 137 2479 1281 2571; baseline 0.004 -28"><span class='ocrx_word' id='word_1_121' title='bbox 137 2479 267 2564; x_wconf 91' lang='lat' dir='ltr'>.duini‚</span> <span class='ocrx_word' id='word_1_122' title='bbox 293 2489 317 2546; x_wconf 93' lang='lat' dir='ltr'>t.</span> <span class='ocrx_word' id='word_1_123' title='bbox 340 2479 398 2568; x_wconf 89' lang='lat' dir='ltr'>Vl,</span> <span class='ocrx_word' id='word_1_124' title='bbox 423 2491 512 2571; x_wconf 88' lang='lat' dir='ltr'>parte</span> <span class='ocrx_word' id='word_1_125' title='bbox 537 2483 569 2567; x_wconf 87' lang='lat'>2,</span> <span class='ocrx_word' id='word_1_126' title='bbox 594 2481 655 2550; x_wconf 89' lang='lat' dir='ltr'>col.</span> <span class='ocrx_word' id='word_1_127' title='bbox 684 2483 792 2571; x_wconf 79' lang='lat'><strong>135¹.)</strong></span> <span class='ocrx_word' id='word_1_128' title='bbox 818 2479 903 2550; x_wconf 90' lang='lat' dir='ltr'>Cum</span> <span class='ocrx_word' id='word_1_129' title='bbox 930 2480 1110 2549; x_wconf 86' lang='lat' dir='ltr'>Fehronius</span> <span class='ocrx_word' id='word_1_130' title='bbox 1135 2481 1281 2548; x_wconf 82' lang='lat' dir='ltr'>citaverit</span> 
     </span>
     <span class='ocr_line' id='line_1_20' title="bbox 157 2587 1278 2684; baseline 0.001 -29"><span class='ocrx_word' id='word_1_131' title='bbox 157 2587 400 2680; x_wconf 66' lang='lat' dir='ltr'>precedentem</span> <span class='ocrx_word' id='word_1_132' title='bbox 416 2589 597 2680; x_wconf 85' lang='lat' dir='ltr'>epistolam,</span> <span class='ocrx_word' id='word_1_133' title='bbox 613 2590 647 2656; x_wconf 94' lang='lat' dir='ltr'>in</span> <span class='ocrx_word' id='word_1_134' title='bbox 661 2613 726 2684; x_wconf 90' lang='lat' dir='ltr'>qua</span> <span class='ocrx_word' id='word_1_135' title='bbox 743 2613 852 2682; x_wconf 86' lang='lat' dir='ltr'>preces</span> <span class='ocrx_word' id='word_1_136' title='bbox 868 2596 997 2682; x_wconf 81' lang='lat' dir='ltr'>tantum</span> <span class='ocrx_word' id='word_1_137' title='bbox 1008 2589 1205 2658; x_wconf 88' lang='lat' dir='ltr'>adhibentur</span> <span class='ocrx_word' id='word_1_138' title='bbox 1221 2590 1278 2678; x_wconf 82' lang='lat' dir='ltr'>(l),</span> 
     </span>
     <span class='ocr_line' id='line_1_21' title="bbox 158 2697 1280 2792; baseline 0.004 -28"><span class='ocrx_word' id='word_1_139' title='bbox 158 2719 220 2764; x_wconf 89' lang='lat' dir='ltr'>cur</span> <span class='ocrx_word' id='word_1_140' title='bbox 243 2719 310 2765; x_wconf 92' lang='lat' dir='ltr'>non</span> <span class='ocrx_word' id='word_1_141' title='bbox 339 2697 449 2765; x_wconf 86' lang='lat' dir='ltr'>citavit</span> <span class='ocrx_word' id='word_1_142' title='bbox 479 2704 667 2790; x_wconf 87' lang='lat' dir='ltr'>sequentem</span> <span class='ocrx_word' id='word_1_143' title='bbox 699 2697 732 2765; x_wconf 88' lang='lat' dir='ltr'>in</span> <span class='ocrx_word' id='word_1_144' title='bbox 758 2721 823 2791; x_wconf 89' lang='lat' dir='ltr'>qua</span> <span class='ocrx_word' id='word_1_145' title='bbox 854 2707 919 2766; x_wconf 89' lang='lat' dir='ltr'>tam</span> <span class='ocrx_word' id='word_1_146' title='bbox 947 2707 1056 2792; x_wconf 90' lang='lat' dir='ltr'>aperte</span> <span class='ocrx_word' id='word_1_147' title='bbox 1085 2701 1280 2792; x_wconf 79' lang='lat' dir='ltr'>praeceptiva</span> 
     </span>
     <span class='ocr_line' id='line_1_22' title="bbox 159 2804 1277 2901; baseline 0.005 -31"><span class='ocrx_word' id='word_1_148' title='bbox 159 2804 270 2873; x_wconf 80' lang='lat' dir='ltr'>forma</span> <span class='ocrx_word' id='word_1_149' title='bbox 296 2804 459 2873; x_wconf 82' lang='lat' dir='ltr'>accurrit?</span> <span class='ocrx_word' id='word_1_150' title='bbox 486 2805 675 2873; x_wconf 78' lang='lat' dir='ltr'>Praesertim</span> <span class='ocrx_word' id='word_1_151' title='bbox 702 2828 778 2872; x_wconf 92' lang='lat' dir='ltr'>cum</span> <span class='ocrx_word' id='word_1_152' title='bbox 804 2805 1053 2892; x_wconf 72' lang='lat' dir='ltr'>thomassinus,</span> <span class='ocrx_word' id='word_1_153' title='bbox 1083 2831 1182 2901; x_wconf 90' lang='lat' dir='ltr'>quem</span> <span class='ocrx_word' id='word_1_154' title='bbox 1205 2813 1277 2876; x_wconf 95' lang='lat' dir='ltr'>&#39;tam</span> 
     </span>
     <span class='ocr_line' id='line_1_23' title="bbox 158 2911 1220 3003; baseline 0.003 -24"><span class='ocrx_word' id='word_1_155' title='bbox 158 2913 348 3003; x_wconf 85' lang='lat' dir='ltr'>frequenter</span> <span class='ocrx_word' id='word_1_156' title='bbox 362 2912 542 2981; x_wconf 86' lang='lat' dir='ltr'>Febronius</span> <span class='ocrx_word' id='word_1_157' title='bbox 557 2912 687 3003; x_wconf 79' lang='lat' dir='ltr'>alleget,</span> <span class='ocrx_word' id='word_1_158' title='bbox 703 2911 817 2982; x_wconf 87' lang='lat' dir='ltr'>ambas</span> <span class='ocrx_word' id='word_1_159' title='bbox 831 2914 946 2982; x_wconf 90' lang='lat' dir='ltr'>eodem</span> <span class='ocrx_word' id='word_1_160' title='bbox 962 2915 1032 2984; x_wconf 90' lang='lat' dir='ltr'>loco</span> <span class='ocrx_word' id='word_1_161' title='bbox 1048 2916 1220 2985; x_wconf 74' lang='lat' dir='ltr'>exhibeat?</span> 
     </span>
    </p>

    <p class='ocr_par' dir='ltr' id='par_1_7' title="bbox 157 3018 1280 3870">
     <span class='ocr_line' id='line_1_24' title="bbox 206 3018 1279 3117; baseline 0.008 -33"><span class='ocrx_word' id='word_1_162' title='bbox 206 3024 241 3084; x_wconf 79' lang='grc' dir='ltr'>2ο</span> <span class='ocrx_word' id='word_1_163' title='bbox 256 3018 357 3086; x_wconf 84' lang='lat' dir='ltr'>Addit</span> <span class='ocrx_word' id='word_1_164' title='bbox 377 3029 487 3111; x_wconf 89' lang='lat' dir='ltr'>postea</span> <span class='ocrx_word' id='word_1_165' title='bbox 512 3019 731 3090; x_wconf 86' lang='lat' dir='ltr'>heterodoxus</span> <span class='ocrx_word' id='word_1_166' title='bbox 750 3022 789 3090; x_wconf 88' lang='lat' dir='ltr'>de</span> <span class='ocrx_word' id='word_1_167' title='bbox 810 3022 1001 3110; x_wconf 86' lang='lat' dir='ltr'>Houtheim,</span> <span class='ocrx_word' id='word_1_168' title='bbox 1019 3047 1083 3092; x_wconf 91' lang='lat' dir='ltr'>non</span> <span class='ocrx_word' id='word_1_169' title='bbox 1108 3025 1279 3117; x_wconf 82' lang='lat' dir='ltr'>profecisse</span> 
     </span>
     <span class='ocr_line' id='line_1_25' title="bbox 160 3125 1278 3225; baseline 0.004 -29"><span class='ocrx_word' id='word_1_170' title='bbox 160 3125 317 3196; x_wconf 89' lang='lat' dir='ltr'>mandata</span> <span class='ocrx_word' id='word_1_171' title='bbox 344 3128 385 3194; x_wconf 90' lang='lat' dir='ltr'>ab</span> <span class='ocrx_word' id='word_1_172' title='bbox 415 3127 601 3197; x_wconf 88' lang='lat' dir='ltr'>Alexandro</span> <span class='ocrx_word' id='word_1_173' title='bbox 629 3129 687 3216; x_wconf 90' lang='lat' dir='ltr'>lll,</span> <span class='ocrx_word' id='word_1_174' title='bbox 714 3129 874 3198; x_wconf 87' lang='lat' dir='ltr'>Hadriani</span> <span class='ocrx_word' id='word_1_175' title='bbox 906 3153 1101 3219; x_wconf 87' lang='lat' dir='ltr'>successore,</span> <span class='ocrx_word' id='word_1_176' title='bbox 1129 3134 1278 3225; x_wconf 89' lang='lat' dir='ltr'>precibus</span> 
     </span>
     <span class='ocr_line' id='line_1_26' title="bbox 157 3235 1280 3333; baseline 0.005 -30"><span class='ocrx_word' id='word_1_177' title='bbox 157 3235 291 3316; x_wconf 81' lang='lat' dir='ltr'>addita3</span> <span class='ocrx_word' id='word_1_178' title='bbox 309 3257 366 3303; x_wconf 90' lang='lat' dir='ltr'>nec</span> <span class='ocrx_word' id='word_1_179' title='bbox 387 3237 584 3328; x_wconf 77' lang='lat' dir='ltr'>persuasisse</span> <span class='ocrx_word' id='word_1_180' title='bbox 608 3237 704 3307; x_wconf 89' lang='lat' dir='ltr'>talem</span> <span class='ocrx_word' id='word_1_181' title='bbox 730 3237 833 3306; x_wconf 84' lang='lat' dir='ltr'>inesse</span> <span class='ocrx_word' id='word_1_182' title='bbox 855 3238 1013 3307; x_wconf 75' lang='lat' dir='ltr'>Romanae</span> <span class='ocrx_word' id='word_1_183' title='bbox 1038 3239 1115 3309; x_wconf 90' lang='lat' dir='ltr'>Sedi</span> <span class='ocrx_word' id='word_1_184' title='bbox 1139 3251 1280 3333; x_wconf 88' lang='lat' dir='ltr'>potesta-</span> 
     </span>
     <span class='ocr_line' id='line_1_27' title="bbox 158 3344 1278 3438; baseline 0.005 -25"><span class='ocrx_word' id='word_1_185' title='bbox 158 3355 240 3413; x_wconf 90' lang='lat' dir='ltr'>tem.</span> <span class='ocrx_word' id='word_1_186' title='bbox 258 3345 299 3412; x_wconf 88' lang='lat' dir='ltr'>Et</span> <span class='ocrx_word' id='word_1_187' title='bbox 313 3344 374 3413; x_wconf 91' lang='lat' dir='ltr'>hoc</span> <span class='ocrx_word' id='word_1_188' title='bbox 388 3345 596 3414; x_wconf 90' lang='lat' dir='ltr'>mendacium</span> <span class='ocrx_word' id='word_1_189' title='bbox 612 3355 669 3413; x_wconf 91' lang='lat' dir='ltr'>est.</span> <span class='ocrx_word' id='word_1_190' title='bbox 688 3345 858 3438; x_wconf 83' lang='lat' dir='ltr'>Tanquam</span> <span class='ocrx_word' id='word_1_191' title='bbox 876 3355 997 3414; x_wconf 88' lang='lat' dir='ltr'>certam</span> <span class='ocrx_word' id='word_1_192' title='bbox 1020 3347 1164 3415; x_wconf 86' lang='lat' dir='ltr'>habitam</span> <span class='ocrx_word' id='word_1_193' title='bbox 1179 3348 1278 3419; x_wconf 83' lang='lat' dir='ltr'>luisse</span> 
     </span>
     <span class='ocr_line' id='line_1_28' title="bbox 158 3453 1277 3547; baseline 0.001 -25"><span class='ocrx_word' id='word_1_194' title='bbox 158 3454 252 3523; x_wconf 88' lang='lat' dir='ltr'>illam</span> <span class='ocrx_word' id='word_1_195' title='bbox 268 3453 409 3522; x_wconf 87' lang='lat' dir='ltr'>Romani</span> <span class='ocrx_word' id='word_1_196' title='bbox 423 3453 591 3522; x_wconf 89' lang='lat' dir='ltr'>Pontificis</span> <span class='ocrx_word' id='word_1_197' title='bbox 603 3454 637 3522; x_wconf 91' lang='lat' dir='ltr'>in</span> <span class='ocrx_word' id='word_1_198' title='bbox 651 3453 809 3522; x_wconf 87' lang='lat' dir='ltr'>beneficia</span> <span class='ocrx_word' id='word_1_199' title='bbox 824 3462 1026 3547; x_wconf 84' lang='lat' dir='ltr'>potestatem,</span> <span class='ocrx_word' id='word_1_200' title='bbox 1042 3456 1222 3524; x_wconf 82' lang='lat' dir='ltr'>Alexandri</span> <span class='ocrx_word' id='word_1_201' title='bbox 1234 3457 1277 3524; x_wconf 95' lang='lat' dir='ltr'>lll</span> 
     </span>
     <span class='ocr_line' id='line_1_29' title="bbox 157 3560 1278 3652; baseline 0.001 -22"><span class='ocrx_word' id='word_1_202' title='bbox 157 3572 316 3652; x_wconf 84' lang='lat' dir='ltr'>tempore,</span> <span class='ocrx_word' id='word_1_203' title='bbox 334 3569 490 3629; x_wconf 89' lang='lat' dir='ltr'>testantur</span> <span class='ocrx_word' id='word_1_204' title='bbox 509 3560 608 3651; x_wconf 84' lang='lat' dir='ltr'>hujus</span> <span class='ocrx_word' id='word_1_205' title='bbox 630 3562 692 3629; x_wconf 80' lang='lat' dir='ltr'>aevi</span> <span class='ocrx_word' id='word_1_206' title='bbox 714 3570 940 3631; x_wconf 89' lang='lat' dir='ltr'>monumenta.</span> <span class='ocrx_word' id='word_1_207' title='bbox 965 3563 1051 3632; x_wconf 86' lang='lat' dir='ltr'>Satis</span> <span class='ocrx_word' id='word_1_208' title='bbox 1074 3564 1115 3631; x_wconf 95' lang='lat' dir='ltr'>sit</span> <span class='ocrx_word' id='word_1_209' title='bbox 1137 3563 1177 3631; x_wconf 86' lang='lat' dir='ltr'>ad</span> <span class='ocrx_word' id='word_1_210' title='bbox 1200 3563 1278 3632; x_wconf 86' lang='lat' dir='ltr'>Ste-</span> 
     </span>
     <span class='ocr_line' id='line_1_30' title="bbox 158 3668 1276 3763; baseline 0.002 -25"><span class='ocrx_word' id='word_1_211' title='bbox 158 3670 262 3763; x_wconf 89' lang='lat' dir='ltr'>phani</span> <span class='ocrx_word' id='word_1_212' title='bbox 285 3669 498 3738; x_wconf 88' lang='lat' dir='ltr'>Tornacensis</span> <span class='ocrx_word' id='word_1_213' title='bbox 520 3668 669 3761; x_wconf 84' lang='lat' dir='ltr'>Episcopi</span> <span class='ocrx_word' id='word_1_214' title='bbox 694 3670 844 3761; x_wconf 84' lang='lat' dir='ltr'>epistolas</span> <span class='ocrx_word' id='word_1_215' title='bbox 868 3670 1041 3762; x_wconf 91' lang='lat' dir='ltr'>appellare.</span> <span class='ocrx_word' id='word_1_216' title='bbox 1064 3669 1276 3740; x_wconf 86' lang='lat' dir='ltr'>Mandaverat</span> 
     </span>
     <span class='ocr_line' id='line_1_31' title="bbox 157 3777 1277 3870; baseline 0 -22"><span class='ocrx_word' id='word_1_217' title='bbox 157 3777 347 3849; x_wconf 83' lang='lat' dir='ltr'>Alexander</span> <span class='ocrx_word' id='word_1_218' title='bbox 364 3779 409 3846; x_wconf 91' lang='lat' dir='ltr'>Ill</span> <span class='ocrx_word' id='word_1_219' title='bbox 428 3777 626 3846; x_wconf 88' lang='lat' dir='ltr'>beneficium</span> <span class='ocrx_word' id='word_1_220' title='bbox 649 3777 829 3870; x_wconf 87' lang='lat' dir='ltr'>quoddam,</span> <span class='ocrx_word' id='word_1_221' title='bbox 845 3778 940 3868; x_wconf 89' lang='lat' dir='ltr'>cujus</span> <span class='ocrx_word' id='word_1_222' title='bbox 958 3777 1127 3848; x_wconf 88' lang='lat' dir='ltr'>ordinaria</span> <span class='ocrx_word' id='word_1_223' title='bbox 1149 3779 1277 3848; x_wconf 89' lang='lat' dir='ltr'>collatio</span> 
     </span>
    </p>
   </div>
   <div class='ocr_carea' id='block_1_3' title="bbox 158 4080 1276 4308">
    <p class='ocr_par' dir='ltr' id='par_1_8' title="bbox 158 4080 1276 4308">
     <span class='ocr_line' id='line_1_32' title="bbox 190 4080 1276 4162; baseline 0.004 -32"><span class='ocrx_word' id='word_1_224' title='bbox 190 4083 222 4138; x_wconf 80' lang='lat' dir='ltr'>(t)</span> <span class='ocrx_word' id='word_1_225' title='bbox 240 4080 383 4130; x_wconf 84' lang='lat' dir='ltr'>Verisimile</span> <span class='ocrx_word' id='word_1_226' title='bbox 399 4085 433 4130; x_wconf 77' lang='lat' dir='ltr'>est</span> <span class='ocrx_word' id='word_1_227' title='bbox 454 4083 486 4132; x_wconf 81' lang='lat' dir='ltr'>ab</span> <span class='ocrx_word' id='word_1_228' title='bbox 508 4081 638 4132; x_wconf 84' lang='lat' dir='ltr'>Hadriano</span> <span class='ocrx_word' id='word_1_229' title='bbox 650 4081 677 4131; x_wconf 82' lang='lat' dir='ltr'>ln</span> <span class='ocrx_word' id='word_1_230' title='bbox 689 4080 738 4130; x_wconf 86' lang='lat' dir='ltr'>hac</span> <span class='ocrx_word' id='word_1_231' title='bbox 752 4082 785 4131; x_wconf 90' lang='lat' dir='ltr'>ad</span> <span class='ocrx_word' id='word_1_232' title='bbox 799 4083 956 4162; x_wconf 85' lang='lat' dir='ltr'>Episcopum</span> <span class='ocrx_word' id='word_1_233' title='bbox 974 4083 1144 4135; x_wconf 72' lang='lat' dir='ltr'>varisiensem</span> <span class='ocrx_word' id='word_1_234' title='bbox 1158 4085 1276 4148; x_wconf 75' lang='lat' dir='ltr'>epistota.</span> 
     </span>
     <span class='ocr_line' id='line_1_33' title="bbox 158 4162 1276 4232; baseline 0.004 -20"><span class='ocrx_word' id='word_1_235' title='bbox 158 4177 250 4227; x_wconf 81' lang='lat' dir='ltr'>preces</span> <span class='ocrx_word' id='word_1_236' title='bbox 268 4167 368 4213; x_wconf 87' lang='lat' dir='ltr'>tantum</span> <span class='ocrx_word' id='word_1_237' title='bbox 386 4163 512 4214; x_wconf 82' lang='lat' dir='ltr'>adhibitas</span> <span class='ocrx_word' id='word_1_238' title='bbox 531 4162 619 4224; x_wconf 75' lang='lat' dir='ltr'>livisse,</span> <span class='ocrx_word' id='word_1_239' title='bbox 632 4163 759 4214; x_wconf 85' lang='lat' dir='ltr'>comitatis</span> <span class='ocrx_word' id='word_1_240' title='bbox 780 4168 806 4213; x_wconf 86' lang='lat' dir='ltr'>et</span> <span class='ocrx_word' id='word_1_241' title='bbox 823 4163 930 4216; x_wconf 85' lang='lat' dir='ltr'>honoris</span> <span class='ocrx_word' id='word_1_242' title='bbox 951 4166 1043 4231; x_wconf 74' lang='lat' dir='ltr'>gratia,</span> <span class='ocrx_word' id='word_1_243' title='bbox 1057 4170 1083 4217; x_wconf 91' lang='lat' dir='ltr'>et</span> <span class='ocrx_word' id='word_1_244' title='bbox 1101 4165 1161 4232; x_wconf 87' lang='lat' dir='ltr'>quia</span> <span class='ocrx_word' id='word_1_245' title='bbox 1179 4167 1276 4217; x_wconf 79' lang='lat' dir='ltr'>sciebat</span> 
     </span>
     <span class='ocr_line' id='line_1_34' title="bbox 159 4241 394 4308; baseline 0 -14"><span class='ocrx_word' id='word_1_246' title='bbox 159 4258 252 4308; x_wconf 82' lang='lat' dir='ltr'>preces</span> <span class='ocrx_word' id='word_1_247' title='bbox 268 4241 394 4294; x_wconf 77' lang='lat' dir='ltr'>sulficere.</span> 
     </span>
    </p>
   </div>
   <div class='ocr_carea' id='block_1_4' title="bbox 0 0 1538 4948">
    <p class='ocr_par' dir='ltr' id='par_1_9' title="bbox 0 0 1538 4948">
     <span class='ocr_line' id='line_1_35' title="bbox 0 0 1538 4948; baseline 0 0"><span class='ocrx_word' id='word_1_248' title='bbox 0 0 1538 4948; x_wconf 95' lang='lat' dir='ltr'> </span> 
     </span>
    </p>
   </div>
  </div>
 </body>
</html>
