3022 4950
316 511 356 576 ot
669 531 845 579 reserares
868 533 906 578 ns
927 531 1081 578 ramnrus

317 700 335 738 a
357 672 496 763 peritur,
509 693 585 741 cum
599 694 729 764 semper
751 682 878 742 maneat
900 673 1033 742 nullitae
1059 671 1159 758 tituli,
1174 679 1206 738 et
1229 667 1433 762 inequalitas

316 806 334 844 α
357 780 443 850 inter
457 780 617 850 detumet
630 789 811 874 acceptum.

362 915 379 956 c
402 891 459 958 Ee
469 911 534 981 quo
545 889 703 980 oquitur,
721 888 749 957 ei
766 888 981 983 prohibeatur
990 889 1066 982 jure
1079 887 1220 958 naturali
1242 886 1361 979 uliquis
1373 908 1434 954 ae-

317 1025 335 1066 «
358 1008 428 1086 tus,
448 998 505 1068 aed
520 998 566 1068 ita
581 1008 617 1068 ut
633 1021 692 1068 nec
706 999 748 1068 sit
764 998 901 1070 illicitus
914 999 957 1068 ob
972 997 1211 1092 turpitudinem
1224 996 1434 1066 intrinsecam

316 1133 334 1172 o
357 1115 571 1199 perpetuam,
595 1129 655 1175 nec
677 1105 805 1176 deficiat
827 1107 861 1176 in
886 1107 1006 1176 valoris
1033 1105 1194 1199 principio
1208 1103 1433 1190 substantiali,

315 1241 333 1280 u
357 1213 454 1283 talem
480 1223 590 1284 actum
609 1213 724 1284 eodem
744 1215 820 1307 jure
845 1213 986 1283 naturali
1001 1237 1152 1284 nonense
1171 1213 1315 1282 irritum.
1336 1212 1435 1281 Ratio

312 1349 331 1388 a
352 1331 401 1392 est
420 1322 511 1414 qnia,
536 1321 704 1414 supposita
728 1329 884 1413 potestate
910 1322 1050 1412 agentis,
1071 1320 1245 1414 capacitate
1271 1319 1433 1406 materiae,

312 1457 329 1494 a
352 1430 510 1500 desitione
525 1428 739 1521 turpitudinis
761 1439 794 1501 et
815 1427 1022 1518 indecentiae,
1037 1436 1239 1498 concurrunt
1250 1428 1360 1497 omnia
1374 1449 1435 1496 re-

311 1564 331 1603 «
353 1536 475 1630 quisita
489 1535 531 1606 nd
547 1536 762 1606 substantiam
778 1545 884 1622 actus,
900 1537 1052 1629 quamvis
1066 1536 1122 1606 ille
1146 1537 1188 1604 ait
1201 1533 1337 1606 aliunde
1352 1555 1435 1626 pro·

312 1671 329 1710 ι
352 1643 487 1714 hibitus.
505 1643 595 1734 Ergo
620 1643 693 1712 talia
716 1651 808 1712 actus
823 1643 957 1712 illicitos
971 1643 1108 1736 quidem
1132 1643 1210 1730 erit,
1232 1665 1298 1712 non
1321 1649 1434 1710 tamen

313 1781 331 1822 c
353 1750 530 1822 invalidus.
551 1752 626 1842 (Hic
633 1763 709 1844 post
723 1750 861 1843 aliquod
871 1750 911 1820 de
923 1750 1139 1820 matrimomo
1152 1751 1339 1842 enernplum
1354 1751 1434 1820 sub-

311 1889 330 1929 o
348 1861 426 1954 jicit
442 1873 559 1930 auctor
576 1865 599 1951 ε)
616 1863 698 1930 ltem
714 1860 859 1931 venditio
879 1861 1022 1932 secunda
1036 1870 1108 1954 post
1123 1861 1263 1953 primum
1278 1860 1348 1929 sine
1363 1869 1434 1928 tra·

313 1999 332 2040 c
353 1971 478 2042 ditione
498 1973 632 2062 iactam,
654 1974 681 2040 si
709 1995 761 2042 res
782 1972 915 2044 vendita
940 1971 1084 2042 secundo
1108 1971 1248 2064 emptori
1268 1969 1431 2058 tradatur,

313 2107 331 2146 c
354 2080 439 2150 ruet
455 2083 553 2173 3qnia
565 2105 665 2174 penes
680 2082 883 2154 venditorem
895 2081 951 2151 tali
967 2105 1045 2151 essu
1059 2081 1217 2151 remansit
1231 2080 1430 2166 dominium,

313 2215 330 2253 c
355 2187 500 2280 adeoque
515 2191 612 2258 etiam
632 2197 773 2281 potestas
796 2191 917 2260 iterum
943 2188 1108 2260 vendendi
1130 2197 1162 2259 et
1184 2187 1428 2257 transterendi:

312 2325 330 2363 c
352 2305 451 2390 etque
466 2299 601 2391 insuper
616 2298 789 2370 traditione
802 2300 887 2370 lecte
905 2299 1067 2369 secundus
1082 2307 1211 2392 emptor
1223 2299 1258 2366 in
1273 2319 1308 2366 re
1321 2301 1431 2388 empta
1493 2335 1494 2350 κ

311 2431 328 2469 κ
350 2407 439 2475 etita
452 2406 573 2476 trudito
584 2407 714 2498 justum
732 2408 863 2480 titulum
878 2407 987 2477 habet.
1002 2434 1019 2474 o

754 2862 898 2933 CAPUT
927 2861 985 2931 tv.

650 3103 688 3149 un
709 3102 785 3148 tuna
807 3101 947 3148 rosmvo
971 3101 1089 3148 mutuo·

248 3353 250 3360 ’
361 3381 390 3448 r.
406 3377 466 3447 rus
480 3376 632 3446 aronam
646 3375 823 3467 positivum
837 3385 886 3446 est
906 3377 988 3446 iuna
1004 3377 1091 3470 quoa
1113 3377 1201 3446 oeus
1217 3377 1267 3447 vn
1282 3377 1432 3447 christos

203 3527 204 3530 =
313 3486 415 3554 libere
430 3483 609 3554 constituit.
636 3481 751 3552 lliffert
775 3482 912 3575 proinde
937 3485 1051 3576 ejure
1072 3484 1213 3554 naturali
1239 3508 1297 3554 sen
1318 3484 1432 3554 divino

314 3593 489 3664 essentiali.
515 3581 576 3662 loa
601 3592 689 3660 enim
717 3591 863 3662 naturale
895 3615 960 3662 non
985 3593 1099 3681 dhare,
1125 3594 1180 3662 sed
1208 3595 1434 3664 necessarios

315 3705 382 3774 Deo
404 3702 616 3773 constituitur
637 3712 670 3772 et
691 3704 885 3796 imponitur.
910 3703 995 3774 Hinc
1020 3705 1117 3774 etiam
1145 3713 1232 3798 patet
1258 3704 1433 3775 discrimen
1488 3789 1489 3792 Ἴ

316 3812 486 3904 utriusque
505 3810 591 3903 juris
614 3810 721 3904 quoad
748 3811 1075 3905 promulgationem:
1101 3812 1143 3883 ad
1169 3815 1327 3884 naturalis
1345 3815 1434 3884 enim
1488 3813 1489 3864 ἶ

311 3919 400 4010 juris
423 3917 717 4012 promulgationem
739 3920 862 3990 sufficit
888 3921 1035 3992 naturale
1058 3922 1197 3992 rationis
1218 3923 1357 3992 lumen:
1378 3922 1434 4013 jus

315 4035 424 4096 autem
447 4025 602 4095 divinum
626 4026 803 4117 positivum
830 4050 896 4097 non
922 4037 1026 4120 potest
1051 4029 1113 4099 hoc
1140 4029 1249 4100 medio
1272 4031 1430 4121 dignosci.

312 4135 397 4204 Cum
410 4135 499 4204 enim
514 4133 710 4203 occidentale
724 4135 778 4223 sit,
794 4144 825 4203 et
839 4138 981 4227 potuerit
994 4160 1060 4208 non
1075 4138 1243 4227 constitui,
1261 4139 1324 4207 nisi
1343 4138 1430 4208 Dens

313 4240 396 4312 illud
412 4242 481 4314 sive
505 4263 564 4336 per
584 4265 636 4331 se,
653 4241 722 4312 sive
744 4265 803 4334 per
821 4242 987 4314 ministros
1009 4244 1161 4334 angelos,
1177 4245 1358 4337 apostolos,
1376 4255 1432 4314 eut
