3050 4946
568 553 651 601 toms
672 553 823 603 stromat.
1190 535 1251 602 tri

137 693 263 764 toritoti
286 693 504 783 incremente3
534 720 665 767 corroso
690 698 923 790 Episcoporum
947 706 977 766 et
1004 694 1251 791 provincialium

137 803 349 872 conciliorum
374 804 467 896 jure;
494 827 640 874 eversam
665 805 804 898 denique
834 814 866 874 et
893 805 1114 875 obnubilatam
1138 827 1253 876 ,reram

136 909 289 979 Ecclesiae
306 911 530 1004 disciplinam
548 921 644 1006 etque
663 913 740 981 inde
757 913 898 1004 querelis
918 922 950 982 et
968 913 1254 982 lamentationibus

136 1013 238 1110 opera
263 1041 324 1087 sua
350 1019 568 1112 impleverunt
596 1021 728 1112 Fleury,
754 1021 829 1090 Van
852 1019 973 1112 Espen,
1002 1021 1194 1108 Febronius,
1220 1019 1254 1086 id

135 1135 196 1212 est,
215 1125 395 1217 Episcopus
409 1124 450 1195 dc
466 1127 655 1216 Hontbeim,
672 1138 704 1196 et
717 1127 775 1196 alii
791 1129 968 1198 innumeri.

181 1231 263 1313 Qum
277 1255 377 1324 wem
391 1233 473 1302 falsa
488 1242 520 1303 et
533 1235 644 1305 inanis
658 1235 734 1322 sint,
752 1257 839 1304 nunc
853 1245 902 1304 est
920 1226 1189 1327 patefaciendum.

666 1545 735 1636 §r

270 1763 447 1826 Qniaauctcr,
463 1775 515 1826 quo
531 1766 659 1826 tempore,
675 1765 702 1812 et
717 1775 795 1826 mem
811 1763 837 1812 in
854 1775 962 1828 scopum
978 1764 1121 1829 scripserit.

180 1987 204 2052 l.
233 1985 312 2067 Quis
334 1997 457 2053 auctor.
481 2023 525 2036 -
548 1984 657 2052 Codex
688 1983 864 2050 Vaticanus
891 1987 1020 2052 numeri
1048 1989 1124 2070 630,
1153 2009 1250 2077 quem

134 2097 260 2164 caeteris
282 2095 523 2186 praelerendum
551 2101 662 2184 utpote
684 2093 948 2184 antiquissimum
970 2096 1116 2164 omnium
1140 2099 1250 2165 existi-

134 2214 226 2272 mant
241 2205 409 2291 Bellerini,
428 2205 515 2272 hune
530 2205 626 2271 babet
639 2202 770 2270 titulum
789 2229 796 2268 :
818 2204 932 2294 Incipit
950 2206 1105 2296 prefatio
1130 2209 1167 2274 S.
1185 2208 1249 2275 Isi-

133 2313 210 2380 dori
228 2314 395 2404 Episcopi.
414 2311 557 2380 Isidorees
578 2314 752 2391 Mercator,
768 2332 876 2377 serem
900 2311 1025 2378 Christi
1044 2312 1157 2381 lectari
1175 2337 1249 2384 eon-

133 2443 225 2488 servo
239 2445 297 2489 sao
312 2434 343 2488 et
360 2422 498 2514 parenti
521 2421 557 2487 ire
581 2418 736 2499 Domino,
749 2417 830 2509 fidei
847 2419 998 2486 salutemi
1016 2419 1106 2489 ldem
1122 2425 1250 2494 Merea-

133 2530 215 2598 toris
235 2551 354 2598 nomen
376 2529 543 2598 invenitur
558 2528 593 2594 in
612 2527 720 2594 codiee
743 2525 931 2613 Perisiensi,
948 2536 979 2594 et
995 2527 1202 2620 Modenensi;
1219 2544 1250 2604 et

133 2637 196 2705 hoc
211 2639 307 2706 etium
331 2637 462 2704 nomine
482 2637 587 2703 utitur
602 2637 659 2703 lvo
679 2634 902 2703 Carnutensis.
922 2635 1017 2703 Unde
1035 2637 1145 2732 opinio
1160 2640 1249 2711 Petri

133 2744 175 2812 de
193 2745 314 2830 Merca,
330 2745 387 2836 qai
409 2743 584 2832 legendum
610 2750 703 2834 putet
722 2741 864 2810 Isidorus
886 2745 1041 2812 Peccator
1057 2755 1088 2812 et
1107 2769 1173 2816 non
1190 2751 1249 2816 Isi-

132 2851 233 2919 dorus
259 2855 432 2932 Mercator,
457 2851 566 2919 minus
591 2849 769 2942 probabilis
791 2857 850 2936 est,
872 2859 983 2942 utpote
1009 2854 1249 2946 antiquioribus

133 2959 298 3028 codicibus
319 2959 492 3028 contrarie.
515 2959 590 3028 Vox
613 2958 769 3049 Episcopi
789 2959 823 3026 in
849 2958 942 3027 titulo
964 2961 1061 3030 citato
1084 2975 1245 3053 contenta,

133 3067 223 3136 deest
238 3067 273 3134 in
286 3066 395 3134 codice
415 3065 616 3150 Modonensi,
635 3065 691 3133 ubi
714 3072 840 3132 mutum
862 3065 1007 3155 legitur:
1026 3069 1146 3162 Incipit
1161 3097 1251 3165 ρων.

128 3173 217 3264 satio
231 3175 338 3242 saneti
348 3172 468 3242 Isidori
481 3173 558 3241 libri
570 3174 683 3264 Itajus.
697 3173 745 3240 Ex
760 3173 947 3263 hujusmodi
962 3177 1064 3246 titulis
1077 3181 1251 3254 verisimile

132 3291 182 3349 cst
207 3291 314 3350 ortum
344 3281 496 3349 habuisse
520 3302 664 3374 errorem
695 3282 753 3371 qui
780 3281 1001 3352 collectionem
1027 3285 1112 3355 banc
1138 3300 1249 3361 saneto

132 3387 273 3476 Isidoro,
289 3388 475 3480 Hispalensi
490 3388 660 3479 Episcopo,
677 3388 768 3455 Initio
781 3388 939 3458 attribuit.
954 3393 1042 3460 luter
1057 3407 1250 3485 argumenta

133 3520 207 3588 qum
220 3506 307 3566 certo
319 3499 542 3566 demonstrant
551 3506 699 3565 sonetum
711 3497 871 3566 Isidorum
881 3498 1104 3592 Hispalenscm
1113 3507 1249 3578 minime

133 3603 233 3673 fuisse
249 3605 347 3695 bajus
362 3604 437 3672 libri
450 3614 628 3691 auctorem,
646 3627 748 3673 unum
764 3607 909 3696 prolerre
926 3608 1003 3675 setis
1018 3611 1062 3678 sit
1081 3639 1088 3680 :
1107 3615 1249 3687 continet

133 3712 277 3780 collectio
300 3712 471 3780 Toletanis
499 3712 685 3804 synodosa
714 3721 804 3780 sexte
831 3736 933 3803 usque
963 3716 1004 3784 sd
1028 3721 1247 3810 trigesimam

132 3842 237 3888 unum
253 3822 386 3912 insuper
398 3821 578 3890 Concilium
596 3820 809 3907 llsreerense3
828 3830 860 3889 et
875 3825 909 3890 in
924 3825 1113 3915 praefntione
1127 3835 1248 3904 mentio

132 3927 170 3995 fir
196 3929 237 3995 dc
264 3938 357 3997 sexto
384 3929 520 3996 coucilia
547 3929 746 3997 moumenico
775 3956 781 3996 :
811 3951 908 4020 porro
936 3949 1010 4002 ente
1037 3959 1151 4006 omnes
1177 3941 1250 4011 illes

130 4037 274 4126 synodos
288 4036 413 4103 obierat
432 4038 466 4105 S.
483 4037 627 4104 Isidorus
642 4037 863 4127 Hispalensis5
881 4061 960 4130 ergo
976 4065 1041 4111 non
1058 4049 1163 4135 potuit
1177 4049 1248 4120 illas

131 4143 283 4233 colligere
294 4152 351 4212 aut
365 4166 628 4212 commemorare.
644 4144 733 4233 Ergo
742 4145 866 4234 prima
880 4158 967 4216 certo
981 4151 1061 4220 false
1076 4165 1123 4222 est
1139 4159 1249 4248 opinio

132 4273 206 4346 quse
221 4260 370 4320 sonetum
384 4251 545 4322 Isidorum
568 4251 790 4342 Hispalensem
805 4253 903 4322 dictae
924 4257 1121 4330 collectionis
1136 4273 1248 4335 sucto-
