3064 4952
529 475 612 522 rucis
633 475 783 522 canorum
1156 452 1216 516 167

101 615 247 706 ejusdem
278 638 455 704 consanam
485 623 518 684 et
535 614 694 708 quidquid
724 615 818 684 aliter
831 613 887 700 fit,
911 613 1081 706 tyrannico
1100 613 1216 706 spiritu

102 725 137 793 lit
155 725 254 818 (apud
267 725 427 812 zaccaria,
446 724 574 794 dissert.
591 723 631 794 de
647 722 817 815 disciplina
832 722 961 812 eccles,
979 745 1012 815 p.
1030 724 1096 814 66).

145 837 179 900 2·
200 835 324 904 Eorum
349 834 408 927 qui
422 857 461 902 eo
487 841 616 902 tantum
630 853 719 920 casu,
735 854 801 923 quo
815 829 945 900 difficile
960 837 1008 900 est
1021 853 1218 924 congregare

101 941 274 1010 concilium
290 941 527 1012 oecumenicum
537 992 547 1028 ,
567 941 666 1033 Papae
685 938 867 1010 conccdcmt
888 937 1117 1008 accidentalem
1131 940 1219 1031 loges

101 1049 304 1142 proponendi
324 1049 524 1136 facultatem,
539 1071 607 1118 nou
620 1055 695 1117 ante
709 1055 818 1116 umen
831 1045 997 1136 obligandi
1011 1047 1081 1116 vim
1093 1047 1218 1118 haban-

100 1166 184 1243 tem,
213 1179 312 1248 quam
338 1179 498 1226 consensu
521 1155 688 1225 mmmuni
712 1161 849 1246 receptae
874 1153 1007 1222 fuerint.
1035 1154 1083 1224 lta
1102 1155 1217 1224 ultimo

100 1267 222 1337 seculo
231 1267 410 1360 Episcopus
421 1270 462 1336 de
473 1265 663 1352 Hontlreim,
677 1263 920 1357 Archiepiscopi
932 1262 1137 1334 Trevirenais
1147 1267 1216 1336 sut·

101 1375 296 1465 trcganecs;
326 1375 384 1468 qui
410 1374 444 1443 in
469 1397 543 1461 suo,
559 1372 621 1444 sub
635 1372 767 1444 nomine
782 1370 943 1453 Fedrcuie',
961 1372 1127 1442 venenatis
1141 1373 1219 1442 doc-

102 1486 197 1554 trinis
221 1485 432 1556 refertissimo
445 1508 556 1578 opere,
574 1485 609 1553 in
625 1483 696 1554 haec
720 1483 916 1552 haercticalic
935 1485 1036 1555 verba
1048 1507 1218 1581 erumpere

102 1619 201 1666 ausus
217 1600 510 1689 echonomum
519 1619 618 1690 pertas
629 1617 797 1664 summum
807 1595 1000 1688 Pontificem
1010 1597 1116 1666 solum
1125 1599 1220 1690 lepis-

100 1703 224 1772 latorc‘a
249 1717 392 1796 potestas
413 1717 556 1796 respectu
579 1703 730 1773 Ecclesiae
758 1703 950 1772 autumatis
972 1728 1036 1773 reon
1065 1707 1215 1789 resideat,

101 1813 316 1882 nihilominus
339 1813 407 1906 ἰρεε
420 1813 456 1881 iu
467 1811 771 1903 ccupreqandorum
785 1811 987 1903 generalium
1008 1815 1217 1884 cormiliorum

101 1920 295 2013 defficcltute
307 1921 442 1992 condere
449 1933 556 2014 potare
568 1921 652 2012 lepes
664 1921 840 2012 generales,
859 1945 975 2014 easque
989 1923 1051 1991 toti
1068 1924 1218 1994 Ecclesiae

97 2051 282 2120 proponere
294 2029 524 2112 obseruandum·
539 2053 604 2098 nou
619 2040 697 2098 aute
711 2042 823 2098 tumen
838 2029 906 2097 cim
917 2029 1100 2120 taciturus,
1116 2055 1217 2125 quum

101 2139 268 2206 communi
280 2161 434 2208 consensu
446 2139 572 2230 ficerunt
586 2150 720 2230 recepta
739 2139 779 2230 (c.
798 2142 832 2226 2,
849 2147 925 2208 sect.
946 2143 976 2228 3,
992 2162 1026 2208 n.
1046 2141 1090 2231 3).

147 2248 181 2312 3·
205 2245 327 2314 Eorum
355 2247 411 2337 qui
431 2247 610 2333 sustinent,
636 2267 782 2315 summos
807 2246 979 2316 Pontifices
1005 2247 1132 2338 legibus
1151 2250 1219 2318 suis

102 2361 275 2446 antequam
295 2361 501 2446 acceptentur
517 2353 629 2422 saltem
644 2353 685 2422 ab
698 2353 879 2446 EpiscopiS,
894 2375 959 2422 non
974 2375 1079 2447 posse,
1093 2355 1219 2425 etiamsi

101 2461 132 2528 id
150 2461 290 2549 vellent,
308 2461 538 2552 obligationem
556 2459 720 2529 inducere.
736 2461 784 2528 lta
803 2459 898 2530 multi
912 2459 1068 2530 doctrinae
1084 2463 1217 2554 gallica-

101 2592 153 2638 um
178 2569 299 2638 incauti
326 2569 530 2654 defensorem
556 2567 707 2660 quidum
734 2575 849 2659 putant
864 2591 899 2638 se
912 2567 1093 2639 doctrinam
1109 2573 1219 2642 catho-

100 2678 170 2747 licis
186 2678 322 2747 liberam
339 2702 404 2747 non
419 2677 593 2765 excedere,
612 2679 647 2746 iu
660 2686 808 2770 apertum
822 2701 860 2746 ac
877 2679 1080 2750 consectariis
1095 2680 1219 2750 dellen-

101 2785 180 2856 dum
196 2808 341 2856 errorem
356 2787 472 2856 misere
485 2786 653 2856 labuntur.

144 2893 209 2962 Sed
234 2903 328 2962 extra
350 2916 495 2963 errorem
518 2893 700 2984 catalogum
733 2894 846 2984 reponi
868 2894 961 2962 debet
984 2900 1215 2988 controversia,

101 3009 213 3071 utrum
226 3001 266 3070 de
273 3004 363 3094 sacto
379 3002 502 3070 summi
514 2999 689 3070 Pontifices
701 3001 802 3068 velint
815 3023 890 3069 suas
898 3001 986 3091 leges
999 3025 1063 3072 non
1074 3006 1218 3097 obligare

101 3118 274 3201 antequam
303 3116 519 3200 acceptentur.
552 3109 590 3175 ln
621 3107 680 3175 hcc
709 3107 797 3175 enim
826 3111 1046 3178 controversia
1074 3112 1218 3183 doctores

101 3215 250 3285 catholici
277 3216 311 3282 in
340 3215 488 3284 diversas
514 3215 634 3284 abeunt
659 3213 842 3285 sententias.
872 3215 1125 3308 Distinguendas
1150 3245 1219 3292 csse

101 3323 209 3393 varias
224 3324 490 3396 constitutionum
504 3321 753 3391 Pontificiarum
769 3323 905 3414 specics,
924 3331 955 3392 et
969 3324 1009 3392 de
1022 3326 1217 3418 quibusdam

101 3429 347 3516 affirmandum,
364 3431 404 3499 de
427 3430 499 3498 aliis
513 3428 713 3520 negandum,
739 3429 825 3498 nolle
844 3453 1012 3500 summurn
1026 3433 1218 3507 Pontificem

101 3539 260 3629 obligare,
284 3539 476 3630 priusquam
498 3545 715 3629 acceptentur,
740 3537 826 3606 intra
847 3559 923 3607 cum
944 3539 1118 3610 Benedicto
1139 3543 1218 3614 XlV

105 3650 315 3720 sustinemus.

144 3757 291 3827 Tandem
315 3757 403 3847 leges
427 3754 611 3825 Pontificius
636 3777 702 3822 non
714 3755 862 3845 obligare
874 3755 939 3824 nisi
956 3758 1217 3850 promulgentur,

103 3876 195 3936 extra
209 3864 464 3936 controversiam
484 3872 543 3933 est.
568 3861 632 3932 Sed
654 3885 807 3954 quanam
831 3863 970 3934 sufficiat
985 3868 1218 3959 promulgatio;

104 3999 144 4044 an
166 3975 288 4043 scilicet
307 3973 384 4042 satis
414 3971 455 4040 sit
478 3971 681 4064 promulgari
708 3971 822 4042 Romae
843 3972 931 4063 leges
953 3973 1153 4064 Pontificius,
1178 4003 1219 4046 an

107 4106 183 4151 vero
203 4082 300 4151 etiam
322 4082 355 4150 iu
375 4079 554 4173 provinciis
569 4078 787 4170 promulgatio
805 4081 1003 4174 requiratur,
1022 4083 1132 4174 magni
1150 4107 1221 4156 mo-

111 4190 208 4260 menti
224 4213 261 4258 ac
275 4189 449 4280 diligenter
464 4185 677 4282 expendenda
692 4187 829 4283 qumstio
842 4196 902 4260 est.
