3042 4946
272 421 333 488 522
622 445 798 494 inserirur
821 445 859 492 or
882 445 1035 493 rnrrnrns

265 606 304 654 oo
326 585 538 677 pravitatibus
558 594 738 673 coerceant,
754 585 796 655 ed
812 585 950 655 virtutes
970 595 1002 654 et
1020 585 1179 678 spiritalis
1197 587 1283 655 hone
1303 607 1391 656 eon·

266 693 431 784 sequendo
450 692 604 784 dirigent.
632 694 672 764 Et
692 694 753 763 hoo
778 695 818 763 de
841 693 1010 786 Episcopis
1026 693 1217 786 (dummodo
1237 694 1390 784 legitime

267 800 431 870 constituti
457 801 533 894 sint)
551 810 617 872 tote
638 801 770 872 traditio
791 803 910 872 elamet
932 811 1030 895 atque
1054 809 1210 896 perpetus
1233 803 1387 872 Erelesiae
1501 873 1502 878 ,

265 909 389 1002 praxis.
406 909 500 994 Quod
521 910 573 980 hio
597 934 662 981 non
686 921 752 982 tom
778 913 916 1004 probare
934 912 1114 1000 voluimus,
1130 934 1229 1003 quom
1252 911 1387 982 aliunde
1503 985 1504 988 ,

266 1026 392 1088 eertum
405 1017 572 1107 adnotare,
590 1029 627 1088 ut
638 1019 679 1088 ed
694 1029 813 1090 rentem
833 1020 957 1090 diviuae
978 1020 1220 1090 constitutionis
1232 1019 1386 1090 Eoelesiae

266 1125 433 1196 notionem
450 1127 536 1196 viem
552 1136 746 1198 sternamus.

310 1235 495 1306 Psorosrrro
512 1238 557 1304 6⁸.
576 1273 620 1290 -
635 1235 866 1306 Hier-mitium
879 1259 902 1304 o
916 1259 949 1304 se
963 1235 1162 1318 institutam,
1181 1246 1213 1303 et
1233 1247 1387 1304 rmutan-

268 1355 334 1411 tem
352 1343 532 1437 Episcopo,
546 1344 742 1436 presbyteris
760 1357 790 1412 et
810 1344 980 1427 ministris,
996 1341 1167 1437 complevit
1190 1343 1340 1413 Christus
1355 1345 1388 1412 ei

262 1449 471 1542 preficiendo
494 1464 605 1544 caput,
626 1474 816 1544 supremum
840 1475 956 1545 nempe
975 1465 1143 1544 pastorem
1163 1473 1220 1519 seu
1242 1453 1386 1521 Moriar-
1504 1463 1505 1466 ’

265 1559 375 1641 elram,
393 1563 578 1628 Romanum
592 1561 794 1652 Pontificem.
813 1599 857 1614 -
870 1560 907 1629 ld
921 1560 1118 1652 exponimus
1132 1560 1280 1651 sequenti
1292 1560 1387 1652 oepi-

266 1675 315 1746 te;
333 1665 388 1734 sed
404 1666 459 1736 hio
473 1665 696 1737 adnotandum
719 1668 794 1755 init,
810 1691 851 1737 ne
866 1668 1108 1738 existimaretur
1121 1666 1241 1736 dictem
1255 1667 1385 1736 hierar-

265 1773 385 1860 ohiem,
407 1783 567 1866 quotenus
587 1799 607 1844 a
630 1777 734 1868 eapite
754 1799 814 1846 suo
837 1776 985 1846 Romano
1009 1773 1167 1845 Pontifioe
1187 1775 1382 1868 sejunctum,
1505 1789 1506 1794 ’

265 1903 334 1950 esse
357 1890 457 1952 totem
479 1892 511 1956 et
532 1884 724 1976 completam
750 1884 875 1954 Christi
903 1883 1154 1954 institutionem.
1182 1882 1237 1952 Sic
1260 1884 1384 1975 quippe

265 1989 438 2080 intellecto,
461 2013 528 2061 non
553 2001 637 2062 esset
657 2005 728 2062 tota
751 1991 919 2062 eGhristo
943 1991 1091 2060 institute
1117 1989 1310 2076 hierarchia,
1326 1991 1382 2062 sed

259 2121 360 2190 pars,·
374 2122 440 2169 non
460 2101 631 2195 complete,
647 2100 703 2170 sed
724 2108 851 2188 hunos,
870 2099 983 2169 mutilo
1002 2106 1034 2168 et
1056 2105 1273 2168 monstruose.
1290 2098 1384 2170 Siout
1506 2189 1507 2210 ἢ

264 2231 381 2302 nempe
408 2233 526 2303 corpus
552 2211 746 2300 humanum,
771 2210 911 2280 abscisso
933 2209 1051 2301 eapite,
1076 2207 1145 2300 jem
1170 2231 1289 2301 eorpus
1316 2209 1384 2277 hu-

266 2340 401 2388 manum
416 2341 482 2388 non
498 2328 558 2407 est,
573 2321 618 2389 ito
637 2341 696 2388 nee
715 2319 801 2388 diota
822 2316 1018 2403 hierarchia,
1034 2315 1062 2384 si
1084 2339 1103 2384 e
1126 2338 1280 2407 supremo
1301 2315 1382 2384 Pes—

265 2434 335 2496 tore
349 2427 471 2499 Christi
492 2429 526 2499 io
549 2429 645 2498 terris
659 2429 782 2498 vioerio
801 2427 1019 2515 abstrahetur,
1036 2434 1085 2494 est
1100 2425 1157 2494 ille
1172 2423 1336 2494 mirabilis
1350 2435 1382 2493 et

264 2535 406 2628 perfecta
426 2536 610 2607 hierarchia
628 2559 727 2629 quem
751 2536 892 2606 instituit
915 2535 1077 2606 Christus.
1092 2534 1282 2604 Institutum
1304 2537 1382 2625 qni-

264 2641 338 2712 dem
352 2667 371 2713 o
386 2645 516 2714 Christo
539 2645 730 2716 hiererohiae
752 2669 853 2716 seorm
876 2668 1007 2738 eorpus,
1024 2645 1079 2714 sod
1102 2665 1177 2714 curn
1201 2643 1316 2735 sepite.
1341 2641 1382 2710 Et

264 2749 406 2819 vicissim
432 2752 572 2822 instituit
600 2753 732 2846 quidem
760 2761 870 2845 ceput,
900 2753 956 2823 sed
981 2753 1207 2844 compaginato
1234 2749 1380 2818 simulo

263 2857 375 2929 divine
389 2883 449 2930 sue
466 2861 624 2954 sapientie
639 2884 785 2954 corpore.

708 3225 850 3297 CAPUT
873 3227 929 3296 111.

261 3461 299 3508 DE
322 3461 458 3508 SUPRRMO
481 3462 615 3508 PASTORE
639 3461 693 3507 SEU
716 3461 896 3522 MONAROEA,
912 3459 995 3514 Quntt
1017 3459 1163 3506 CHfflSTUS
1185 3459 1380 3507 HIEMRCHIAE

384 3581 404 3623 Δ
426 3577 462 3623 SE
485 3579 651 3625 INSTITUTAE
673 3579 711 3624 ET
733 3577 804 3624 ror}
832 3577 896 3622 SUAE
922 3576 1067 3622 ECCLESIAE
1089 3577 1251 3622 PRAEFECIT.

305 3841 488 3910 Pnorosrrro
506 3840 551 3906 ¹².
569 3875 613 3890 —
629 3842 796 3907 Romanus
812 3837 966 3928 Pontifex
988 3850 1035 3905 est
1049 3839 1132 3928 jure
1151 3835 1262 3906 diuino
1279 3837 1378 3905 totius

260 3951 411 4021 Ecclesiae
439 3961 551 4041 eaput,
579 3970 618 4017 oe
648 3947 774 4017 Christi
809 3947 961 4030 vicarius,
989 3969 1064 4016 oum
1087 3948 1192 4040 plena
1217 3957 1379 4038 potestate

259 4059 474 4128 universalem
483 4056 835 4149 Erotesiomposeendi,
846 4055 1028 4147 requietae
1039 4053 1256 4146 quieneondi.
1268 4055 1378 4124 -Esi

259 4167 299 4236 de
320 4167 394 4237 fide.
413 4207 456 4220 -
469 4169 501 4235 Α
518 4165 654 4236 coneilio
675 4165 863 4236 Florentino
888 4164 1057 4234 definitum
1082 4173 1130 4233 est
1152 4193 1158 4232 :
1186 4191 1203 4230 o
1224 4163 1376 4232 Sanctum
