3064 4952
510 495 592 542 suris
615 495 766 544 curvomcr.
1135 477 1195 544 177

79 653 155 700 rttns
176 632 388 724 Pontificum,
412 634 474 704 nol.
503 635 593 727 631.)
612 635 759 729 lujungit
773 643 881 706 autem
898 637 1044 706 Himerio
1060 637 1199 707 Siricius

79 749 198 810 utana
217 741 402 834 quindecim
430 743 570 830 decreta,
594 744 629 811 in
654 744 714 814 hac
739 745 874 837 epistola
896 755 1057 832 contenta,
1089 755 1199 815 traus-

80 849 184 916 mittat
205 869 272 918 uon
295 849 401 918 solum
424 850 466 918 ad
486 851 664 942 provincia
687 852 951 934 Tarraconensis,
974 850 1030 920 sed
1046 853 1142 922 etiam
1158 853 1198 922 ad

78 959 256 1046 provinciae
280 959 432 1045 Baeticos,
462 959 641 1045 Lusitana,
670 959 936 1050 Carthaginensis
964 970 996 1028 et
1024 959 1199 1030 Gallicanas

79 1063 272 1158 Episcopus3
297 1076 330 1136 et
350 1090 385 1136 se
405 1067 488 1136 valle
509 1067 580 1137 hac
600 1069 727 1137 decreta
753 1090 822 1137 csse
848 1068 955 1159 legem
980 1069 1198 1138 universalem

79 1183 214 1245 testatur
238 1176 289 1246 his
310 1179 418 1248 verbis
435 1207 443 1246 :
465 1206 482 1246 ιι
504 1178 590 1261 Quid
606 1179 647 1248 ab
660 1179 825 1248 universis
839 1177 973 1271 posthac
988 1178 1133 1248 ecclesiis
1147 1201 1198 1247 se-

82 1313 99 1348 ι
121 1286 290 1377 quendum
326 1289 383 1373 sit,
417 1289 496 1381 quid
527 1288 716 1376 mundum,
752 1289 896 1378 generali
934 1289 1199 1380 pronuntiatione

12 1401 13 1438 ἶ
80 1419 97 1456 o
121 1393 338 1466 decemimus.
364 1423 380 1460 u

121 1506 217 1572 Anno
243 1508 319 1573 404.
336 1543 380 1558 -
393 1507 600 1576 Innocentius
625 1507 652 1592 l,
680 1507 809 1575 mittans
829 1505 958 1576 decreta
971 1504 1123 1598 quaedmn
1140 1527 1199 1575 sua

78 1609 233 1680 Victricio
258 1613 512 1705 Rothomagensi
532 1614 702 1706 Episcopo,
725 1624 817 1683 vocat
839 1615 966 1683 decreta
987 1613 1069 1701 hac,
1094 1613 1198 1706 dipes-

78 1729 128 1785 tas
142 1719 220 1787 oitsr
236 1729 266 1786 et
280 1743 412 1789 morum
423 1719 648 1812 probabilium
659 1720 846 1812 dt'sct'plinus
855 1721 1039 1812 (Constant,
1052 1742 1083 1812 p.
1100 1722 1194 1810 tlt);
1306 1721 1309 1730 ’

78 1825 213 1916 vultque
236 1826 293 1895 illa
314 1827 455 1896 diffundi
478 1849 537 1918 per
560 1827 683 1896 vicinas
699 1827 903 1918 provincias:
924 1854 941 1894 ιι
965 1827 1035 1895 Erit
1051 1825 1196 1896 dilectio—

81 1959 97 1994 ι
120 1933 173 1999 nis
191 1943 268 2021 tua,
292 1956 350 2025 per
368 1935 477 2026 plebes
500 1933 655 2003 finitimas
670 1941 701 2002 et
721 1932 963 2004 consacerdotes
983 1941 1122 2022 nostros,
1139 1935 1197 2026 qui

82 2067 97 2103 ι
120 2041 156 2110 in
178 2042 243 2110 illis
263 2040 451 2132 regionibus
473 2043 613 2135 propriis
638 2041 779 2110 eeclesiis
800 2041 988 2134 praesident,
1006 2041 1195 2132 regularum

82 2177 97 2213 ι
120 2149 210 2218 hunc
231 2149 354 2218 librum
375 2151 467 2243 quasi
490 2148 719 2218 didascalicum
741 2156 838 2241 atque
866 2149 1059 2217 monitorem
1084 2149 1196 2218 sedulo

82 2288 99 2324 ι
121 2261 288 2327 insinnare
306 2309 359 2346 ...,
383 2267 420 2326 ut
446 2259 480 2327 iu
511 2257 575 2326 illis
601 2257 749 2348 partibus
775 2257 958 2326 istiusmodi
986 2278 1084 2348 qnam
1111 2264 1197 2326 tenet

83 2397 99 2430 ιι
121 2367 264 2436 Ecclesia
277 2367 424 2436 Romana
438 2366 544 2435 forma
559 2374 717 2435 servetur.
743 2391 759 2429 »
779 2365 959 2456 (Constant,
976 2365 1038 2433 col.
1055 2367 1145 2456 747.)

122 2475 211 2542 Idem
231 2473 384 2542 Pontifex
405 2475 439 2540 in
464 2471 527 2540 alia
549 2472 684 2562 epistola
703 2499 710 2539 :
732 2497 748 2534 ιι
771 2470 835 2540 Sed
851 2494 892 2540 ne
906 2471 1057 2563 deinceps
1077 2472 1197 2540 similia

85 2583 383 2669 «committantur,
403 2581 585 2650 dilectionis
611 2588 727 2651 vestrm
753 2581 922 2649 maturitas
942 2578 1115 2671 providere
1137 2579 1196 2648 de·

84 2692 219 2778 abebit,
248 2699 283 2760 ut
305 2699 404 2758 tantm
433 2689 638 2780 usurpationi
664 2688 778 2756 saltem
799 2711 886 2756 nunc
906 2687 982 2757 finis
997 2690 1196 2756 necessarius

85 2825 102 2862 ιι
122 2800 309 2892 imponatur
325 2826 378 2878 ...ς
401 2819 439 2866 eo
463 2795 612 2865 videlicet
634 2797 821 2882 constituto,
846 2805 881 2865 ut
902 2796 1005 2887 siqui
1030 2804 1101 2886 post
1122 2795 1195 2864 haec

85 2909 276 2976 «adversus
299 2907 421 2975 formas
444 2926 606 2973 munuum
633 2904 683 2972 vel
710 2903 882 2995 adipsum
906 2902 1122 2971 sacerdotium
1138 2925 1194 2971 ve·

87 3017 189 3083 unire
210 3014 418 3100 tentaverint,
444 3035 511 3082 unu
541 3035 617 3080 cum
641 3012 840 3081 creatoribus
863 3013 932 3080 auis
962 3012 1034 3102 ipso
1064 3012 1099 3078 iu
1128 3033 1194 3103 quo

88 3146 102 3182 ιι
123 3123 246 3190 inventi
273 3121 395 3191 fuerint
418 3121 533 3190 ordine
560 3119 738 3187 ethonore
761 3119 943 3210 priventur.
971 3144 988 3183 o
1020 3117 1132 3208 (Epist.
1161 3123 1192 3206 3,

84 3227 247 3316 Goustant,
262 3231 324 3298 ool.
344 3227 435 3318 769.)

122 3339 157 3405 ln
172 3339 236 3406 alic
251 3337 323 3406 loco
332 3336 419 3404 idem
430 3336 579 3405 Pontifex
590 3336 668 3404 dicit
678 3356 712 3403 se
723 3335 995 3425 percontantium
1009 3334 1193 3403 daumero:

89 3447 310 3516 «Secundum
333 3469 414 3538 quas
442 3449 569 3536 (nempe
596 3444 725 3535 regulas
751 3443 893 3512 Nicaeuae
916 3443 1045 3536 synodi)
1061 3446 1194 3514 ordina-

89 3556 222 3624 «tiones
246 3555 409 3624 faciendas
435 3576 517 3640 csse,
534 3577 593 3645 per
607 3557 799 3622 seutentiam
814 3553 1018 3624 decernimus
1041 3579 1058 3619 a
1078 3555 1194 3644 (Cous-

86 3669 158 3748 taut,
183 3664 246 3732 eol.
275 3665 362 3752 770).
392 3663 433 3730 Et
459 3661 573 3730 adimit
605 3661 697 3730 aliter
722 3661 957 3752 interpretandi
980 3661 1191 3731 facultatem:

91 3795 106 3832 ιι
124 3771 168 3838 Ns
180 3773 234 3840 cni
249 3771 482 3863 interpretandi
498 3771 590 3840 aliter
604 3770 744 3839 liberum
763 3770 939 3838 arbitrium
955 3771 1189 3862 relinquatur»

90 3876 199 3968 (thid).
217 3879 256 3946 ln
272 3878 416 3970 Epistola
434 3883 465 3964 5,
480 3879 523 3947 ad
534 3877 742 3969 Exuperium
752 3877 878 3970 Tolosa
890 3877 1087 3970 Episcopum
1101 3899 1193 3946 man-

86 3985 137 4052 dat
149 3989 270 4056 servari
285 3988 413 4056 monita
427 3987 587 4080 eviderttia
600 3988 698 4078 Papae
712 3987 820 4056 Siricii
833 3988 1012 4077 (Constant,
1025 3987 1086 4056 col.
1100 3989 1190 4077 790);

88 4113 155 4180 qua
176 4097 298 4164 monita
321 4096 447 4188 abipso
469 4105 628 4166 vocantur
644 4122 662 4160 ι
685 4095 792 4163 forma
807 4095 864 4162 illa
878 4094 1099 4163 ecclesiastieae
1115 4095 1192 4164 vitm

94 4225 110 4260 a
130 4205 242 4292 pariter
256 4214 287 4273 et
301 4204 484 4296 disciplina
500 4211 574 4297 quae
590 4204 631 4272 ab
645 4202 803 4293 Episcopo
823 4201 938 4272 Siricio
954 4202 992 4272 ad
1010 4203 1193 4295 provincias

998 4315 1036 4375 ta
