<?xml version="1.0" encoding="UTF-8"?>
<!DOCTYPE html PUBLIC "-//W3C//DTD XHTML 1.0 Transitional//EN"
    "http://www.w3.org/TR/xhtml1/DTD/xhtml1-transitional.dtd">
<html xmlns="http://www.w3.org/1999/xhtml" xml:lang="en" lang="en">
 <head>
  <title>
</title>
<meta http-equiv="Content-Type" content="text/html;charset=utf-8" />
  <meta name='ocr-system' content='tesseract 3.04.00' />
  <meta name='ocr-capabilities' content='ocr_page ocr_carea ocr_par ocr_line ocrx_word'/>
</head>
<body>
  <div class='ocr_page' id='page_1' title='image "./tractatusdeprin00bouigoog_0422.png"; bbox 0 0 3072 4948; ppageno 0'>
   <div class='ocr_carea' id='block_1_1' title="bbox 566 445 1251 512">
    <p class='ocr_par' dir='ltr' id='par_1_1' title="bbox 566 445 1251 512">
     <span class='ocr_line' id='line_1_1' title="bbox 566 445 1251 512; baseline -0.003 0"><span class='ocrx_word' id='word_1_1' title='bbox 566 466 647 512; x_wconf 86' lang='lat' dir='ltr'><strong>rurus</strong></span> <span class='ocrx_word' id='word_1_2' title='bbox 670 465 820 512; x_wconf 83' lang='lat' dir='ltr'><strong>ernonrcr.</strong></span> <span class='ocrx_word' id='word_1_3' title='bbox 1190 445 1251 510; x_wconf 78' lang='lat' dir='ltr'><strong>tue</strong></span> 
     </span>
    </p>
   </div>
   <div class='ocr_carea' id='block_1_2' title="bbox 132 603 1258 1759">
    <p class='ocr_par' dir='ltr' id='par_1_2' title="bbox 132 603 1258 1759">
     <span class='ocr_line' id='line_1_2' title="bbox 179 603 1256 698; baseline 0.002 -26"><span class='ocrx_word' id='word_1_4' title='bbox 179 603 338 674; x_wconf 72' lang='lat' dir='ltr'><strong>ductores</strong></span> <span class='ocrx_word' id='word_1_5' title='bbox 364 626 441 674; x_wconf 90' lang='lat' dir='ltr'><strong>vero</strong></span> <span class='ocrx_word' id='word_1_6' title='bbox 468 607 526 698; x_wconf 92' lang='lat' dir='ltr'><strong>qui</strong></span> <span class='ocrx_word' id='word_1_7' title='bbox 556 613 712 698; x_wconf 87' lang='lat' dir='ltr'><strong>putarunt</strong></span> <span class='ocrx_word' id='word_1_8' title='bbox 739 605 848 674; x_wconf 88' lang='lat' dir='ltr'><strong>valere</strong></span> <span class='ocrx_word' id='word_1_9' title='bbox 871 629 963 698; x_wconf 86' lang='lat' dir='ltr'><strong>posse</strong></span> <span class='ocrx_word' id='word_1_10' title='bbox 990 607 1256 676; x_wconf 78' lang='lat' dir='ltr'><strong>consuetudinem</strong></span> 
     </span>
     <span class='ocr_line' id='line_1_3' title="bbox 134 711 1255 804; baseline 0.002 -24"><span class='ocrx_word' id='word_1_11' title='bbox 134 711 247 780; x_wconf 75' lang='lat' dir='ltr'><strong>corius</strong></span> <span class='ocrx_word' id='word_1_12' title='bbox 274 712 481 782; x_wconf 86' lang='lat' dir='ltr'><strong>Tridentinus</strong></span> <span class='ocrx_word' id='word_1_13' title='bbox 508 715 609 804; x_wconf 79' lang='lat' dir='ltr'><strong>leges,</strong></span> <span class='ocrx_word' id='word_1_14' title='bbox 637 736 704 782; x_wconf 91' lang='lat' dir='ltr'><strong>non</strong></span> <span class='ocrx_word' id='word_1_15' title='bbox 729 713 882 782; x_wconf 89' lang='lat' dir='ltr'><strong>videntur</strong></span> <span class='ocrx_word' id='word_1_16' title='bbox 914 716 991 782; x_wconf 91' lang='lat' dir='ltr'><strong>setis</strong></span> <span class='ocrx_word' id='word_1_17' title='bbox 1018 714 1189 784; x_wconf 89' lang='lat' dir='ltr'><strong>attendisse</strong></span> <span class='ocrx_word' id='word_1_18' title='bbox 1216 713 1255 782; x_wconf 88' lang='lat' dir='ltr'><strong>ad</strong></span> 
     </span>
     <span class='ocr_line' id='line_1_4' title="bbox 132 820 1254 914; baseline 0.004 -28"><span class='ocrx_word' id='word_1_19' title='bbox 132 820 229 888; x_wconf 88' lang='lat' dir='ltr'><strong>istam</strong></span> <span class='ocrx_word' id='word_1_20' title='bbox 252 822 410 908; x_wconf 83' lang='lat' dir='ltr'><strong>rationem</strong></span> <span class='ocrx_word' id='word_1_21' title='bbox 433 845 451 890; x_wconf 91' lang='lat' dir='ltr'><strong>e</strong></span> <span class='ocrx_word' id='word_1_22' title='bbox 471 824 567 914; x_wconf 89' lang='lat' dir='ltr'><strong>praxi</strong></span> <span class='ocrx_word' id='word_1_23' title='bbox 592 821 807 890; x_wconf 75' lang='lat' dir='ltr'><strong>tribunalium</strong></span> <span class='ocrx_word' id='word_1_24' title='bbox 828 845 1040 892; x_wconf 90' lang='lat' dir='ltr'><strong>romanorum</strong></span> <span class='ocrx_word' id='word_1_25' title='bbox 1070 822 1254 892; x_wconf 83' lang='lat' dir='ltr'><strong>deductam.</strong></span> 
     </span>
     <span class='ocr_line' id='line_1_5' title="bbox 133 928 1257 1022; baseline 0.002 -26"><span class='ocrx_word' id='word_1_26' title='bbox 133 928 386 998; x_wconf 84' lang='lat' dir='ltr'><strong>Praescindendo</strong></span> <span class='ocrx_word' id='word_1_27' title='bbox 401 931 488 1003; x_wconf 91' lang='lat' dir='ltr'><strong>enim</strong></span> <span class='ocrx_word' id='word_1_28' title='bbox 508 931 549 998; x_wconf 92' lang='lat' dir='ltr'><strong>ab</strong></span> <span class='ocrx_word' id='word_1_29' title='bbox 569 930 625 998; x_wconf 89' lang='lat' dir='ltr'><strong>illa</strong></span> <span class='ocrx_word' id='word_1_30' title='bbox 644 929 752 1022; x_wconf 87' lang='lat' dir='ltr'><strong>praxi,</strong></span> <span class='ocrx_word' id='word_1_31' title='bbox 778 937 809 998; x_wconf 93' lang='lat' dir='ltr'><strong>et</strong></span> <span class='ocrx_word' id='word_1_32' title='bbox 823 952 882 998; x_wconf 92' lang='lat' dir='ltr'><strong>nos</strong></span> <span class='ocrx_word' id='word_1_33' title='bbox 895 930 1034 998; x_wconf 80' lang='lat' dir='ltr'>libenter</span> <span class='ocrx_word' id='word_1_34' title='bbox 1049 929 1257 1000; x_wconf 83' lang='lat' dir='ltr'><strong>concedimus</strong></span> 
     </span>
     <span class='ocr_line' id='line_1_6' title="bbox 133 1037 1257 1131; baseline 0.002 -27"><span class='ocrx_word' id='word_1_35' title='bbox 133 1037 221 1104; x_wconf 82' lang='lat' dir='ltr'><strong>vinci</strong></span> <span class='ocrx_word' id='word_1_36' title='bbox 246 1060 339 1128; x_wconf 89' lang='lat' dir='ltr'><strong>posse</strong></span> <span class='ocrx_word' id='word_1_37' title='bbox 368 1061 388 1106; x_wconf 88' lang='lat' dir='ltr'><strong>a</strong></span> <span class='ocrx_word' id='word_1_38' title='bbox 416 1037 650 1108; x_wconf 91' lang='lat' dir='ltr'><strong>consuetudine</strong></span> <span class='ocrx_word' id='word_1_39' title='bbox 684 1039 846 1108; x_wconf 87' lang='lat' dir='ltr'><strong>contraria</strong></span> <span class='ocrx_word' id='word_1_40' title='bbox 875 1038 981 1128; x_wconf 81' lang='lat' dir='ltr'><strong>legem</strong></span> <span class='ocrx_word' id='word_1_41' title='bbox 1015 1061 1145 1108; x_wconf 88' lang='lat' dir='ltr'><strong>omnem</strong></span> <span class='ocrx_word' id='word_1_42' title='bbox 1170 1040 1257 1131; x_wconf 82' lang='lat' dir='ltr'><strong>juris</strong></span> 
     </span>
     <span class='ocr_line' id='line_1_7' title="bbox 134 1145 1253 1234; baseline 0.002 -22"><span class='ocrx_word' id='word_1_43' title='bbox 134 1145 284 1228; x_wconf 87' lang='lat' dir='ltr'><strong>humani,</strong></span> <span class='ocrx_word' id='word_1_44' title='bbox 309 1147 405 1216; x_wconf 88' lang='lat' dir='ltr'><strong>etiam</strong></span> <span class='ocrx_word' id='word_1_45' title='bbox 427 1147 665 1234; x_wconf 72' lang='lat' dir='ltr'><strong>Tridentium,</strong></span> <span class='ocrx_word' id='word_1_46' title='bbox 686 1147 758 1216; x_wconf 91' lang='lat' dir='ltr'><strong>licet</strong></span> <span class='ocrx_word' id='word_1_47' title='bbox 774 1147 917 1214; x_wconf 81' lang='lat' dir='ltr'><strong>irritanti</strong></span> <span class='ocrx_word' id='word_1_48' title='bbox 940 1147 1067 1215; x_wconf 89' lang='lat' dir='ltr'><strong>decreto</strong></span> <span class='ocrx_word' id='word_1_49' title='bbox 1082 1148 1253 1216; x_wconf 84' lang='lat' dir='ltr'><strong>munitam.</strong></span> 
     </span>
     <span class='ocr_line' id='line_1_8' title="bbox 134 1253 1256 1346; baseline 0.002 -26"><span class='ocrx_word' id='word_1_50' title='bbox 134 1253 245 1321; x_wconf 88' lang='lat' dir='ltr'><strong>Posita</strong></span> <span class='ocrx_word' id='word_1_51' title='bbox 258 1275 336 1322; x_wconf 88' lang='lat' dir='ltr'><strong>vern</strong></span> <span class='ocrx_word' id='word_1_52' title='bbox 350 1254 504 1345; x_wconf 83' lang='lat' dir='ltr'><strong>praedicta</strong></span> <span class='ocrx_word' id='word_1_53' title='bbox 518 1255 627 1346; x_wconf 87' lang='lat' dir='ltr'><strong>praxi,</strong></span> <span class='ocrx_word' id='word_1_54' title='bbox 645 1254 732 1323; x_wconf 92' lang='lat' dir='ltr'><strong>idem</strong></span> <span class='ocrx_word' id='word_1_55' title='bbox 749 1255 857 1322; x_wconf 80' lang='lat' dir='ltr'><strong>dicere</strong></span> <span class='ocrx_word' id='word_1_56' title='bbox 874 1276 940 1323; x_wconf 93' lang='lat' dir='ltr'><strong>non</strong></span> <span class='ocrx_word' id='word_1_57' title='bbox 955 1253 1119 1324; x_wconf 86' lang='lat' dir='ltr'><strong>audimus.</strong></span> <span class='ocrx_word' id='word_1_58' title='bbox 1140 1253 1256 1324; x_wconf 83' lang='lat' dir='ltr'><strong>Praxis</strong></span> 
     </span>
     <span class='ocr_line' id='line_1_9' title="bbox 135 1361 1255 1454; baseline 0.001 -26"><span class='ocrx_word' id='word_1_59' title='bbox 135 1361 226 1428; x_wconf 92' lang='lat' dir='ltr'><strong>enim</strong></span> <span class='ocrx_word' id='word_1_60' title='bbox 248 1361 304 1430; x_wconf 87' lang='lat' dir='ltr'><strong>illa</strong></span> <span class='ocrx_word' id='word_1_61' title='bbox 324 1361 497 1454; x_wconf 80' lang='lat' dir='ltr'><strong>aequivalet</strong></span> <span class='ocrx_word' id='word_1_62' title='bbox 520 1361 732 1432; x_wconf 79' lang='lat' dir='ltr'><strong>declarationi</strong></span> <span class='ocrx_word' id='word_1_63' title='bbox 753 1370 937 1430; x_wconf 77' lang='lat' dir='ltr'><strong>constanter</strong></span> <span class='ocrx_word' id='word_1_64' title='bbox 962 1361 1049 1452; x_wconf 84' lang='lat' dir='ltr'><strong>(data</strong></span> <span class='ocrx_word' id='word_1_65' title='bbox 1076 1361 1255 1450; x_wconf 85' lang='lat' dir='ltr'><strong>occasione)</strong></span> 
     </span>
     <span class='ocr_line' id='line_1_10' title="bbox 135 1469 1258 1562; baseline -0.001 -25"><span class='ocrx_word' id='word_1_66' title='bbox 135 1471 294 1560; x_wconf 73' lang='lat' dir='ltr'><strong>repetita,</strong></span> <span class='ocrx_word' id='word_1_67' title='bbox 312 1493 386 1562; x_wconf 79' lang='lat' dir='ltr'><strong>qum</strong></span> <span class='ocrx_word' id='word_1_68' title='bbox 413 1493 562 1540; x_wconf 89' lang='lat' dir='ltr'><strong>summus</strong></span> <span class='ocrx_word' id='word_1_69' title='bbox 587 1472 655 1562; x_wconf 89' lang='lat' dir='ltr'><strong>ipse</strong></span> <span class='ocrx_word' id='word_1_70' title='bbox 674 1471 826 1540; x_wconf 79' lang='lat' dir='ltr'><strong>Pontifex</strong></span> <span class='ocrx_word' id='word_1_71' title='bbox 850 1479 996 1540; x_wconf 90' lang='lat' dir='ltr'><strong>moneret</strong></span> <span class='ocrx_word' id='word_1_72' title='bbox 1019 1493 1052 1538; x_wconf 94' lang='lat' dir='ltr'><strong>se</strong></span> <span class='ocrx_word' id='word_1_73' title='bbox 1077 1469 1159 1538; x_wconf 90' lang='lat' dir='ltr'><strong>velle</strong></span> <span class='ocrx_word' id='word_1_74' title='bbox 1182 1470 1258 1538; x_wconf 88' lang='lat' dir='ltr'><strong>Tri-</strong></span> 
     </span>
     <span class='ocr_line' id='line_1_11' title="bbox 135 1578 1257 1670; baseline -0.001 -24"><span class='ocrx_word' id='word_1_75' title='bbox 135 1578 285 1648; x_wconf 79' lang='lat' dir='ltr'><strong>dentinae</strong></span> <span class='ocrx_word' id='word_1_76' title='bbox 301 1579 389 1670; x_wconf 81' lang='lat' dir='ltr'><strong>leges</strong></span> <span class='ocrx_word' id='word_1_77' title='bbox 410 1582 581 1650; x_wconf 85' lang='lat' dir='ltr'><strong>inviolatas</strong></span> <span class='ocrx_word' id='word_1_78' title='bbox 600 1582 736 1669; x_wconf 89' lang='lat' dir='ltr'><strong>servari,</strong></span> <span class='ocrx_word' id='word_1_79' title='bbox 754 1590 833 1650; x_wconf 90' lang='lat' dir='ltr'><strong>etse</strong></span> <span class='ocrx_word' id='word_1_80' title='bbox 857 1582 993 1650; x_wconf 89' lang='lat' dir='ltr'><strong>minime</strong></span> <span class='ocrx_word' id='word_1_81' title='bbox 1008 1578 1257 1663; x_wconf 87' lang='lat' dir='ltr'><strong>consuetudini-</strong></span> 
     </span>
     <span class='ocr_line' id='line_1_12' title="bbox 135 1687 591 1759; baseline 0.007 -3"><span class='ocrx_word' id='word_1_82' title='bbox 135 1687 199 1756; x_wconf 87' lang='lat' dir='ltr'><strong>bus</strong></span> <span class='ocrx_word' id='word_1_83' title='bbox 213 1689 384 1756; x_wconf 85' lang='lat' dir='ltr'><strong>contrariis</strong></span> <span class='ocrx_word' id='word_1_84' title='bbox 397 1691 591 1759; x_wconf 89' lang='lat' dir='ltr'><strong>consentire.</strong></span> 
     </span>
    </p>
   </div>
   <div class='ocr_carea' id='block_1_3' title="bbox 650 2006 749 2098">
    <p class='ocr_par' dir='ltr' id='par_1_3' title="bbox 650 2006 749 2098">
     <span class='ocr_line' id='line_1_13' title="bbox 650 2006 749 2098; baseline 0 -24"><span class='ocrx_word' id='word_1_85' title='bbox 650 2006 749 2098; x_wconf 77' lang='lat'><em>§111-</em></span> 
     </span>
    </p>
   </div>
   <div class='ocr_carea' id='block_1_4' title="bbox 242 2207 1156 2276">
    <p class='ocr_par' dir='ltr' id='par_1_4' title="bbox 242 2207 1156 2276">
     <span class='ocr_line' id='line_1_14' title="bbox 242 2207 1156 2276; baseline 0.001 -16"><span class='ocrx_word' id='word_1_86' title='bbox 242 2211 278 2260; x_wconf 84' lang='lat' dir='ltr'><strong>Dc</strong></span> <span class='ocrx_word' id='word_1_87' title='bbox 294 2211 463 2276; x_wconf 78' lang='lat' dir='ltr'><strong>cbrogstione</strong></span> <span class='ocrx_word' id='word_1_88' title='bbox 481 2211 677 2264; x_wconf 86' lang='lat' dir='ltr'><strong>consuetudinis</strong></span> <span class='ocrx_word' id='word_1_89' title='bbox 694 2207 912 2276; x_wconf 77' lang='lat' dir='ltr'><strong>percontrarium</strong></span> <span class='ocrx_word' id='word_1_90' title='bbox 930 2212 1156 2263; x_wconf 84' lang='lat' dir='ltr'><strong>consuetudinem.</strong></span> 
     </span>
    </p>
   </div>
   <div class='ocr_carea' id='block_1_5' title="bbox 136 2450 1262 4277">
    <p class='ocr_par' dir='ltr' id='par_1_5' title="bbox 136 2450 1262 3736">
     <span class='ocr_line' id='line_1_15' title="bbox 182 2450 1262 2544; baseline -0.001 -23"><span class='ocrx_word' id='word_1_91' title='bbox 182 2453 208 2521; x_wconf 89' lang='lat' dir='ltr'><strong>l.</strong></span> <span class='ocrx_word' id='word_1_92' title='bbox 225 2454 360 2522; x_wconf 83' lang='lat' dir='ltr'><strong>Certum</strong></span> <span class='ocrx_word' id='word_1_93' title='bbox 382 2461 430 2520; x_wconf 91' lang='lat' dir='ltr'><strong>est</strong></span> <span class='ocrx_word' id='word_1_94' title='bbox 450 2450 718 2522; x_wconf 90' lang='lat' dir='ltr'><strong>consuetudinem</strong></span> <span class='ocrx_word' id='word_1_95' title='bbox 738 2453 907 2544; x_wconf 82' lang='lat' dir='ltr'><strong>peculiam</strong></span> <span class='ocrx_word' id='word_1_96' title='bbox 931 2454 1132 2523; x_wconf 87' lang='lat' dir='ltr'><strong>contrariam</strong></span> <span class='ocrx_word' id='word_1_97' title='bbox 1146 2453 1215 2522; x_wconf 93' lang='lat' dir='ltr'><strong>tolli</strong></span> <span class='ocrx_word' id='word_1_98' title='bbox 1229 2461 1262 2521; x_wconf 93' lang='lat' dir='ltr'><strong>et</strong></span> 
     </span>
     <span class='ocr_line' id='line_1_16' title="bbox 136 2558 1260 2651; baseline -0.002 -21"><span class='ocrx_word' id='word_1_99' title='bbox 136 2561 289 2650; x_wconf 83' lang='lat' dir='ltr'><strong>abrogari</strong></span> <span class='ocrx_word' id='word_1_100' title='bbox 324 2582 428 2651; x_wconf 90' lang='lat' dir='ltr'><strong>posse.</strong></span> <span class='ocrx_word' id='word_1_101' title='bbox 464 2558 672 2629; x_wconf 89' lang='lat' dir='ltr'><strong>Consuetudo</strong></span> <span class='ocrx_word' id='word_1_102' title='bbox 705 2560 793 2628; x_wconf 91' lang='lat' dir='ltr'><strong>enim</strong></span> <span class='ocrx_word' id='word_1_103' title='bbox 829 2561 898 2628; x_wconf 87' lang='lat' dir='ltr'><strong>vim</strong></span> <span class='ocrx_word' id='word_1_104' title='bbox 932 2562 1013 2650; x_wconf 82' lang='lat' dir='ltr'><strong>legis</strong></span> <span class='ocrx_word' id='word_1_105' title='bbox 1041 2561 1176 2648; x_wconf 86' lang='lat' dir='ltr'><strong>hebens,</strong></span> <span class='ocrx_word' id='word_1_106' title='bbox 1207 2584 1260 2628; x_wconf 89' lang='lat' dir='ltr'><strong>se-</strong></span> 
     </span>
     <span class='ocr_line' id='line_1_17' title="bbox 136 2668 1261 2762; baseline 0 -24"><span class='ocrx_word' id='word_1_107' title='bbox 136 2670 250 2760; x_wconf 87' lang='lat' dir='ltr'><strong>quitur</strong></span> <span class='ocrx_word' id='word_1_108' title='bbox 268 2668 427 2737; x_wconf 86' lang='lat' dir='ltr'><strong>rationem</strong></span> <span class='ocrx_word' id='word_1_109' title='bbox 450 2668 532 2758; x_wconf 81' lang='lat' dir='ltr'><strong>legis</strong></span> <span class='ocrx_word' id='word_1_110' title='bbox 550 2690 673 2758; x_wconf 92' lang='lat' dir='ltr'><strong>:porro</strong></span> <span class='ocrx_word' id='word_1_111' title='bbox 691 2668 744 2736; x_wconf 84' lang='lat' dir='ltr'><strong>lex</strong></span> <span class='ocrx_word' id='word_1_112' title='bbox 769 2669 929 2760; x_wconf 87' lang='lat' dir='ltr'><strong>posterior</strong></span> <span class='ocrx_word' id='word_1_113' title='bbox 948 2669 1083 2760; x_wconf 82' lang='lat' dir='ltr'><strong>derogat</strong></span> <span class='ocrx_word' id='word_1_114' title='bbox 1097 2670 1211 2762; x_wconf 88' lang='lat' dir='ltr'><strong>priori,</strong></span> <span class='ocrx_word' id='word_1_115' title='bbox 1230 2679 1261 2738; x_wconf 91' lang='lat' dir='ltr'><strong>et</strong></span> 
     </span>
     <span class='ocr_line' id='line_1_18' title="bbox 137 2776 1260 2870; baseline 0 -24"><span class='ocrx_word' id='word_1_116' title='bbox 137 2785 230 2870; x_wconf 82' lang='lat' dir='ltr'><strong>pecta</strong></span> <span class='ocrx_word' id='word_1_117' title='bbox 251 2777 428 2846; x_wconf 83' lang='lat' dir='ltr'><strong>novissime</strong></span> <span class='ocrx_word' id='word_1_118' title='bbox 450 2776 631 2868; x_wconf 84' lang='lat' dir='ltr'><strong>praevalent</strong></span> <span class='ocrx_word' id='word_1_119' title='bbox 653 2777 890 2863; x_wconf 87' lang='lat' dir='ltr'><strong>anterioribus;</strong></span> <span class='ocrx_word' id='word_1_120' title='bbox 914 2787 1040 2868; x_wconf 81' lang='lat' dir='ltr'><strong>ergoet</strong></span> <span class='ocrx_word' id='word_1_121' title='bbox 1060 2777 1260 2847; x_wconf 89' lang='lat' dir='ltr'><strong>consuetudo</strong></span> 
     </span>
     <span class='ocr_line' id='line_1_19' title="bbox 138 2883 1260 2977; baseline 0.002 -25"><span class='ocrx_word' id='word_1_122' title='bbox 138 2884 296 2977; x_wconf 87' lang='lat' dir='ltr'><strong>posterior</strong></span> <span class='ocrx_word' id='word_1_123' title='bbox 319 2883 461 2974; x_wconf 87' lang='lat' dir='ltr'><strong>priorem</strong></span> <span class='ocrx_word' id='word_1_124' title='bbox 486 2885 649 2953; x_wconf 82' lang='lat' dir='ltr'><strong>excludet.</strong></span> <span class='ocrx_word' id='word_1_125' title='bbox 680 2885 727 2953; x_wconf 87' lang='lat' dir='ltr'><strong>De</strong></span> <span class='ocrx_word' id='word_1_126' title='bbox 747 2908 813 2976; x_wconf 91' lang='lat' dir='ltr'><strong>quo</strong></span> <span class='ocrx_word' id='word_1_127' title='bbox 834 2886 979 2975; x_wconf 84' lang='lat' dir='ltr'><strong>generali</strong></span> <span class='ocrx_word' id='word_1_128' title='bbox 993 2886 1155 2977; x_wconf 90' lang='lat' dir='ltr'><strong>principio</strong></span> <span class='ocrx_word' id='word_1_129' title='bbox 1170 2886 1260 2954; x_wconf 88' lang='lat' dir='ltr'><strong>nulla</strong></span> 
     </span>
     <span class='ocr_line' id='line_1_20' title="bbox 138 2992 1259 3088; baseline 0.003 -27"><span class='ocrx_word' id='word_1_130' title='bbox 138 3001 185 3062; x_wconf 88' lang='lat' dir='ltr'><strong>est</strong></span> <span class='ocrx_word' id='word_1_131' title='bbox 203 2993 424 3062; x_wconf 88' lang='lat' dir='ltr'><strong>controversia</strong></span> <span class='ocrx_word' id='word_1_132' title='bbox 443 3015 502 3062; x_wconf 89' lang='lat' dir='ltr'><strong>nec</strong></span> <span class='ocrx_word' id='word_1_133' title='bbox 522 2992 706 3062; x_wconf 86' lang='lat' dir='ltr'><strong>difficultas.</strong></span> <span class='ocrx_word' id='word_1_134' title='bbox 723 2995 767 3064; x_wconf 83' lang='lat' dir='ltr'><strong>At</strong></span> <span class='ocrx_word' id='word_1_135' title='bbox 782 3017 860 3064; x_wconf 90' lang='lat' dir='ltr'><strong>vero</strong></span> <span class='ocrx_word' id='word_1_136' title='bbox 876 2995 1007 3088; x_wconf 88' lang='lat' dir='ltr'><strong>quaudo</strong></span> <span class='ocrx_word' id='word_1_137' title='bbox 1029 2997 1138 3086; x_wconf 83' lang='lat' dir='ltr'><strong>agitur</strong></span> <span class='ocrx_word' id='word_1_138' title='bbox 1151 2996 1192 3065; x_wconf 90' lang='lat' dir='ltr'><strong>de</strong></span> <span class='ocrx_word' id='word_1_139' title='bbox 1206 3019 1259 3064; x_wconf 91' lang='lat' dir='ltr'><strong>as-</strong></span> 
     </span>
     <span class='ocr_line' id='line_1_21' title="bbox 137 3103 1260 3196; baseline 0.001 -24"><span class='ocrx_word' id='word_1_140' title='bbox 137 3103 300 3193; x_wconf 84' lang='lat' dir='ltr'><strong>signando</strong></span> <span class='ocrx_word' id='word_1_141' title='bbox 320 3103 476 3194; x_wconf 89' lang='lat' dir='ltr'><strong>requisito</strong></span> <span class='ocrx_word' id='word_1_142' title='bbox 495 3111 641 3194; x_wconf 89' lang='lat' dir='ltr'><strong>tempore</strong></span> <span class='ocrx_word' id='word_1_143' title='bbox 662 3112 697 3172; x_wconf 91' lang='lat' dir='ltr'><strong>ut</strong></span> <span class='ocrx_word' id='word_1_144' title='bbox 717 3105 874 3195; x_wconf 85' lang='lat' dir='ltr'><strong>posterior</strong></span> <span class='ocrx_word' id='word_1_145' title='bbox 895 3103 1096 3174; x_wconf 90' lang='lat' dir='ltr'><strong>cousuetudo</strong></span> <span class='ocrx_word' id='word_1_146' title='bbox 1116 3105 1260 3196; x_wconf 87' lang='lat' dir='ltr'><strong>priorem</strong></span> 
     </span>
     <span class='ocr_line' id='line_1_22' title="bbox 138 3211 1260 3304; baseline 0.002 -26"><span class='ocrx_word' id='word_1_147' title='bbox 138 3213 259 3298; x_wconf 86' lang='lat' dir='ltr'><strong>vincat,</strong></span> <span class='ocrx_word' id='word_1_148' title='bbox 286 3233 351 3278; x_wconf 90' lang='lat' dir='ltr'><strong>non</strong></span> <span class='ocrx_word' id='word_1_149' title='bbox 370 3211 417 3278; x_wconf 88' lang='lat' dir='ltr'><strong>ite</strong></span> <span class='ocrx_word' id='word_1_150' title='bbox 437 3233 488 3279; x_wconf 89' lang='lat' dir='ltr'><strong>res</strong></span> <span class='ocrx_word' id='word_1_151' title='bbox 503 3219 598 3302; x_wconf 90' lang='lat' dir='ltr'><strong>patet.</strong></span> <span class='ocrx_word' id='word_1_152' title='bbox 621 3212 750 3304; x_wconf 83' lang='lat' dir='ltr'><strong>Duplex</strong></span> <span class='ocrx_word' id='word_1_153' title='bbox 775 3213 933 3303; x_wconf 84' lang='lat' dir='ltr'><strong>distingui</strong></span> <span class='ocrx_word' id='word_1_154' title='bbox 947 3221 1052 3304; x_wconf 90' lang='lat' dir='ltr'><strong>potest</strong></span> <span class='ocrx_word' id='word_1_155' title='bbox 1072 3235 1165 3280; x_wconf 87' lang='lat' dir='ltr'><strong>casus</strong></span> <span class='ocrx_word' id='word_1_156' title='bbox 1184 3212 1260 3280; x_wconf 90' lang='lat' dir='ltr'><strong>:vel</strong></span> 
     </span>
     <span class='ocr_line' id='line_1_23' title="bbox 138 3321 1259 3414; baseline 0 -24"><span class='ocrx_word' id='word_1_157' title='bbox 138 3323 227 3390; x_wconf 90' lang='lat' dir='ltr'><strong>euim</strong></span> <span class='ocrx_word' id='word_1_158' title='bbox 250 3321 448 3390; x_wconf 89' lang='lat' dir='ltr'><strong>consuetudo</strong></span> <span class='ocrx_word' id='word_1_159' title='bbox 474 3322 564 3412; x_wconf 91' lang='lat' dir='ltr'><strong>prior</strong></span> <span class='ocrx_word' id='word_1_160' title='bbox 589 3331 658 3390; x_wconf 87' lang='lat' dir='ltr'><strong>eret</strong></span> <span class='ocrx_word' id='word_1_161' title='bbox 668 3335 791 3414; x_wconf 80' lang='lat' dir='ltr'><strong>prester</strong></span> <span class='ocrx_word' id='word_1_162' title='bbox 798 3324 859 3414; x_wconf 88' lang='lat' dir='ltr'><strong>jus</strong></span> <span class='ocrx_word' id='word_1_163' title='bbox 875 3344 1060 3410; x_wconf 89' lang='lat' dir='ltr'><strong>commune,</strong></span> <span class='ocrx_word' id='word_1_164' title='bbox 1077 3321 1130 3390; x_wconf 89' lang='lat' dir='ltr'><strong>vel</strong></span> <span class='ocrx_word' id='word_1_165' title='bbox 1145 3333 1259 3390; x_wconf 83' lang='lat' dir='ltr'><strong>coctrn</strong></span> 
     </span>
     <span class='ocr_line' id='line_1_24' title="bbox 137 3429 1259 3524; baseline 0.001 -28"><span class='ocrx_word' id='word_1_166' title='bbox 137 3429 226 3498; x_wconf 91' lang='lat' dir='ltr'><strong>idem</strong></span> <span class='ocrx_word' id='word_1_167' title='bbox 243 3429 310 3519; x_wconf 88' lang='lat' dir='ltr'><strong>jue.</strong></span> <span class='ocrx_word' id='word_1_168' title='bbox 330 3429 458 3511; x_wconf 85' lang='lat' dir='ltr'><strong>Quanto</strong></span> <span class='ocrx_word' id='word_1_169' title='bbox 480 3437 625 3520; x_wconf 89' lang='lat' dir='ltr'><strong>tempore</strong></span> <span class='ocrx_word' id='word_1_170' title='bbox 639 3431 673 3498; x_wconf 93' lang='lat' dir='ltr'><strong>in</strong></span> <span class='ocrx_word' id='word_1_171' title='bbox 695 3438 832 3521; x_wconf 88' lang='lat' dir='ltr'><strong>utroque</strong></span> <span class='ocrx_word' id='word_1_172' title='bbox 846 3454 923 3500; x_wconf 87' lang='lat' dir='ltr'><strong>cusu</strong></span> <span class='ocrx_word' id='word_1_173' title='bbox 936 3453 995 3524; x_wconf 89' lang='lat' dir='ltr'><strong>per</strong></span> <span class='ocrx_word' id='word_1_174' title='bbox 1009 3430 1259 3522; x_wconf 86' lang='lat' dir='ltr'><strong>subsequentem</strong></span> 
     </span>
     <span class='ocr_line' id='line_1_25' title="bbox 138 3535 1258 3630; baseline 0.002 -24"><span class='ocrx_word' id='word_1_175' title='bbox 138 3537 336 3606; x_wconf 82' lang='lat' dir='ltr'><strong>contrariam</strong></span> <span class='ocrx_word' id='word_1_176' title='bbox 379 3535 646 3607; x_wconf 86' lang='lat' dir='ltr'><strong>consuetudinem</strong></span> <span class='ocrx_word' id='word_1_177' title='bbox 690 3538 876 3608; x_wconf 86' lang='lat' dir='ltr'><strong>destruetur</strong></span> <span class='ocrx_word' id='word_1_178' title='bbox 915 3539 1005 3630; x_wconf 92' lang='lat' dir='ltr'><strong>prior</strong></span> <span class='ocrx_word' id='word_1_179' title='bbox 1046 3539 1258 3625; x_wconf 89' lang='lat' dir='ltr'><strong>consuetudo,</strong></span> 
     </span>
     <span class='ocr_line' id='line_1_26' title="bbox 139 3665 356 3736; baseline 0.005 -26"><span class='ocrx_word' id='word_1_180' title='bbox 139 3665 356 3736; x_wconf 78' lang='lat' dir='ltr'><strong>inquiramus.</strong></span> 
     </span>
    </p>

    <p class='ocr_par' dir='ltr' id='par_1_6' title="bbox 138 3750 1261 4277">
     <span class='ocr_line' id='line_1_27' title="bbox 183 3750 1261 3846; baseline 0.004 -26"><span class='ocrx_word' id='word_1_181' title='bbox 183 3752 223 3820; x_wconf 92' lang='lat' dir='ltr'><strong>ll.</strong></span> <span class='ocrx_word' id='word_1_182' title='bbox 248 3750 283 3819; x_wconf 91' lang='lat' dir='ltr'><strong>Si</strong></span> <span class='ocrx_word' id='word_1_183' title='bbox 309 3753 399 3843; x_wconf 90' lang='lat' dir='ltr'><strong>prior</strong></span> <span class='ocrx_word' id='word_1_184' title='bbox 419 3753 619 3824; x_wconf 90' lang='lat' dir='ltr'><strong>consuetudo</strong></span> <span class='ocrx_word' id='word_1_185' title='bbox 643 3767 691 3822; x_wconf 90' lang='lat' dir='ltr'><strong>est</strong></span> <span class='ocrx_word' id='word_1_186' title='bbox 717 3763 836 3846; x_wconf 81' lang='lat' dir='ltr'><strong>praeter</strong></span> <span class='ocrx_word' id='word_1_187' title='bbox 860 3754 928 3845; x_wconf 88' lang='lat' dir='ltr'><strong>jus,</strong></span> <span class='ocrx_word' id='word_1_188' title='bbox 957 3753 1105 3823; x_wconf 88' lang='lat' dir='ltr'><strong>sufficere</strong></span> <span class='ocrx_word' id='word_1_189' title='bbox 1131 3753 1261 3824; x_wconf 88' lang='lat' dir='ltr'><strong>videtur</strong></span> 
     </span>
     <span class='ocr_line' id='line_1_28' title="bbox 138 3858 1260 3952; baseline 0.005 -26"><span class='ocrx_word' id='word_1_190' title='bbox 138 3858 332 3928; x_wconf 87' lang='lat' dir='ltr'><strong>decennium</strong></span> <span class='ocrx_word' id='word_1_191' title='bbox 351 3868 387 3928; x_wconf 93' lang='lat' dir='ltr'><strong>ut</strong></span> <span class='ocrx_word' id='word_1_192' title='bbox 409 3883 468 3952; x_wconf 92' lang='lat' dir='ltr'><strong>per</strong></span> <span class='ocrx_word' id='word_1_193' title='bbox 491 3883 610 3930; x_wconf 85' lang='lat' dir='ltr'><strong>novam</strong></span> <span class='ocrx_word' id='word_1_194' title='bbox 638 3860 907 3931; x_wconf 89' lang='lat' dir='ltr'><strong>consuetudinem</strong></span> <span class='ocrx_word' id='word_1_195' title='bbox 928 3861 1115 3952; x_wconf 82' lang='lat' dir='ltr'><strong>abrogetur.</strong></span> <span class='ocrx_word' id='word_1_196' title='bbox 1137 3863 1260 3932; x_wconf 89' lang='lat' dir='ltr'><strong>-De-</strong></span> 
     </span>
     <span class='ocr_line' id='line_1_29' title="bbox 139 3966 1259 4061; baseline 0.002 -25"><span class='ocrx_word' id='word_1_197' title='bbox 139 3966 254 4036; x_wconf 90' lang='lat' dir='ltr'><strong>cennio</strong></span> <span class='ocrx_word' id='word_1_198' title='bbox 281 3967 368 4034; x_wconf 91' lang='lat' dir='ltr'><strong>euim</strong></span> <span class='ocrx_word' id='word_1_199' title='bbox 393 3991 474 4059; x_wconf 93' lang='lat' dir='ltr'><strong>opus</strong></span> <span class='ocrx_word' id='word_1_200' title='bbox 498 3968 560 4036; x_wconf 90' lang='lat' dir='ltr'><strong>fuit</strong></span> <span class='ocrx_word' id='word_1_201' title='bbox 585 3967 688 4059; x_wconf 89' lang='lat' dir='ltr'><strong>priori</strong></span> <span class='ocrx_word' id='word_1_202' title='bbox 712 3969 754 4038; x_wconf 88' lang='lat' dir='ltr'><strong>ad</strong></span> <span class='ocrx_word' id='word_1_203' title='bbox 770 3968 837 4037; x_wconf 89' lang='lat' dir='ltr'><strong>vim</strong></span> <span class='ocrx_word' id='word_1_204' title='bbox 855 3969 939 4060; x_wconf 82' lang='lat' dir='ltr'><strong>legis</strong></span> <span class='ocrx_word' id='word_1_205' title='bbox 961 3969 1206 4061; x_wconf 84' lang='lat' dir='ltr'><strong>acquirendam,</strong></span> <span class='ocrx_word' id='word_1_206' title='bbox 1222 3977 1259 4038; x_wconf 94' lang='lat' dir='ltr'><strong>ut</strong></span> 
     </span>
     <span class='ocr_line' id='line_1_30' title="bbox 138 4069 1258 4170; baseline 0.004 -28"><span class='ocrx_word' id='word_1_207' title='bbox 138 4095 240 4166; x_wconf 90' lang='lat' dir='ltr'><strong>supra</strong></span> <span class='ocrx_word' id='word_1_208' title='bbox 267 4073 412 4144; x_wconf 87' lang='lat' dir='ltr'><strong>vidimus</strong></span> <span class='ocrx_word' id='word_1_209' title='bbox 431 4104 438 4144; x_wconf 75' lang='grc' dir='ltr'><strong>ι</strong></span> <span class='ocrx_word' id='word_1_210' title='bbox 454 4097 552 4168; x_wconf 89' lang='lat' dir='ltr'><strong>porro</strong></span> <span class='ocrx_word' id='word_1_211' title='bbox 582 4099 647 4146; x_wconf 91' lang='lat' dir='ltr'><strong>uon</strong></span> <span class='ocrx_word' id='word_1_212' title='bbox 677 4076 806 4145; x_wconf 91' lang='lat' dir='ltr'><strong>videtur</strong></span> <span class='ocrx_word' id='word_1_213' title='bbox 836 4069 940 4168; x_wconf 85' lang='lat' dir='ltr'><strong>magis</strong></span> <span class='ocrx_word' id='word_1_214' title='bbox 968 4077 1166 4168; x_wconf 82' lang='lat' dir='ltr'><strong>exigendum</strong></span> <span class='ocrx_word' id='word_1_215' title='bbox 1197 4101 1258 4170; x_wconf 90' lang='lat' dir='ltr'><strong>pro</strong></span> 
     </span>
     <span class='ocr_line' id='line_1_31' title="bbox 139 4184 1260 4277; baseline 0.004 -25"><span class='ocrx_word' id='word_1_216' title='bbox 139 4184 311 4276; x_wconf 90' lang='lat' dir='ltr'><strong>posteriori</strong></span> <span class='ocrx_word' id='word_1_217' title='bbox 333 4193 369 4254; x_wconf 93' lang='lat' dir='ltr'><strong>ut</strong></span> <span class='ocrx_word' id='word_1_218' title='bbox 390 4193 420 4254; x_wconf 90' lang='lat' dir='ltr'><strong>et</strong></span> <span class='ocrx_word' id='word_1_219' title='bbox 444 4185 516 4276; x_wconf 91' lang='lat' dir='ltr'><strong>ipsa</strong></span> <span class='ocrx_word' id='word_1_220' title='bbox 534 4185 603 4253; x_wconf 89' lang='lat' dir='ltr'><strong>vim</strong></span> <span class='ocrx_word' id='word_1_221' title='bbox 619 4184 774 4276; x_wconf 87' lang='lat' dir='ltr'><strong>acquiret.</strong></span> <span class='ocrx_word' id='word_1_222' title='bbox 794 4185 892 4254; x_wconf 89' lang='lat' dir='ltr'><strong>Nulla</strong></span> <span class='ocrx_word' id='word_1_223' title='bbox 906 4185 993 4256; x_wconf 90' lang='lat' dir='ltr'><strong>enim</strong></span> <span class='ocrx_word' id='word_1_224' title='bbox 1009 4194 1057 4263; x_wconf 86' lang='lat' dir='ltr'><strong>est</strong></span> <span class='ocrx_word' id='word_1_225' title='bbox 1072 4186 1156 4255; x_wconf 88' lang='lat' dir='ltr'><strong>ratio</strong></span> <span class='ocrx_word' id='word_1_226' title='bbox 1172 4208 1260 4277; x_wconf 73' lang='lat' dir='ltr'><strong>prar-</strong></span> 
     </span>
    </p>
   </div>
   <div class='ocr_carea' id='block_1_6' title="bbox 0 0 1542 4948">
    <p class='ocr_par' dir='ltr' id='par_1_7' title="bbox 0 0 1542 4948">
     <span class='ocr_line' id='line_1_32' title="bbox 0 0 1542 4948; baseline 0 0"><span class='ocrx_word' id='word_1_227' title='bbox 0 0 1542 4948; x_wconf 95' lang='lat' dir='ltr'><strong> </strong></span> 
     </span>
    </p>
   </div>
  </div>
 </body>
</html>
